1734 2784
216 144 299 203 2.⁰)
332 145 406 198 Ea,
442 161 550 204 quae
582 145 633 190 ad
668 144 932 204 probandam
964 158 1294 204 praeceptorum
1343 157 1521 188 natura-

89 213 204 275 lium
236 215 528 259 invincibilem
561 217 850 273 ignorantiam
884 233 935 259 ex
967 215 1251 274 quarumdam
1294 216 1520 260 nationum

98 285 276 331 historia
312 287 525 345 perhiberi
557 287 712 346 solent,
735 287 801 332 vel
835 300 881 331 ut
914 287 1015 331 falsa
1048 287 1278 331 reiicienda
1310 299 1425 341 sunt,
1453 286 1521 330 vel

97 357 388 414 ignorantiam
423 359 656 403 ostendunt
692 359 958 418 culpabilem,
990 359 1057 403 vel
1099 371 1290 417 spectant
1337 358 1524 402 mediata

102 429 216 472 tertii
249 429 411 474 ordinis
444 443 679 489 praecepta,
704 431 770 475 vel
792 432 937 489 potius
971 431 1269 475 demonstrant
1302 442 1526 489 praecepta

102 501 192 558 ipsa
219 509 293 558 per
324 517 362 545 se
396 503 586 561 inspecta
617 503 746 546 fuisse
779 503 828 547 ab
877 504 957 546 illis
991 503 1187 560 gentibus
1228 504 1413 560 cognita,
1447 501 1524 544 sed

98 586 323 629 perperam
347 572 479 616 fuisse
502 573 553 617 ad
578 590 696 617 casus
720 574 993 632 particulares
1017 574 1235 632 applicata.
1260 573 1370 616 Illud
1393 573 1521 616 etiam

99 654 214 695 nota,
248 642 362 686 aliud
386 660 478 687 esse
512 644 892 702 legemignorare,
915 645 1028 688 aliud
1052 661 1143 688 eam
1167 657 1256 687 tam
1280 644 1523 701 frequenter

101 725 141 756 et
174 712 292 757 facile
324 715 482 759 violare
517 732 564 759 ac
597 717 630 759 si
665 718 813 773 ignota
847 730 956 760 esset
984 716 1050 760 vel
1082 733 1169 759 non
1202 717 1414 760 existeret:
1439 714 1523 757 hoc

100 784 280 828 alterum
313 789 618 832 tantummodo
654 789 841 832 ostendit
884 790 1105 832 veritatem
1154 788 1254 831 dicti
1291 787 1401 830 illius
1435 785 1520 845 (1):

107 874 126 897 «
159 857 301 900 Video
334 858 512 902 meliora
544 860 785 918 proboque,
821 859 1030 904 deteriora
1066 876 1280 917 sequor.»

222 929 302 988 3.⁰)
335 932 391 974 At
423 932 554 989 enim,
587 931 713 975 obiici
745 932 918 975 tandem
952 945 1113 989 posset,
1145 933 1179 973 si
1212 932 1279 974 lex
1321 928 1520 972 naturalis

101 1012 181 1053 est,
216 1014 261 1043 ut
295 1001 586 1060 probavimus,
610 1003 767 1062 absque
801 1003 888 1047 ullo
912 1016 1087 1047 externo
1121 1005 1246 1060 signo
1271 1018 1344 1060 per
1378 1002 1522 1059 ipsum

102 1072 292 1115 naturale
325 1075 500 1117 rationis
534 1075 679 1118 lumen
715 1075 1015 1132 cognoscibilis
1050 1091 1094 1118 ac
1143 1086 1373 1132 perspecta,
1406 1089 1521 1130 quo-

102 1156 201 1185 nam
234 1157 357 1200 pacto
390 1158 452 1188 est
486 1160 587 1189 Vere
610 1147 870 1204 proprieque
892 1146 992 1189 lex?
1026 1148 1184 1190 Nonne
1209 1146 1245 1187 ei
1271 1145 1387 1187 deest
1424 1159 1522 1200 pro-

103 1215 330 1272 mulgatio,
367 1233 494 1275 quam
542 1229 685 1260 tamen
735 1217 920 1261 diximus
971 1234 1062 1260 esse
1111 1216 1162 1260 de
1206 1217 1369 1259 ratione
1402 1215 1525 1272 legis,

104 1289 354 1343 praesertim
387 1290 554 1347 passive
587 1302 797 1347 spectatae
830 1291 872 1331 in
895 1302 1007 1332 statu
1032 1291 1256 1344 exteriore,
1281 1286 1523 1330 cuiusmodi

104 1373 203 1401 sane
227 1372 289 1402 est
310 1359 376 1403 lex
399 1360 599 1404 naturalis
618 1362 633 1404 ?
651 1387 707 1393 —
733 1379 753 1401 «
773 1360 1119 1413 Observandum,
1156 1359 1386 1417 respondet
1421 1359 1527 1401 Sua-

104 1444 172 1473 rez
205 1430 301 1489 (2),
334 1432 730 1490 promulgationem
779 1431 896 1475 aliter
945 1433 988 1474 in
1035 1430 1214 1474 naturali
1246 1430 1358 1487 lege,
1408 1430 1525 1472 aliter

105 1517 207 1545 vero
241 1503 282 1545 in
316 1505 499 1561 positiva
532 1505 704 1562 requiri.
740 1504 852 1547 Nam
889 1505 930 1545 in
964 1504 1095 1560 priori
1130 1503 1345 1545 invenitur
1383 1512 1523 1543 certus

108 1573 264 1617 modus
300 1575 660 1633 promulgationis
693 1590 715 1617 a
748 1588 896 1618 natura
931 1574 1143 1631 definitus,
1178 1575 1274 1630 quia
1308 1573 1417 1616 sicut
1460 1571 1529 1614 illa

106 1646 172 1688 lex
205 1647 404 1690 naturalis
439 1660 519 1701 est,
554 1649 608 1691 ita
642 1664 692 1691 ex
726 1664 769 1690 se
803 1646 1057 1690 determinat
1092 1646 1360 1689 conditiones
1407 1645 1528 1700 legis.

107 1720 412 1778 Promulgatur
445 1736 548 1778 ergo
583 1721 731 1778 eoipso
756 1720 874 1777 quod
907 1735 928 1761 a
959 1731 1105 1761 natura
1128 1719 1218 1775 ipsa
1240 1730 1392 1760 manati
1425 1717 1528 1761 Ori-

107 1803 176 1834 tur
208 1794 321 1836 enim
356 1809 406 1835 ex
439 1791 630 1850 specifica
664 1793 827 1834 ratione
869 1790 961 1833 talis
995 1802 1183 1847 naturae,
1217 1803 1257 1832 et
1292 1789 1388 1832 ideo
1433 1788 1530 1830 licet

109 1864 400 1922 promulgatio
434 1864 503 1907 fiat
536 1865 578 1906 in
612 1863 807 1920 singulis,
832 1878 919 1905 non
954 1874 1148 1905 censetur
1171 1878 1263 1904 esse
1288 1861 1528 1919 propositio

108 1936 386 1994 particularis,
420 1936 495 1979 sed
529 1936 774 1979 communis
808 1949 891 1976 vox
924 1935 1058 1977 totius
1092 1946 1263 1976 naturae
1296 1932 1361 1976 vel
1385 1933 1528 1990 potius

110 2010 296 2052 auctoris
331 2009 436 2064 eius,
471 2009 568 2066 quia
601 2008 697 2050 licet
730 2006 930 2063 loquatur
953 2005 1003 2048 ad
1028 2005 1237 2063 singulos,
1270 2005 1459 2062 loquitur
1482 2015 1528 2046 ut

110 2095 294 2138 persona
326 2079 505 2138 publica,
540 2080 637 2137 quia
669 2078 859 2135 loquitur
882 2090 928 2120 ut
950 2089 1097 2120 auctor
1131 2077 1264 2134 ipsius
1298 2088 1522 2118 naturae.»

231 2152 373 2194 Dices:
409 2166 512 2207 ergo
546 2149 664 2193 deest
699 2148 799 2192 liber
845 2164 919 2192 seu
952 2148 1089 2203 codex,
1126 2149 1167 2190 in
1202 2162 1287 2205 quo
1320 2146 1386 2189 lex
1430 2146 1531 2189 haec

110 2221 312 2265 naturalis
346 2222 399 2264 sit
433 2222 624 2279 scripta?
658 2220 826 2265 Scilicet
860 2219 1082 2264 meliorem
1108 2236 1152 2262 ac
1176 2219 1531 2277 praestantiorem

209 2455 266 2500 (ι)
296 2455 401 2491 Ovid.
430 2456 516 2490 Met.
543 2455 622 2490 VII.
655 2464 708 2499 17.

212 2515 270 2560 (2)
297 2516 353 2550 De
380 2515 451 2561 leg.
479 2515 500 2549 l.
529 2514 553 2548 Ι.
581 2526 611 2548 c.
644 2524 695 2548 11.
723 2525 757 2547 n.
785 2523 820 2555 4.
