1734 2784
132 221 408 266 beatitudinis
440 219 632 265 formalis
666 219 915 278 reponenda
949 231 1011 263 est
1044 219 1086 261 in
1121 218 1194 260 illo
1228 230 1337 274 actu,
1366 218 1437 275 qui
1461 221 1566 275 jor-

134 294 296 337 maliter
317 306 381 336 est
403 292 653 336 consecutio
675 291 771 334 finis
795 291 951 348 ultimi,
976 306 1052 333 seu
1088 288 1260 346 adeptio
1283 290 1364 332 Dei
1398 289 1562 331 summi

131 363 245 407 boni.
277 363 412 422 Atqui
443 362 584 406 nullus
619 374 681 406 est
714 377 830 405 actus
854 361 1105 413 voluntatis,
1132 361 1203 417 qui
1237 359 1472 402 formaliter
1507 360 1563 402 sit

131 435 305 493 adeptio
338 435 500 478 summi
532 435 655 477 Boni.
691 434 805 490 Ergo
839 433 1022 476 essentia
1055 431 1330 475 beatitudinis
1365 430 1561 474 formalis

132 504 377 563 reponenda
409 520 497 548 non
531 518 594 548 est
627 505 670 547 in
703 516 797 547 actu
848 504 1098 547 Voluntatis.
1151 504 1298 546 Minor
1348 502 1569 559 probatur.

132 579 266 621 Actus
299 576 530 620 voluntatis
564 589 628 619 est
664 576 729 619 vel
753 575 1069 634 prosecutionis
1093 574 1211 626 boni,
1236 573 1302 617 vel
1325 574 1563 617 aversionis

131 664 156 692 a
188 648 316 705 malo,
351 649 376 692 i.
410 665 445 691 e.
478 647 544 691 vel
577 663 698 690 amor
733 647 798 690 vel
832 647 997 690 odium.
1034 648 1100 689 De
1144 645 1247 689 odio
1282 662 1369 688 non
1418 658 1560 703 potest

133 719 203 763 hic
225 736 318 763 esse
340 720 549 778 quaestio,
573 721 705 763 Actus
734 735 835 762 vero
861 719 1177 776 prosecutionis
1201 718 1301 761 boni
1332 730 1401 760 aut
1424 717 1565 760 tendit

132 793 176 834 in
208 790 371 835 bonum
404 791 569 845 absens,
603 804 644 835 et
679 804 740 833 est
773 790 1013 833 dssiderium
1047 790 1113 833 vel
1146 799 1242 847 spes,
1268 803 1338 832 aut
1362 788 1493 832 fertur
1518 790 1559 831 in

130 862 296 906 bonum
329 878 544 920 praesens,
579 875 618 906 et
652 875 715 905 est
745 862 959 919 gandimn,
994 874 1064 904 aut
1098 860 1353 918 praescindit
1386 877 1407 903 a
1442 876 1559 918 prate-

132 935 266 978 sentia
298 934 364 977 Vel
396 933 596 990 absentia,
630 947 670 976 et
704 946 766 976 est
798 934 1097 991 complacentia.
1134 933 1265 990 Atqui
1301 931 1440 974 nullus
1477 932 1563 974 ho-

132 1022 230 1049 rum
264 1019 436 1049 actuum
469 1018 534 1048 est
558 1005 798 1063 formaliter
823 1006 1071 1047 consecutio
1096 1004 1189 1047 finis
1214 1004 1367 1047 ultimi.
1388 1005 1557 1047 Etenim

133 1076 376 1120 desiderium
399 1089 439 1120 et
461 1085 550 1134 spes
574 1088 730 1133 negant
754 1092 828 1118 seu
854 1075 1084 1118 excludunt
1109 1076 1458 1118 consecutionem
1478 1073 1568 1132 (Ι),

125 1148 324 1206 gandium
364 1149 568 1206 snpponit
612 1148 963 1191 consecutionem
1013 1147 1116 1205 (2),
1161 1147 1443 1204 coiiiplzzcelzlicz
1485 1162 1560 1189 seu

131 1235 268 1276 amor,
301 1233 427 1277 prout
461 1232 524 1262 est
559 1219 778 1277 peculiaris
814 1232 960 1275 actus,
1009 1234 1145 1275 neque
1195 1217 1380 1260 excludit
1423 1232 1562 1275 neque

129 1291 336 1348 supponit
354 1292 719 1343 consecutionem,
740 1289 813 1333 sed
833 1289 1087 1347 praescindit
1104 1306 1125 1331 zi
1145 1289 1451 1331 consecutione
1471 1288 1555 1346 (3).

130 1362 246 1418 Ergo
279 1361 421 1404 nullus
454 1374 517 1405 est
541 1374 657 1404 actus
681 1361 931 1417 Voluntatis,
950 1362 1021 1418 qui
1047 1360 1282 1403 formaliter
1307 1361 1359 1401 sit
1384 1359 1557 1417 adeptio

128 1431 225 1476 finis
260 1432 412 1477 ultimi.
448 1434 595 1478 Restat
628 1434 758 1490 igitur
801 1445 941 1475 :ictum
991 1431 1231 1474 intellectus
1281 1448 1371 1475 esse
1416 1445 1558 1475 actum

129 1503 265 1558 illum,
299 1505 371 1562 qui
405 1503 642 1547 formaliter
676 1517 739 1547 est
774 1505 990 1561 possessio
1018 1505 1114 1559 Dei,
1140 1520 1184 1546 ac
1211 1503 1392 1560 proinde
1416 1517 1557 1546 :ictum

128 1575 265 1633 illum,
298 1577 341 1619 in
375 1592 461 1634 quo
495 1589 557 1619 est
582 1575 825 1633 reponenda
850 1577 1030 1619 essentia
1057 1576 1325 1618 beatitudinis
1351 1576 1553 1620 formalis.

191 1810 199 1815 J
224 1773 281 1818 (1)
313 1787 328 1802 «
348 1771 582 1807 Manifestum
611 1783 675 1813 est,
703 1773 750 1807 ait
779 1784 802 1807 s,
832 1772 1006 1813 Thomas,
1033 1773 1067 1806 in
1101 1784 1126 1806 1,
1158 1784 1187 1807 2.
1216 1785 1247 1819 q.
1279 1784 1307 1818 3.
1337 1782 1430 1815 214„
1461 1772 1559 1818 quod

129 1833 246 1878 ipsum
273 1831 471 1866 desiderium
499 1832 578 1867 finis
606 1844 679 1866 non
708 1840 758 1867 est
798 1832 1010 1866 consecutio
1052 1832 1148 1874 finis,
1176 1833 1236 1867 sed
1278 1841 1329 1866 est
1369 1838 1475 1866 molus
1515 1832 1558 1867 ad

129 1891 248 1938 ipsum,
271 1905 289 1923 ι)

224 1949 282 1994 (2)
313 1962 331 1981 «
347 1949 537 1984 Delectalio
557 1949 700 1984 advenit
718 1950 895 1985 voluntati
917 1962 958 1984 ex
976 1950 1044 1984 hoc
1073 1953 1167 1996 quod
1197 1951 1277 1984 sinis
1306 1960 1356 1985 est
1379 1963 1560 1997 praesens,

126 2018 202 2041 non
228 2016 348 2042 autem
376 2020 394 2042 e
420 2019 597 2042 converso
626 2020 667 2042 ex
706 2008 775 2042 hoc
805 2008 936 2054 aliquid
979 2009 1015 2043 fit
1044 2021 1227 2054 praesens,
1265 2011 1347 2056 quia
1390 2010 1558 2045 voluntas

127 2067 326 2101 delectatur
353 2068 387 2101 in
415 2068 506 2114 ipso,
535 2067 691 2113 Oportet
721 2068 828 2113 igitur
867 2069 1002 2113 aliquid
1044 2069 1138 2102 aliud
1170 2080 1260 2107 esse,
1291 2081 1396 2115 quam
1437 2079 1559 2104 actum

126 2127 338 2169 voluntatis,
368 2139 430 2173 per
457 2127 552 2174 quod
581 2127 623 2162 sit
651 2128 730 2161 finis
759 2130 833 2173 ipse
865 2141 1032 2174 praesens
1061 2129 1287 2164 voluntati.»
1318 2130 1370 2163 Ita
1397 2142 1422 2163 s.
1451 2130 1557 2164 Tho-

130 2197 208 2220 mas
236 2185 316 2220 loco
346 2187 406 2221 cit.

223 2245 280 2289 (3)
310 2257 328 2276 «
348 2246 474 2279 Amare
500 2245 609 2279 etiam
637 2256 710 2279 non
739 2254 858 2290 potest
885 2258 963 2281 esse
990 2247 1138 2281 ultimus
1166 2247 1257 2289 finis3
1290 2257 1429 2282 amatur
1458 2249 1556 2281 enim

123 2305 266 2338 bonum
293 2316 367 2338 non
395 2305 514 2339 solum
543 2304 687 2350 quando
715 2305 876 2346 liabetur,
898 2306 958 2341 sed
989 2308 1100 2341 etiam
1130 2308 1273 2353 quando
1295 2319 1368 2341 non
1389 2307 1554 2348 liabetur,

128 2374 171 2397 ex
197 2374 322 2397 amore
349 2364 446 2398 enim
474 2372 536 2405 est,
564 2364 657 2409 quod
698 2376 770 2398 non
799 2364 961 2399 habitum
1001 2366 1178 2400 desiderio
1221 2376 1422 2411 quaeratur]
1454 2375 1486 2400 et
1527 2366 1555 2399 si

127 2432 232 2456 amor
259 2423 329 2456 iam
357 2422 468 2456 habiti
497 2422 690 2468 perfectior
717 2424 772 2465 sit,
801 2424 869 2458 hoc
897 2434 1065 2459 causatur
1110 2439 1149 2459 ex
1177 2425 1257 2467 hoc,
1286 2425 1380 2471 quod
1419 2426 1556 2459 bonum

126 2491 286 2517 amatum
315 2483 477 2525 habetur3
501 2483 595 2516 aliud
624 2492 675 2518 est
696 2484 802 2529 igitur
828 2484 959 2519 habere
978 2486 1127 2527 bonum,
1148 2486 1242 2531 quod
1263 2495 1314 2520 est
1336 2485 1428 2527 sinis,
1449 2496 1556 2531 quam

124 2552 261 2584 amare,
290 2541 386 2588 quid
414 2551 497 2577 ant:
524 2541 655 2577 habere
683 2551 734 2577 est
762 2543 1025 2589 imperfectum,
1044 2553 1124 2589 post
1156 2544 1284 2579 habere
1312 2544 1559 2589 perfectum.»

126 2599 179 2635 Ita
206 2611 233 2634 s.
261 2601 437 2643 Thomas,
466 2612 582 2638 contr.
613 2602 719 2637 Gent.
748 2601 806 2636 lib.
834 2603 895 2636 111.
928 2614 1004 2648 cap.
1034 2602 1088 2637 26.
