1734 2784
304 203 418 244 llaec
468 215 598 257 porro
649 202 905 244 conscientia
956 200 1205 245 antecedens
1254 203 1406 246 iterum
1457 202 1605 248 subdi-

184 274 339 317 viditur
384 275 426 316 in
460 268 760 316 conscientiam
798 275 1144 331 praecipientem,
1175 275 1449 332 prohibentem
1471 311 1483 328 ,
1513 284 1605 333 per-

183 349 412 402 mittente-112,
433 345 666 389 suadentem
701 345 979 389 conformiter
1010 346 1059 389 ad
1095 362 1156 400 ea,
1178 362 1282 405 quae
1306 348 1502 405 superius
1534 347 1605 407 (1)

184 419 367 462 diximus
403 417 453 460 de
485 417 588 474 lege.

301 490 354 533 II.
391 489 678 542 Conscientia,
714 490 755 532 in
790 489 941 533 ordine
989 489 1040 533 ad
1085 489 1336 534 obiectivam
1384 492 1602 536 veritatem

183 563 341 616 iudicii,
375 561 579 605 dividitur
611 562 653 604 in
689 571 832 606 rectam
865 573 905 605 et
939 577 1146 606 erroneam
1178 562 1262 622 (2).
1288 588 1343 597 —
1378 564 1450 608 Est
1482 572 1604 622 recta,

183 636 352 695 quando
386 635 543 679 iudicat
575 634 616 677 id
660 650 750 678 esse
783 634 947 677 licitum
982 646 1053 677 aut
1086 634 1296 692 illicitum,
1331 634 1447 694 quod
1489 634 1605 679 obie-

183 710 289 752 ctive
314 720 353 751 et
377 708 515 766 reipsa
536 706 700 750 licitum
727 718 796 749 aut
821 705 1015 749 illicitum
1041 719 1116 749 est.
1146 706 1274 750 Tunc
1296 718 1439 750 autem
1463 722 1537 765 per
1559 722 1604 750 se

181 779 222 823 id
256 780 483 837 contingit,
519 778 688 837 quando
724 777 824 821 haec
858 776 944 820 duo
978 776 1202 830 habentur,
1235 792 1388 836 nempe
1432 777 1603 836 quando

182 852 515 896 ratiocinationis
540 850 669 903 illius,
696 866 769 908 per
793 864 921 908 quam
947 849 1131 893 diximus
1154 848 1245 894 fieri
1278 849 1603 909 applicationem

188 923 292 981 legis
311 924 362 968 ad
381 939 524 967 casum
546 922 727 981 aliquem
749 921 1058 980 particularem,
1080 923 1335 980 praemissae
1354 935 1451 967 sunt
1469 938 1603 977 verae,

173 1109 290 1155 ficari,
319 1110 426 1154 ligare
454 1108 509 1143 vel
536 1109 710 1154 instigare,
752 1108 808 1142 vel
847 1110 955 1143 etiam
996 1120 1162 1151 accusare,
1185 1109 1241 1142 vel
1277 1109 1384 1144 etiam
1417 1108 1604 1144 remordere

179 1173 251 1205 sive
279 1169 524 1216 reprehendere.
564 1170 604 1203 Et
632 1169 718 1204 haec
754 1170 878 1203 omnia
924 1179 1191 1216 consequuntur
1229 1169 1508 1216 applicationem
1542 1170 1604 1205 ali-

180 1232 279 1266 cuius
306 1239 448 1265 nostrae
477 1230 701 1275 cognitionis
741 1228 796 1263 vel
826 1229 996 1264 scientiae
1035 1229 1077 1263 ad
1106 1240 1157 1272 ea,
1194 1240 1285 1276 quae
1318 1230 1472 1275 agimus.
1501 1216 1604 1273 Quae

180 1290 324 1338 quidem
353 1289 546 1336 applicatio
575 1289 612 1324 fit
642 1289 838 1334 tripliciter.
867 1289 951 1324 Uno
982 1289 1094 1324 modo
1123 1289 1325 1324 secundum
1352 1288 1447 1336 quod
1467 1300 1604 1335 cogno-

178 1351 311 1386 scimus
337 1349 470 1395 aliquid
505 1360 571 1383 nos
598 1348 725 1383 fecisse
753 1348 807 1382 vel
834 1360 908 1382 non
937 1348 1126 1384 fecisse...
1147 1358 1180 1384 et
1198 1348 1395 1384 secundum
1423 1348 1492 1383 hoc
1514 1359 1603 1383 con·

178 1410 327 1447 scientia
355 1409 481 1443 dicitur
508 1407 680 1454 testificari
699 1409 759 1453 (en
790 1408 1011 1443 conscientia
1031 1419 1239 1455 consequens,
1259 1409 1341 1443 licet
1365 1420 1438 1443 non
1459 1408 1604 1455 proprie

178 1471 348 1515 moralis).
378 1470 463 1504 Alio
491 1469 601 1503 modo
639 1469 834 1514 applicatur
862 1467 1060 1502 secundum
1089 1467 1183 1514 quod
1232 1477 1294 1514 per
1322 1476 1482 1503 nostram
1510 1473 1601 1502 conss

176 1531 360 1566 scientiam
382 1530 592 1571 iudicamus,
630 1529 763 1575 aliquid
792 1539 868 1563 esse
897 1527 1112 1571 faciendum,
1140 1537 1173 1563 et
1193 1527 1391 1562 secundum
1418 1527 1489 1561 hoc
1517 1527 1604 1562 dici—

178 1602 233 1626 tur
260 1591 480 1625 conscientia
508 1590 617 1635 ligare
647 1588 701 1622 vel
734 1588 895 1633 instigare
936 1589 997 1631 (en
1033 1587 1253 1622 conscientia
1285 1585 1485 1629 antecedens,
1514 1596 1604 1632 quae

177 1652 262 1698 ligat
289 1651 331 1684 ad
361 1650 509 1684 malum
538 1648 779 1683 omittendum
808 1649 1016 1694 bonumque
1050 1648 1294 1682 necessarium
1332 1645 1541 1692 ponendum
1569 1654 1602 1681 et

178 1711 322 1757 instigat
351 1711 391 1744 ad
425 1710 534 1750 bona,
565 1709 627 1743 etsi
656 1719 729 1742 non
759 1716 961 1753 praecepta,
1003 1717 1126 1742 tamen
1165 1706 1448 1750 convenientia).
1475 1704 1602 1740 Tertio

177 1771 287 1804 modo
315 1769 516 1815 applicatur
545 1767 742 1803 secundum
771 1767 865 1813 quod
895 1778 956 1813 per
984 1766 1245 1801 conscientiam
1268 1765 1478 1807 iudicamus,
1507 1763 1602 1810 quod

177 1830 319 1877 aliquid,
348 1830 442 1876 quod
470 1838 522 1863 est
549 1828 694 1870 factum,
724 1828 766 1862 sit
796 1829 886 1862 bene
914 1827 1049 1862 factum
1077 1826 1133 1861 vel
1159 1837 1234 1861 non
1261 1826 1352 1860 bene
1391 1823 1538 1867 factum,
1567 1819 1601 1858 et

177 1890 372 1925 secundum
400 1888 468 1923 hoc
497 1889 623 1923 dicitur
649 1887 869 1923 conscientia
899 1897 1056 1922 excusare
1095 1886 1152 1921 vel
1180 1895 1338 1921 accusare
1375 1895 1435 1919 seu
1470 1893 1600 1919 remor—

177 1938 338 1994 ἀπε-(θη
367 1948 586 1984 conscientia
614 1948 760 1983 moralis
789 1951 1009 1994 consequens).
1039 1962 1055 1978 »

272 2011 325 2053 (1)
352 2010 443 2043 Vide
469 2020 567 2043 num.
595 2018 652 2053 94.
683 2019 761 2055 pag.
794 2017 889 2050 251„
917 2017 950 2043 et
976 2018 1075 2041 num.
1110 2016 1185 2050 105.
1217 2017 1297 2052 pag.
1329 2005 1408 2050 289.

269 2070 326 2113 (2)
355 2068 463 2103 Aliud
493 2078 544 2102 est
573 2068 671 2114 loqui
698 2068 740 2101 de
770 2066 850 2113 lege
878 2067 966 2113 ipsa,
996 2066 1090 2100 aliud
1131 2066 1174 2099 de
1201 2063 1451 2110 applicatione
1483 2064 1602 2110 ipsius,

174 2128 480 2175 quemadmodum
509 2127 602 2161 aliud
634 2136 686 2161 est
716 2126 815 2173 loqui
844 2126 886 2160 de
914 2127 988 2171 ipsa
1015 2136 1158 2167 norma,
1190 2124 1285 2158 aliud
1315 2123 1357 2157 de
1385 2123 1462 2157 eius
1488 2121 1602 2169 appli—

176 2189 327 2223 catione.
354 2187 504 2229 Norma,
534 2188 560 2221 si
589 2198 716 2221 norma
746 2195 807 2227 est,
850 2194 902 2220 cst
930 2194 1034 2227 recta,
1078 2193 1197 2230 potest
1243 2192 1363 2217 tamen
1403 2193 1476 2217 non
1511 2184 1603 2216 rect'e

174 2248 357 2294 applicari:
388 2248 473 2282 item
502 2247 568 2290 lex,
597 2247 622 2281 si
645 2247 701 2281 lex
731 2255 793 2287 est,
821 2255 871 2281 est
892 2254 998 2288 recta,
1028 2254 1062 2280 et
1090 2243 1332 2278 nihilominus
1361 2249 1478 2288 potest
1508 2241 1604 2275 male

175 2307 352 2353 applicari.
373 2307 465 2342 Hinc
486 2306 715 2348 conscientia,
736 2317 809 2339 non
838 2314 957 2339 autem
991 2304 1059 2345 lex,
1082 2302 1249 2337 dividitur
1269 2303 1306 2335 in
1329 2308 1463 2335 rectam
1490 2307 1523 2334 et
1550 2310 1602 2333 er-

177 2378 333 2401 roneam.
363 2380 380 2398 «
410 2366 652 2408 Conscientia,
681 2376 717 2401 ut
744 2365 813 2400 loc.
841 2367 901 2400 cit.
936 2364 1051 2399 aiebat
1078 2364 1218 2405 Suarez,
1244 2372 1318 2396 non
1345 2360 1463 2395 solum
1490 2358 1603 2405 appli-

176 2437 254 2460 care
294 2425 384 2461 solet
410 2436 525 2460 veram
554 2426 683 2472 legem,
725 2425 785 2460 sed
826 2425 936 2460 etiam
963 2423 1212 2458 existimatam:
1253 2432 1324 2467 quo
1353 2419 1464 2454 modo
1500 2418 1601 2453 datur

175 2485 395 2519 conscientia
424 2496 581 2525 erronea3
611 2486 665 2519 lex
693 2494 813 2519 autem
841 2495 990 2519 erronea
1011 2483 1087 2517 dari
1113 2494 1186 2517 non
1208 2489 1337 2528 potest,
1358 2491 1442 2514 nam
1470 2478 1595 2524 eoipso

172 2555 249 2578 »non
276 2545 340 2578 erit
369 2542 436 2586 lex,
455 2545 548 2590 quod
576 2545 731 2578 maxime
759 2555 883 2580 verum
910 2551 961 2579 est
988 2543 1031 2577 de
1059 2542 1139 2588 lege
1165 2540 1329 2584 naturali,
1364 2549 1452 2586 quae
1477 2539 1598 2573 Deum

178 2604 284 2639 habet
312 2611 507 2638 auctorem.
537 2617 554 2636 »
967 2602 971 2603 ⁷
