1734 2784
97 202 276 265 proinde
309 207 489 264 quisque
522 206 649 249 etiam
683 218 825 264 potest
859 205 906 248 ab
958 221 1005 249 ea
1052 205 1266 250 excidere:
1302 207 1336 249 si
1369 221 1524 265 nempe

96 277 341 322 admittatur
375 276 618 321 beatitatem
656 293 748 321 esse
783 292 988 321 coronam
1025 290 1065 320 et
1097 277 1340 322 mercedem
1364 294 1385 321 a
1417 279 1528 333 Deo,

96 362 300 408 tanquam
336 349 597 406 agonotheta
631 361 670 392 et
695 350 958 406 munerario,
978 348 1296 392 retribuendam
1332 349 1429 404 illis,
1456 351 1529 408 qui

98 420 335 465 secundum
368 421 573 464 virtutem
606 422 749 465 vivant
798 422 1087 480 patienterque
1140 420 1249 465 mala
1292 422 1529 480 praesentis

97 493 208 536 vitae
241 492 440 546 tolerent,
478 492 770 551 denegandam
798 493 902 551 aliis,
928 494 1001 551 qui
1025 493 1128 536 vitia
1150 505 1379 537 sectentur.
1401 494 1531 538 Tunc

98 565 257 609 scilicet
289 566 370 610 Dei
404 567 604 624 sapientia
638 580 826 626 apparet.
865 567 1043 626 Sapiens
1079 567 1194 610 enim
1229 580 1291 610 est
1324 565 1426 611 haec
1448 567 1530 611 Dei

99 636 325 691 ordinatio,
360 653 442 695 qua
475 637 679 696 disponit,
717 638 1064 697 unumquodque
1098 654 1172 682 ens
1223 637 1352 682 finem
1401 654 1529 682 suum

99 709 290 753 obtinere
323 709 456 760 modo
499 711 831 769 proportionato
880 727 979 755 suae
1027 723 1201 754 naturae
1234 709 1330 770 (1):
1365 710 1526 754 modus

101 793 246 825 autem
280 780 498 826 obtinendi
530 781 660 826 finem
703 784 1054 841 proportionatus
1103 795 1274 826 naturae
1319 783 1429 826 entis
1463 783 1532 826 in-

99 852 327 911 telligentis
361 867 404 898 et
437 854 556 898 liberi
591 866 652 898 est
685 852 780 898 finis
815 856 1028 899 assecutio
1065 871 1141 913 per
1191 867 1307 898 actus
1350 853 1532 913 liberos,

99 925 155 968 ita
187 938 233 968 ut
267 926 317 969 ad
364 927 601 970 terminum
651 942 779 970 suum
832 943 918 970 non
968 939 1054 970 tam
1104 925 1366 984 adducatur,
1401 942 1529 985 quam

101 997 246 1055 ipsum
278 1014 322 1041 se
355 997 546 1042 adducat.
581 997 728 1042 Elucet
763 1000 845 1042 Dei
878 1000 1087 1043 sanctitas.
1123 999 1242 1042 Deus
1295 1000 1408 1042 enim
1442 999 1528 1044 ho-

101 1070 261 1113 minem
296 1071 457 1114 summi
491 1086 564 1129 spe
598 1072 774 1129 praemii
809 1070 860 1114 ad
894 1072 1097 1114 virtutem
1131 1070 1274 1124 allicit,
1315 1072 1531 1115 maximae

102 1154 218 1186 metu
253 1158 414 1201 poenae
448 1160 469 1187 a
501 1144 614 1187 vitiis
649 1142 846 1195 retrahit,
882 1144 935 1186 ita
973 1156 1016 1186 ut
1064 1142 1200 1186 homo
1249 1144 1303 1186 sit
1353 1143 1529 1202 quidem

100 1215 287 1273 physice,
320 1230 409 1258 non
444 1227 587 1259 autem
622 1216 829 1258 moraliter
878 1214 982 1258 liber
1030 1215 1079 1258 ad
1129 1215 1376 1272 eligendum
1425 1217 1535 1260 inter

103 1286 307 1330 virtutem
341 1299 381 1330 et
415 1287 584 1339 vitium,
620 1303 693 1330 seu
729 1288 836 1330 inter
871 1302 1087 1330 summam
1123 1285 1368 1330 felicitatem
1403 1288 1535 1330 maxi-

103 1373 306 1417 mamque
338 1359 569 1402 miseriam.
605 1358 802 1416 Refulget
838 1360 917 1402 Dei
953 1358 1110 1403 bonitas
1162 1371 1202 1402 et
1251 1360 1433 1405 iustitia:
1467 1359 1535 1403 illa

102 1430 145 1472 in
180 1445 350 1472 summa
382 1431 559 1488 praemii
595 1430 872 1474 retributione
896 1446 973 1488 pro
1008 1429 1147 1487 bonis,
1170 1430 1273 1474 haec
1294 1431 1337 1474 in
1371 1446 1534 1489 poenae

104 1501 366 1559 irrogatione
400 1519 478 1561 pro
511 1504 670 1561 impiis.
707 1504 807 1547 Non
851 1504 964 1546 enim
1020 1502 1154 1546 homo
1190 1504 1367 1562 impune
1400 1516 1536 1562 patrat

106 1573 296 1628 crimina,
331 1589 418 1618 non
454 1576 630 1632 impune
670 1576 765 1618 Deo
801 1574 981 1631 denegat
1015 1574 1196 1632 gloriam
1244 1575 1371 1629 illam,
1407 1591 1536 1634 quam

104 1661 178 1704 per
211 1661 404 1690 amorem
451 1660 490 1691 et
539 1646 709 1690 laudem
761 1647 797 1690 ei
843 1645 1032 1689 tribuere
1089 1646 1288 1691 deberet:
1324 1647 1536 1705 siquidem

104 1732 231 1775 quam
266 1717 448 1775 gloriam
482 1719 577 1762 Deo
613 1718 689 1761 hac
723 1720 764 1760 in
797 1719 882 1761 vita
934 1717 1173 1776 denegavit,
1224 1718 1339 1761 illam
1385 1718 1534 1762 reddet

105 1789 148 1831 in
181 1789 309 1833 altera
342 1790 441 1848 vita,
474 1791 516 1832 in
551 1806 631 1848 qua
674 1791 879 1833 nimirum
932 1806 953 1832 a
1000 1789 1258 1834 beatitudine
1308 1790 1505 1834 excidens
1526 1828 1536 1845 ‚

106 1861 250 1920 sicque
285 1863 514 1906 maximam
548 1863 766 1906 incurrens
812 1877 1027 1920 poenam,
1065 1861 1250 1906 divinam
1303 1863 1344 1905 in
1394 1863 1536 1921 seipso

106 1948 271 1992 suoque
305 1935 552 1978 miserrimo
587 1948 696 1978 statu
734 1934 1016 1978 manifestabit
1068 1935 1290 1977 iustitiam.
1330 1934 1535 1992 Splendet

106 2006 380 2050 misericordia
414 2007 524 2064 Dei,
559 2008 631 2065 qui
684 2008 842 2065 impios
893 2005 1196 2063 longanimiter
1247 2006 1426 2061 tolerat,
1461 2022 1538 2050 nec

107 2079 248 2122 statim
283 2095 357 2138 per
391 2093 575 2124 mortem
611 2097 632 2123 e
669 2079 833 2122 mundo
874 2078 1013 2132 tollit,
1063 2092 1108 2121 ut
1156 2095 1312 2137 nempe
1363 2078 1535 2122 tandem

109 2152 372 2210 resipiscant,
407 2168 537 2210 seque
572 2153 728 2195 iterum
764 2152 813 2195 ad
857 2150 983 2194 finem
1037 2163 1299 2194 convertant.
1348 2151 1395 2193 In
1451 2166 1536 2208 quo

106 2239 251 2267 rursus
286 2222 427 2267 divina
461 2224 612 2267 emicat
646 2225 869 2281 sapirntia:
906 2222 1118 2266 malorum
1164 2224 1278 2265 enim
1328 2223 1530 2280 iniquitas

106 2308 168 2339 est
200 2295 323 2340 bonis
357 2297 524 2340 occasio
559 2296 734 2338 maioris
768 2294 1026 2338 exercendae
1050 2295 1217 2337 virtutis
1242 2307 1281 2337 et
1305 2293 1527 2351 amplioris

108 2368 337 2426 recipiendi
374 2368 566 2426 praemii.
604 2368 653 2410 Et
688 2368 747 2410 sic
783 2367 923 2410 divina
973 2368 1014 2409 in
1059 2366 1141 2409 hoc
1183 2365 1347 2409 mundo
1388 2366 1537 2423 provi-

207 2603 264 2647 (1)
294 2601 344 2637 Cf.
374 2600 503 2635 thesim
532 2599 572 2635 V,
604 2609 723 2646 punct.
754 2599 812 2634 lv.
