1734 2784
731 108 967 149 -53-

128 190 344 244 conferret
368 189 564 247 subditis,
583 203 628 233 ut
653 190 743 248 ipse
768 189 822 232 ob
847 202 968 232 suam
992 187 1333 232 munificentiam
1357 189 1560 233 omnibus

128 263 186 306 sit
218 262 489 305 admirationi
523 275 649 320 atque
699 261 747 304 ab
781 260 982 304 omnibus
1016 259 1229 313 laudetur,
1268 262 1302 303 is
1337 277 1437 305 sane
1470 277 1559 304 non

125 347 376 378 censeretur
411 349 508 377 vere
549 333 781 376 benevolus
815 348 916 390 erga
948 332 1156 376 subditos.
1201 333 1321 376 Idem
1357 349 1461 390 ergo
1488 333 1559 377 »di-

126 406 317 449 cendum
349 405 427 448 erit
460 404 511 448 de
544 406 652 448 Deo.
689 430 745 437 —
779 404 1038 462 Respondeo
1069 407 1219 462 primo,
1255 406 1452 462 negando
1489 422 1557 464 pa-

127 478 311 520 ritatem.
362 476 533 519 Etenim
583 477 780 533 princeps
829 475 895 519 1116
939 488 1132 519 1611611115
1180 491 1267 518 11011
1316 476 1559 520 intenderet

132 547 416 590 commodum
449 562 630 590 suorum
664 546 960 599 subditorum,
981 547 1055 590 sed
1089 546 1139 590 de
1174 545 1255 590 hoc
1289 547 1406 590 nullo
1432 561 1558 606 pacto

125 618 335 662 sollicitus
368 617 511 661 solum
546 609 730 675 gloriam
765 634 885 661 suam
920 619 1173 676 exquireret.
1209 620 1265 661 At
1298 617 1410 675 finge
1444 620 1557 676 prin-

125 691 267 748 cipem
302 689 651 746 potentissimum
685 701 724 731 et
759 688 914 731 nullius
950 689 1009 731 rei
1039 700 1255 745 egentem,
1276 690 1348 747 qui
1378 705 1558 733 0111116111

125 761 310 819 gloriam
355 776 476 804 suam
525 761 753 803 constituat
805 761 845 803 in
894 759 1170 803 beneficentia
1217 773 1259 803 et
1310 760 1557 804 liberalitate

124 848 231 889 erga
262 831 473 888 subditos,
507 844 547 875 et
595 847 811 874 summam
862 847 1013 874 eorum
1059 830 1304 874 felicitatem
1339 848 1557 876 summam

128 904 254 948 ducat
288 920 380 948 esse
428 920 550 947 suam
583 903 780 961 gloriam.
825 905 981 948 Nonne
1015 902 1107 946 talis
1159 906 1354 962 princeps
1395 895 1559 947 censeri

124 975 298 1019 deberet
331 976 516 1018 maxime
549 974 780 1018 benevolus
815 991 913 1031 erga
945 974 1152 1031 subditos,
1192 976 1263 1033 qui
1298 991 1397 1018 eum
1434 991 1561 1018 511111-

127 1061 307 1103 mopere
341 1045 558 1089 redamare
584 1057 625 1089 et
649 1045 818 1088 laudare
852 1045 1069 1102 deberent,
1092 1062 1143 1088 eo
1168 1045 1286 1103 quod
1319 1044 1390 1088 tali
1423 1045 1558 1089 modo

124 1129 300 1174 quaerat
348 1116 426 1159 sibi
458 1116 677 1174 gloriam?
725 1118 856 1174 Atqui
891 1117 946 1159 ita
994 1133 1092 1174 erga
1126 1132 1204 1159 nos
1239 1133 1283 1160 se
1327 1118 1438 1173 gerit
1488 1133 1560 1160 rex

129 1204 282 1244 regum
332 1189 466 1231 Deus,
516 1187 777 1245 Respondeo
817 1187 998 1241 secundo,
1032 1186 1121 1231 fieri
1170 1202 1257 1230 non
1306 1203 1460 1245 posse,
1512 1200 1557 1231 ut

131 1261 249 1304 Deus
283 1260 525 1303 felicitatem
558 1273 750 1303 nostram
788 1272 975 1317 quaerat,
1001 1274 1077 1303 nec
1101 1260 1230 1302 simul
1254 1272 1426 1317 quaerat
1459 1259 1559 1316 glo-

131 1332 236 1374 riam
272 1347 409 1388 suam,
444 1344 484 1374 et
520 1332 720 1374 vicissim.
757 1331 880 1375 Ratio
915 1343 992 1386 est,
1040 1331 1137 1388 quia
1184 1330 1320 1387 gloria
1368 1330 1448 1373 Dei
1498 1343 1561 1373 est

133 1404 176 1446 in
210 1403 305 1460 hoc,
340 1403 457 1461 quod
493 1404 613 1446 Deus
647 1419 668 1446 a
702 1402 824 1445 nobis
860 1415 1144 1459 cognoscatur
1177 1415 1216 1445 et
1251 1414 1430 1454 ametur,
1465 1401 1561 1444 feli-

121 1475 230 1517 citas
263 1474 365 1516 item
399 1486 561 1526 nostra,
589 1486 635 1516 ut
660 1475 702 1516 in
738 1473 812 1515 hac
846 1473 955 1515 thesi
990 1473 1277 1529 ostendimus,
1311 1485 1373 1515 est
1408 1473 1450 1515 in
1486 1488 1557 1524 60,

121 1544 242 1602 quod
277 1546 421 1587 Deum
455 1559 770 1601 cognoscamus
795 1557 834 1586 et
861 1559 1055 1587 amemus
1077 1559 1086 1588 :
1112 1544 1210 1601 quia
1234 1559 1387 1600 nempe
1423 1558 1558 1586 111111111

125 1615 329 1672 idemque
363 1615 526 1658 bonum
562 1628 624 1659 est
658 1614 785 1657 simul
819 1615 955 1672 gloria
990 1615 1070 1657 Dei
1121 1627 1160 1657 et
1202 1613 1419 1657 beatitudo
1471 1629 1556 1657 110-

125 1699 213 1730 stra
248 1687 322 1743 (Ι).
358 1688 503 1732 Restat
538 1687 667 1744 igitur
703 1688 843 1729 Deum
880 1702 1020 1728 amare
1068 1698 1281 1728 creaturas
1331 1685 1561 1728 rationales

129 1774 280 1801 amore
327 1758 538 1801 maximae
582 1757 841 1800 liberalitatis
876 1773 919 1800 ac
953 1756 1271 1800 benevolentiae
1305 1756 1389 1814 (2).
1426 1756 1562 1811 Quod

222 1968 279 2013 (1)
311 1968 427 2002 «Non
454 1968 664 2002 contamina
693 1967 716 2001 il
747 1967 904 2001 candore
931 1965 1012 2001 dell*
1031 1967 1158 2001 amista
1194 1967 1218 2000 11
1246 1967 1455 2013 prefiggersi
1499 1979 1564 2013 per

128 2035 284 2073 oggetto
313 2027 420 2061 d'una
448 2027 643 2062 medesima
671 2028 798 2061 azione
827 2026 849 2060 il
877 2027 968 2060 bene
995 2027 1156 2072 proprio,
1190 2026 1340 2061 insieme
1380 2027 1437 2062 col
1472 2028 1565 2061 bene

121 2086 347 2129 dell'amico‚
379 2086 528 2121 allorchce
560 2087 664 2133 questi
690 2086 750 2121 due
775 2087 851 2121 beni
878 2085 1146 2120 concordemente
1171 2087 1428 2132 s'accoppiano.
1452 2100 1467 2117 »
1510 2087 1563 2121 Ita

128 2145 368 2187 Pallavicino,
396 2145 447 2180 del
474 2146 555 2180 bene
582 2146 600 2180 l.
635 2157 663 2190 3.
693 2156 791 2191 parte
824 2157 850 2179 1.
879 2157 906 2180 6.
939 2153 993 2188 35.

230 2205 286 2249 (2)
313 2204 471 2251 Legatur
498 2205 652 2246 hessius,
683 2205 725 2238 de
754 2203 839 2250 perf.
868 2215 959 2238 mor.
989 2204 1058 2238 div.
1087 2203 1108 2238 l.
1136 2203 1232 2238 XIV.
1262 2215 1290 2238 c.
1322 2214 1350 2247 3.
1371 2217 1404 2238 11.
1432 2204 1488 2240 61.
1508 2216 1563 2250 sq.

125 2262 280 2298 Pulchre
299 2275 375 2297 rem
396 2264 487 2298 hanc
507 2263 661 2309 explicat
682 2263 852 2309 Rogacci,
873 2261 1016 2297 dell‘uno
1044 2273 1160 2297 necess.
1194 2272 1293 2308 parte
1327 2274 1354 2297 1.
1385 2275 1462 2308 cap.
1493 2274 1561 2307 25.:

133 2322 358 2367 «Rispondo
389 2334 483 2356 esser
511 2323 712 2364 verissimo,
740 2334 758 2356 e
784 2322 849 2356 clie
878 2323 950 2356 Dio
978 2321 1035 2356 nel
1078 2321 1291 2356 benefic-arci
1332 2322 1504 2367 pretende
1531 2322 1563 2355 di

126 2380 254 2415 venire
283 2380 489 2427 glorificato
518 2381 560 2414 da
583 2382 664 2429 1101,
695 2393 712 2415 e
741 2380 804 2415 che
835 2393 902 2415 ove
929 2381 1059 2415 alcuno
1088 2381 1184 2427 degli
1213 2382 1352 2414 1101111111
1392 2381 1563 2426 pretenda

121 2439 183 2474 nel
211 2439 414 2474 beneficare
442 2439 476 2473 lo
506 2432 636 2482 516550,
667 2440 794 2475 merita
816 2439 848 2473 di
870 2451 965 2475 esser
992 2441 1092 2475 detto
1113 2441 1190 2473 anzi
1213 2440 1315 2474 avido
1344 2450 1565 2475 mercatante

122 2497 192 2534 che
210 2498 337 2534 liberal
358 2499 545 2534 donatore.
567 2499 672 2545 Nego
695 2500 848 2533 tuttavia
867 2511 937 2533 una
958 2499 1004 2534 tal
1028 2499 1259 2545 protensione
1279 2499 1432 2545 derogas
1451 2508 1564 2545 punto

124 2557 196 2592 alla
220 2557 395 2592 liberalita
422 2570 440 2592 6
468 2557 694 2592 beneficenza
722 2558 754 2591 di
783 2559 866 2593 Dio.
906 2559 995 2593 Anzi
1025 2559 1211 2604 aggiungo
1254 2558 1313 2603 piu
1346 2558 1496 2592 liberale
1546 2568 1566 2590 e
