1734 2784
0 2509 26 2784 ‘wrm-&0⁴⁸
0 2389 14 2486 -μ-*Δ
0 2267 13 2378 ..nuo-<⁶

685 97 945 152 -185-

102 189 234 244 malo,
283 188 567 248 impudentia,
616 188 862 247 invidentia,
909 201 950 233 et
984 189 1028 231 in
1061 189 1298 233 actionibus
1340 189 1521 246 furtum,

99 261 371 314 adulterium,
406 260 612 304 caedes....
645 261 896 318 Numquam
929 261 1060 317 igitur
1092 259 1183 303 fieri
1215 273 1375 318 potest,
1402 273 1448 303 ut
1471 276 1522 303 ex

104 333 171 375 his
202 332 362 390 aliquid
394 345 506 375 recte
537 331 623 389 fiat,
655 330 729 374 sed
762 347 932 389 semper
969 344 1169 389 peccatur
1202 347 1249 374 ea
1281 330 1461 388 agendo.
1495 348 1514 370 »

105 406 235 450 Recte
267 392 395 448 etiam
428 403 531 447 dixit
565 403 717 447 Clarke
749 402 837 461 (1),
872 414 958 445 tam
995 403 1156 445 mirum
1185 403 1319 445 cuivis
1345 401 1518 445 cordato

106 476 199 518 viro
232 475 367 519 videri
402 474 569 531 debere,
586 473 878 531 Philosophos
914 474 1121 528 extitisse,
1155 474 1227 532 qui
1276 474 1523 530 negaverint

104 545 292 589 naturale
341 558 381 589 et
427 543 777 588 incommutabile
832 543 1064 587 discrimen
1113 544 1278 587 bonum
1322 545 1431 586 inter
1479 559 1524 586 ac

105 615 280 670 malum,
314 632 444 674 quam
478 615 721 659 incredibile
754 630 930 673 prorsus
981 616 1113 658 cuivis
1145 614 1376 668 videretur,
1412 615 1523 658 exti-

102 687 203 730 tisse
236 687 504 744 Geometras,
538 687 610 744 qui
644 686 954 743 contenderint,
978 685 1207 728 discrimen
1230 684 1396 728 nullum
1431 700 1522 728 esse

107 756 258 801 lineam
293 759 401 801 inter
434 774 606 801 curvam
641 771 679 800 et
713 771 884 800 rectam.

221 830 274 873 Π.
309 831 361 873 Et
402 846 501 873 sane
548 829 729 886 secundo,
777 845 926 887 quum,
962 842 1006 871 ut
1051 829 1093 871 in
1143 830 1361 886 superiore
1411 828 1520 871 thesi

110 900 513 956 demonstravimus,
537 917 607 944 eae
632 902 818 944 actiones
854 902 936 943 sint
960 900 1113 953 bonae,
1141 916 1247 957 quae
1272 900 1518 943 conformes

108 986 205 1017 sunt
238 973 379 1017 ordini
408 973 600 1026 naturali,
635 988 705 1016 eae
740 973 888 1029 malae,
936 988 1041 1029 quae
1090 973 1138 1014 ab
1173 971 1327 1014 eodem
1377 971 1526 1014 ordine

109 1059 206 1089 sunt
239 1045 490 1099 difformes,
524 1047 558 1088 si
593 1061 698 1103 quae
733 1045 885 1088 dentur
920 1046 1123 1101 actiones,
1158 1061 1263 1102 quae
1297 1043 1355 1086 illi
1389 1043 1527 1086 ordini

106 1117 152 1160 de
182 1133 218 1160 se
251 1133 297 1160 ac
328 1126 483 1161 natura
515 1132 589 1161 sna
624 1129 861 1173 congruant
910 1117 975 1158 Vel
1010 1128 1264 1173 repugnent,
1314 1131 1385 1158 eae
1420 1131 1525 1173 pro-

106 1187 215 1231 fecto
249 1187 447 1231 dicendae
481 1201 606 1230 erunt
641 1188 685 1230 de
719 1203 756 1230 51:
790 1202 835 1229 ac
860 1196 1011 1229 καίων-ιι
1034 1203 1108 1229 sua
1131 1186 1264 1229 bonae
1288 1187 1353 1229 vel
1378 1185 1524 1228 malae.

106 1260 236 1317 Atqui
269 1258 422 1302 dantur
453 1260 655 1312 actiones,
689 1274 794 1316 quae
843 1258 898 1301 illi
947 1258 1085 1300 ordini
1137 1257 1186 1300 de
1226 1273 1271 1300 se
1304 1273 1350 1300 ac
1383 1270 1530 1299 natura

112 1346 187 1373 sua
218 1343 474 1387 congruunt,
508 1347 542 1373 e.
577 1346 617 1386 g.
652 1342 770 1372 actus
804 1328 971 1372 amandi
1006 1330 1151 1371 Deum
1186 1345 1260 1371 seu
1296 1327 1530 1371 formaliter

108 1401 310 1445 tendendi
342 1403 384 1444 in
416 1403 558 1459 ipsum
592 1400 738 1444 finem:
775 1414 897 1458 atque
932 1417 952 1443 e
977 1402 1192 1443 contrario
1217 1401 1406 1443 actiones
1432 1399 1530 1442 dan-

115 1487 202 1527 tur,
236 1489 342 1532 quae
376 1473 427 1517 de
461 1490 504 1516 se
537 1489 582 1515 ac
605 1486 752 1515 natura
776 1489 851 1515 sua
875 1472 1089 1529 praedicto
1114 1471 1257 1515 ordini
1278 1483 1531 1529 repugnant,

110 1562 145 1590 e.
178 1562 218 1603 g.
253 1547 360 1589 actio
394 1544 496 1589 odio
529 1544 709 1587 habendi
745 1545 890 1602 ipsum
924 1545 1083 1587 Deum.
1119 1544 1232 1599 Ergo
1274 1543 1426 1585 dantur
1459 1558 1530 1584 ac-

111 1618 249 1660 tiones
283 1616 334 1660 de
367 1632 411 1659 se
443 1615 578 1659 bonae
613 1627 651 1657 et
684 1615 873 1657 actiones
909 1614 959 1657 de
994 1630 1036 1657 se
1072 1613 1219 1657 malae.

231 1689 305 1732 III.
338 1689 518 1745 Insuper
551 1688 679 1742 tertio,
714 1687 747 1728 si
782 1686 893 1729 nulla
929 1685 1050 1729 detur
1098 1686 1204 1728 actio
1250 1685 1294 1727 da
1333 1700 1371 1728 515
1404 1683 1532 1739 bona,

207 1898 264 1942 (1)
295 1911 312 1928 ⁴<
330 1899 415 1943 Any
440 1909 523 1931 man
551 1896 593 1930 os
615 1897 784 1942 ordinary
805 1895 977 1940 capacity,
998 1894 1067 1928 and
1094 1893 1283 1928 unbiassed
1310 1893 1533 1940 judgement‚

114 1957 296 2004 plainness
322 1957 390 1991 and
419 1957 624 2002 simplichy,
651 1956 734 1990 who
761 1955 828 1989 had
858 1967 966 1989 never
994 1954 1088 1995 read,
1117 1954 1184 1988 and
1214 1953 1282 1987 had
1312 1965 1420 1988 never
1446 1954 1536 1987 been

54 2021 61 2025 ”
111 2016 203 2060 told,
230 2017 305 2052 that
330 2016 430 2051 there
455 2028 550 2052 were
580 2028 661 2050 men
690 2015 758 2049 and
788 2015 1051 2060 philosophcrs,
1069 2014 1153 2048 who
1173 2014 1242 2048 had
1263 2014 1296 2047 in
1317 2022 1457 2048 earnest
1485 2025 1539 2048 as-

113 2077 228 2112 serted
255 2076 323 2111 and
350 2076 544 2122 attempted
575 2085 611 2110 to
631 2086 753 2121 prove,
774 2074 849 2108 that
876 2074 975 2108 there
1004 2074 1031 2108 is
1058 2085 1105 2107 no
1132 2073 1271 2107 natural
1299 2073 1369 2106 and
1397 2073 1538 2107 unalte-

113 2137 212 2172 rable
238 2136 621 2171 difference'between
648 2133 735 2179 good
755 2134 821 2168 and
842 2133 920 2174 cvih
946 2132 1068 2167 would
1097 2142 1130 2167 at
1148 2131 1210 2166 the
1237 2131 1309 2166 first
1328 2131 1477 2176 hearing
1495 2132 1538 2166 be

114 2207 153 2230 as
177 2196 304 2242 hardly
330 2195 525 2242 persuaded
553 2204 590 2228 to
618 2194 769 2231 believe,
797 2193 871 2227 that
903 2194 926 2226 it
953 2191 1059 2226 could
1089 2203 1169 2226 ever
1197 2191 1308 2236 really
1336 2200 1435 2225 enter
1463 2191 1538 2224 into

114 2255 176 2291 the
201 2255 302 2290 beart
329 2254 368 2289 of
391 2266 462 2301 any
489 2254 694 2299 intelligent
721 2265 816 2294 man,
835 2262 871 2287 to
901 2252 996 2297 dcny
1017 2251 1062 2285 all
1091 2251 1231 2285 natural
1259 2249 1449 2284 difference
1477 2251 1539 2283 be-

118 2325 235 2351 tween
262 2316 354 2362 right
380 2315 449 2350 and
477 2326 611 2360 wrong,-
639 2325 676 2347 as
704 2314 746 2346 he
774 2311 895 2346 would
924 2313 965 2345 be
992 2321 1029 2346 to
1058 2311 1207 2352 believe,
1228 2311 1303 2344 that
1332 2321 1413 2344 ever
1440 2309 1540 2344 there

115 2374 226 2410 could
251 2376 295 2410 be
322 2387 394 2421 any
420 2375 628 2409 Geometer,
656 2372 740 2406 who
769 2371 892 2406 would
920 2370 1098 2415 seriously
1124 2369 1193 2403 and
1220 2370 1256 2403 in
1275 2368 1373 2415 good
1403 2377 1541 2403 earnest

119 2435 178 2481 lay
197 2435 222 2469 it
239 2435 348 2470 down
375 2446 413 2469 as
438 2446 456 2468 a
476 2433 549 2468 first
568 2432 754 2478 principle,
780 2431 858 2465 that
876 2442 894 2464 a
915 2429 1069 2465 crooked
1097 2428 1167 2463 line
1186 2429 1213 2463 is
1240 2439 1277 2462 as
1297 2427 1449 2473 straight
1467 2439 1504 2461 as
1523 2439 1541 2461 a

124 2494 218 2541 right
248 2505 362 2529 one.»
392 2495 422 2529 A
450 2493 629 2527 discourse
657 2491 879 2536 concerning
909 2490 968 2524 the
1004 2488 1223 2523 unalterable
1251 2487 1473 2534 obligations
1507 2486 1550 2521 of

124 2553 263 2590 natural
286 2552 468 2599 Religion.
