1734 2784
712 43 976 85 -250-

253 129 312 171 Ut
352 127 486 184 inquit
511 127 734 170 Suaresius
763 125 848 183 (t),
870 143 889 165 «
923 126 1059 182 prima
1089 123 1196 180 legis
1228 123 1381 167 divisio
1414 137 1476 167 est
1508 124 1550 167 in

132 209 342 242 aeternam
375 211 415 241 et
450 198 707 255 temporalem
741 214 760 236 »
802 208 930 253 prout
963 195 1011 239 ab
1045 208 1216 238 aeterno
1263 194 1329 238 lex
1370 195 1450 239 lata
1486 208 1549 240 est

133 270 197 313 vel
232 269 363 312 fertur
397 270 436 311 in
471 281 681 325 tempore.
714 294 772 299 —
805 269 942 310 Porro
985 280 1030 309 ut
1065 266 1177 309 idem
1222 278 1370 309 auctor
1417 267 1553 325 docet,

141 359 159 381 «
194 340 377 383 secunda
411 339 565 382 divisio
598 338 704 396 legis
739 352 800 382 est
833 338 1067 381 subdivisio
1100 337 1205 395 legis
1239 351 1400 381 creatae
1422 338 1566 400 (tem--

134 410 314 468 poralis)
350 411 390 453 in
424 411 658 453 naturalem
691 423 731 453 et
759 411 994 468 positivam.
1016 427 1036 448 »
1074 410 1148 452 Est
1181 409 1397 462 naturalis,
1423 410 1457 452 si
1479 408 1551 453 fiat

135 482 359 525 manifesta
394 499 466 540 per
500 483 641 539 ipsum
677 481 864 525 naturale
898 482 1072 524 rationis
1121 481 1277 525 lumen:
1312 482 1375 523 sin
1408 494 1551 525 autem

133 553 216 595 alio
251 565 415 610 praeter
451 554 590 609 ipsum
627 564 802 595 externo
837 553 960 609 signo
995 551 1303 607 manifestetur,
1336 564 1397 594 est
1433 552 1553 609 posi-

133 624 230 667 tiva.
264 649 320 656 —
356 625 558 681 Sequitur
599 642 618 664 «
651 625 771 666 tertia
805 624 959 667 divisio
994 619 1097 679 legis
1132 625 1336 680 positivae
1370 625 1412 666 in
1445 624 1553 668 divi-

132 710 231 738 nam
281 708 320 738 et
364 696 587 738 lutmmmlit
621 713 639 735 »
697 707 824 752 prout
873 695 1146 738 immediatus
1196 696 1400 753 positivae
1446 695 1551 752 legis

132 766 240 808 lator
274 782 345 809 seu
382 780 528 809 auctor
562 780 623 809 est
657 768 747 824 ipse
781 768 916 818 Deus,
941 766 1005 808 vel
1030 766 1163 810 homo
1199 782 1272 823 per
1298 779 1550 824 potestatem

133 849 347 893 acceptam
383 852 402 878 a
438 838 531 879 Deo
581 837 624 895 (a
657 853 758 894 quo,
807 849 914 879 teste
950 853 980 880 s.
1017 836 1148 879 Paulo
1193 838 1233 880 in
1275 836 1452 894 epistola
1501 837 1551 880 ad

132 908 368 964 Romanos,
403 920 465 950 est
499 909 640 950 omnis
676 908 896 965 potestas).
935 934 986 939 —
1029 926 1047 947 «
1081 907 1278 950 Tandem
1325 907 1424 950 haec
1464 907 1550 950 hu-

134 994 256 1021 mana
291 978 354 1021 lex
387 980 427 1020 in
463 980 620 1022 civilem
655 993 694 1022 et
730 980 1029 1022 ecslesiasticam
1062 979 1384 1037 distinguitur»
1422 993 1551 1037 prout

131 1049 213 1103 ille,
251 1052 322 1108 qui
358 1066 447 1093 eam
484 1050 578 1104 fert,
613 1064 674 1093 est
710 1066 936 1108 supremus
973 1052 1166 1108 princeps
1213 1050 1344 1093 civilis
1378 1050 1443 1093 vel
1476 1066 1548 1094 ec-

133 1121 386 1165 clesiasticae
423 1123 651 1165 societatis.
688 1123 788 1165 Duo
823 1122 889 1164 liic
925 1138 1113 1180 quaeres

252 1195 446 1246 Quaeres
477 1194 517 1252 ν.)
551 1194 775 1251 quomodo
810 1194 873 1236 lex
913 1195 1138 1252 ternporalis
1186 1195 1366 1252 positiva
1416 1195 1550 1251 possit

132 1266 192 1308 sic
215 1265 429 1308 subdividi
455 1267 495 1307 in
520 1266 706 1308 divinam
731 1278 771 1308 et
795 1267 1050 1309 humanam?
1076 1265 1210 1319 Quod
1244 1267 1357 1309 enim
1382 1265 1444 1308 lex
1469 1265 1548 1307 hu-

132 1353 256 1379 mana
290 1339 342 1380 sit
376 1338 639 1395 temporalis,
674 1337 755 1380 hoc
789 1337 906 1381 facile
953 1337 1215 1394 intelligitur:
1253 1338 1325 1380 sed
1359 1353 1546 1395 quonam

131 1420 256 1465 pacto
292 1421 432 1465 potest
456 1424 547 1451 esse
581 1408 827 1466 temporalis
853 1408 919 1451 lex
942 1408 1112 1452 divina?
1132 1434 1186 1441 —
1205 1408 1352 1452 Solve-s
1387 1423 1546 1466 quaes-

130 1479 295 1521 tionem
330 1480 706 1523 animztdvertendo
741 1497 790 1522 ex
823 1480 1096 1537 praecedente
1129 1480 1252 1533 thesi,
1301 1479 1439 1536 legem
1476 1479 1548 1522 di-

130 1550 272 1593 vinam
309 1550 531 1609 dupliciter
565 1567 690 1608 posse
724 1553 916 1609 spectari,
950 1566 994 1595 ut
1026 1554 1155 1596 active
1190 1565 1251 1595 est
1284 1553 1326 1594 in
1350 1553 1465 1604 Deo,
1500 1567 1546 1596 ul

122 1623 286 1679 passive
319 1635 382 1665 est
416 1624 459 1664 in
492 1622 682 1666 homine.
716 1624 910 1666 Iainvero
945 1639 1040 1666 cum
1075 1639 1218 1666 serino
1262 1636 1324 1667 est
1367 1622 1418 1666 de
1451 1623 1543 1680 lege

129 1691 273 1735 divina
305 1693 544 1750 temporali,
578 1693 643 1736 lex
677 1694 971 1737 consideratur
1004 1695 1182 1751 passive,
1204 1707 1250 1737 ut
1273 1707 1336 1737 est
1370 1695 1412 1736 in
1436 1707 1544 1737 statu

130 1779 209 1806 suo
243 1767 446 1808 exteriori.
488 1783 507 1806 «
537 1766 623 1808 Lex
657 1777 800 1807 autem
835 1765 1034 1822 humana,
1058 1778 1103 1809 ut
1127 1765 1251 1809 docet
1277 1767 1433 1809 Suarez
1457 1765 1544 1823 (2),

128 1849 216 1877 non
251 1835 393 1878 solum
428 1849 557 1893 prout
590 1849 651 1879 est
684 1837 726 1878 in
760 1836 954 1890 subditis,
985 1837 1059 1879 sed
1092 1838 1219 1879 etiam
1253 1850 1381 1894 prout
1417 1837 1543 1878 estin

127 1906 306 1963 proprio
340 1906 595 1963 legislatore,
632 1920 694 1950 est
728 1907 830 1965 quid
878 1916 1055 1951 creatum
1104 1920 1144 1950 et
1177 1907 1400 1965 temporale,
1445 1907 1544 1964 quia

127 1976 231 2020 haec
263 1977 328 2020 lex
362 1979 404 2020 in
449 1991 591 2021 mente
641 1992 680 2022 et
730 1978 944 2022 voluntate
994 1978 1181 2022 hominis
1230 1978 1458 2033 formitur,
1503 1990 1545 2021 et

220 2199 277 2243 (1)
304 2198 392 2233 Loc.
423 2199 484 2234 cit.
513 2210 612 2232 nuni.
638 2198 672 2234 6.
704 2198 775 2234 Alii
795 2198 900 2244 paulo
928 2197 1029 2232 aliter
1046 2198 1215 2233 exhibent
1235 2197 1430 2232 divisiones
1451 2196 1546 2242 legis

128 2258 333 2304 temporalis.
363 2259 466 2292 Hanc
494 2258 591 2292 enim
631 2257 793 2293 dividunt
822 2260 858 2292 in
898 2258 1051 2291 divinam
1079 2267 1113 2292 et
1147 2259 1345 2292 lmmanam:
1386 2257 1541 2290 divinam

125 2317 358 2352 subdividunt
396 2318 430 2351 in
458 2318 647 2352 naturalem
675 2328 708 2353 et
744 2318 941 2364 positivam,
980 2318 1177 2352 humanam
1211 2317 1248 2350 in
1287 2316 1542 2351 ecclesiasticam

127 2385 161 2411 et
188 2376 318 2410 civilem
347 2378 368 2411 i.
395 2388 426 2412 e.
467 2378 681 2412 canonicam
721 2387 754 2412 et
792 2378 990 2423 politicam.
1018 2377 1069 2411 Ita
1099 2376 1275 2419 Schiffini,
1304 2376 1341 2410 in
1381 2375 1540 2422 egregio,

128 2445 235 2480 quem
263 2435 306 2469 de
332 2435 411 2482 lege
438 2437 592 2471 naturali
618 2437 765 2483 lithogr.
793 2437 926 2477 edidit,
954 2444 1118 2471 tractatu.

223 2494 280 2539 (2)
309 2495 363 2529 De
391 2495 457 2541 leg.
487 2495 507 2530 1.
536 2497 580 2531 II.
611 2508 640 2531 c.
666 2507 698 2539 4.
728 2507 825 2537 num,
853 2495 885 2529 8.
