1734 2784
773 116 824 122 -·
862 104 942 146 352
976 116 1035 122 -“

308 187 436 241 Legis
462 187 602 243 itaque
627 185 826 228 naturalis
850 186 1012 228 sanctio
1038 184 1160 228 habet
1178 184 1353 242 quidem
1379 184 1419 226 in
1439 184 1609 227 mortali

190 257 269 300 hac
302 258 400 309 vita,
425 272 531 314 quae
556 268 687 298 status
723 269 784 299 est
817 258 908 300 viae
941 272 986 299 ac
1021 256 1276 308 certaminis,
1300 270 1445 308 suum,
1471 267 1515 298 ut
1538 271 1612 314 par

189 342 268 378 cst,
306 329 488 380 initium,
523 327 595 370 sed
630 327 832 370 ultimum
858 327 1018 370 debitae
1043 326 1313 384 perfectionis
1339 326 1500 383 apicem
1524 341 1610 370 non

190 399 426 455 assequitur
460 398 539 440 nisi
572 399 613 441 in
647 400 731 441 vita
764 398 918 452 futura,
954 413 1060 456 quae
1094 410 1226 440 status
1260 408 1322 439 est
1354 397 1525 439 termini
1564 411 1612 440 ac

188 469 410 526 triumphi.
460 468 526 512 Ad
577 485 665 512 rem
714 485 746 513 s.
783 468 967 527 Cyrillus
1019 467 1234 511 Hierosol.
1286 467 1471 524 archiep.
1515 466 1611 526 (1):

196 560 214 582 «
246 543 314 586 Ne
347 541 420 584 tibi
454 541 724 584 admirationi
761 542 815 584 sit
850 541 993 584 iudicii
1030 555 1168 584 mora.
1219 539 1432 597 Quisquis
1482 550 1612 582 certa-

190 613 304 654 mine
340 611 572 665 contendit,
607 611 803 654 absoluto
839 612 1086 662 certamine,
1123 611 1187 654 vel
1223 626 1381 653 corona
1414 609 1614 663 donatur,

189 682 253 726 vel
287 682 466 725 afficitur
501 683 752 739 ignominia.
785 684 878 727 Nec
916 698 1119 739 umquam
1174 682 1418 724 certaminis
1462 679 1615 723 arbiter

190 753 326 797 adhuc
360 765 566 796 certantes
602 766 793 806 coronat,
832 752 905 796 sed
939 754 1134 796 omnium
1183 752 1434 795 certantium
1482 750 1612 794 finem

191 824 425 881 opperitur,
461 835 504 865 ut
539 836 685 881 postea
719 823 966 867 discrimine
1017 823 1126 866 facto
1177 823 1364 880 praemia
1405 821 1608 864 victoriae

193 910 457 951 coronasque
490 893 727 937 distribuat.
774 896 836 938 Ita
870 908 909 938 et
944 896 1077 948 Deus,
1112 906 1246 937 stante
1280 893 1417 937 adhuc
1451 893 1494 935 in
1530 891 1613 935 hoc

194 963 356 1007 mundo
391 965 633 1018 certamine,
669 965 787 1007 iustis
823 966 993 1008 interim
1027 981 1077 1008 ex
1110 976 1225 1022 parte
1259 964 1474 1022 suppetias
1507 961 1615 1016 fert,

194 1048 344 1093 postea
376 1050 478 1079 vero
513 1036 615 1093 ipsis
651 1038 836 1094 praemia
869 1035 990 1094 plene
1025 1052 1069 1079 ac
1103 1035 1287 1094 perfecte
1322 1034 1584 1093 rependet».

312 1110 370 1151 Ea
404 1110 565 1161 onmia,
602 1125 708 1167 quae
743 1110 820 1153 hac
853 1111 894 1152 in
932 1110 1043 1153 thesi
1094 1109 1387 1153 ratiocinando
1438 1107 1617 1165 collegi-

193 1195 305 1233 mus,
358 1193 501 1238 patent
556 1182 681 1224 etiam
736 1198 785 1224 ex
841 1182 1062 1224 communi
1112 1180 1341 1224 hominum
1392 1193 1614 1223 consensu.

200 1269 219 1291 «
252 1250 314 1303 Id,
350 1252 404 1294 ait
438 1267 469 1296 s,
505 1253 685 1295 loannes
732 1252 887 1310 Chrys.
921 1252 1007 1311 (2),
1061 1252 1166 1295 adeo
1221 1264 1282 1295 est
1337 1250 1615 1294 'manifestum

195 1323 582 1380 conspicuumque,
618 1336 663 1366 ut
697 1336 736 1366 et
768 1323 912 1367 Iudaei
946 1336 986 1366 et
1021 1324 1171 1367 Graeci
1207 1336 1246 1366 et
1280 1323 1492 1376 haeretici,
1516 1322 1619 1365 bre-

194 1394 300 1435 viter
323 1394 464 1436 omnis
484 1395 676 1451 quisquis
701 1407 763 1437 est
787 1394 922 1438 homo
948 1410 1074 1452 super
1098 1394 1161 1436 his
1182 1394 1432 1437 consentiat.
1450 1394 1616 1446 Quam-

195 1480 321 1521 quam
360 1465 475 1507 enim
509 1480 596 1508 non
631 1465 1001 1523 quemadmodum
1037 1465 1156 1508 decet
1204 1464 1255 1508 de
1306 1464 1617 1508 resurrectione

194 1534 556 1593 philosophentur
590 1552 756 1590 omnes,
791 1549 933 1579 tamen
983 1535 1032 1580 de
1081 1537 1239 1579 iudicio
1284 1535 1420 1593 deque
1464 1534 1615 1593 poenis

197 1606 333 1664 deque
366 1607 658 1662 tribunalibus,
693 1624 799 1666 quae
833 1607 915 1650 illic
949 1620 1065 1660 sunt,
1117 1623 1267 1650 omnes
1314 1607 1618 1663 consentiunt,

196 1676 277 1720 illic
310 1694 403 1721 esse
435 1678 620 1736 aliquam
655 1694 823 1736 eorum,
856 1694 962 1737 quae
1006 1678 1073 1722 hic
1107 1690 1330 1735 geruntur,
1365 1692 1618 1721 remunera-

197 1748 374 1791 tionem.
399 1766 418 1788 »
458 1750 664 1792 Praesens
698 1750 829 1806 igitur
861 1751 946 1793 vita
978 1761 1041 1792 est
1074 1761 1206 1792 status
1239 1749 1345 1805 viae,
1370 1748 1495 1791 altera
1516 1762 1620 1791 vero

199 1819 492 1862 retributionis
526 1820 609 1879 (3).

295 1994 352 2038 (1)
381 1994 529 2029 Catech.
558 1994 688 2028 XViH.

293 2054 349 2097 (2)
378 2055 432 2088 De
459 2054 608 2096 Lazaro,
638 2054 770 2087 concio
799 2063 833 2096 4.
865 2064 964 2089 num.
995 2064 1026 2098 3.

295 2112 351 2156 (3)
379 2113 434 2147 Sic
463 2113 725 2148 confirmantur
751 2124 802 2156 ea,
831 2124 919 2159 quae
946 2112 1104 2146 diximus
1131 2112 1166 2145 in
1196 2122 1273 2157 cap.
1303 2111 1326 2146 1.
1354 2110 1444 2145 thes.
1470 2109 1534 2144 XI.
1561 2108 1620 2144 Ad

198 2169 291 2204 hanc
317 2182 401 2205 sane
429 2173 626 2214 veritatem,
654 2181 691 2207 ut
719 2172 790 2206 iam
818 2171 1040 2214 monuimus,
1067 2169 1323 2205 recurrendum
1350 2179 1402 2205 est
1422 2169 1464 2204 ad
1491 2165 1623 2203 intelli-

199 2230 356 2276 gendam
382 2231 556 2266 Divinam
583 2231 855 2268 Providentiam
894 2232 929 2266 in
969 2231 1231 2273 distributione,
1258 2241 1348 2277 quae
1375 2229 1442 2264 hac
1474 2228 1510 2263 in
1548 2227 1619 2262 vita

199 2289 360 2333 habetur,
387 2291 568 2326 bonorum
595 2299 629 2326 et
655 2291 848 2327 malorum.
880 2292 962 2337 Qua
990 2289 1032 2324 de
1062 2301 1099 2324 re
1125 2288 1170 2324 cf.
1207 2301 1233 2325 s.
1266 2289 1320 2324 Io.
1351 2288 1492 2334 Chrys,
1520 2286 1619 2321 hom.

201 2348 244 2383 de
270 2359 453 2386 resurrect.
482 2359 590 2386 mort.
618 2363 652 2385 n.
685 2361 725 2394 1.,
750 2362 776 2385 s.
804 2351 970 2396 August„
998 2361 1110 2384 enarr.
1138 2349 1174 2383 in
1200 2350 1255 2384 Ps.
1277 2357 1331 2394 91.
1360 2359 1394 2382 n.
1420 2357 1462 2381 10
1491 2354 1523 2380 et
1556 2354 1623 2388 14,

201 2407 238 2440 in
266 2408 322 2443 Ps.
356 2410 429 2451 148.
460 2422 495 2444 n.
527 2409 590 2453 16„
619 2410 655 2444 in
683 2411 736 2445 Ps.
768 2408 822 2454 36.
850 2421 955 2444 serm.
985 2420 1012 2443 1.
1032 2420 1066 2442 n.
1093 2419 1157 2450 10„
1176 2418 1283 2442 serm.
1304 2417 1338 2442 2.
1360 2418 1394 2441 n.
1413 2415 1444 2448 4.
1473 2412 1504 2440 et
1531 2403 1616 2438 alibi

201 2468 346 2515 passim.
374 2469 413 2502 In
439 2469 565 2514 psalm.
592 2468 648 2504 62.
677 2480 775 2503 num.
806 2478 855 2511 14.
882 2468 969 2503 haec
996 2467 1144 2513 pulchra
1171 2466 1291 2501 habet:
1325 2479 1342 2497 «
1361 2466 1458 2500 Haec
1497 2460 1621 2498 omnia

201 2527 378 2571 (honores
405 2528 620 2570 mundanos,
648 2527 788 2562 divitias
807 2527 893 2571 etc.)
914 2526 1037 2561 tribuit
1064 2526 1172 2560 etiam
1191 2523 1306 2567 malis,
1326 2534 1371 2557 ne
1390 2521 1514 2568 magni
1535 2530 1624 2567 pen-

202 2586 329 2619 dantur
356 2597 375 2619 a
402 2585 520 2621 bonis.
544 2600 562 2618 »

1698 2658 1725 2784 fflffi'w-Effl
1721 2594 1726 2600 .
1733 2543 1734 2555 Δ
