1734 2784
699 106 755 114 -
791 95 872 138 397
907 105 962 115 ’-

120 175 186 232 iis,
218 189 325 232 quae
357 186 530 232 agentes
581 174 632 219 de
673 175 777 233 legis
825 176 1024 220 naturalis
1074 178 1391 236 perspicuitate,
1427 178 1541 222 dixi-

121 261 232 291 mu3.
268 247 383 291 Haec
415 259 557 291 autem
591 248 882 307 interpretatio
916 261 978 292 est
1010 249 1254 303 authentica,
1293 250 1542 308 doctrinalis,

122 318 303 381 usuali&
321 330 450 378 prout
482 318 529 362 fit
576 318 624 363 ab
658 320 751 378 ipso
801 322 1050 379 Superiore‚
1086 320 1150 364 vel
1184 337 1204 364 a
1236 322 1338 366 viris
1388 322 1540 379 doctis,

121 389 188 433 vel
220 404 272 434 ex
306 390 628 435 consuetudine.
663 417 718 425 —
751 391 894 436 Altera
941 393 1116 451 proprio
1151 394 1327 437 nomine
1365 405 1542 437 vocatur

124 463 355 521 ἐπιείκειγ,
388 478 433 506 ac
466 461 663 506 definitur
697 462 877 520 benigna
909 464 981 507 sed
1015 479 1146 523 aequa
1191 466 1294 522 legis
1329 465 1539 523 interpre-

122 533 240 587 tatio,
275 549 356 592 qua
388 533 454 577 lex
488 534 537 578 ad
571 547 735 578 certum
771 551 932 588 casum,
960 538 1152 594 quamvis
1188 537 1229 579 in
1263 537 1401 581 verbis
1436 537 1539 594 legis

122 620 209 648 non
233 618 473 664 exceptum,
498 622 589 650 sese
613 608 835 652 extendere
859 623 945 652 non
971 621 1177 661 censetur,
1202 611 1358 667 quippe
1398 609 1540 667 talem,

123 688 169 720 ut
200 676 433 735 prudenter
468 678 675 733 credatur,
718 679 1002 738 legislatorem
1038 681 1103 724 vel
1147 696 1234 724 non
1282 681 1541 739 praevidisse

122 747 245 792 illum
278 764 425 793 casum
450 762 519 793 aut
553 750 921 808 comprehendere
946 767 1033 795 non
1068 752 1256 795 voluisse
1279 752 1363 810 (1).
1404 754 1545 796 «Pro-

121 821 212 878 pria
245 821 422 880 epikeia‚
455 823 510 866 ait
545 824 700 866 Suarez
734 822 819 882 (2),
855 840 942 867 non
976 823 1097 867 liabet
1131 823 1275 867 locum
1310 825 1352 867 in
1397 825 1541 883 aliquo

123 905 349 952 praecepto
384 894 575 948 naturali,
611 907 656 938 ut
691 895 877 939 naturale
902 908 980 949 est,
1017 912 1089 939 seu
1115 896 1351 940 secundum
1377 912 1419 940 se
1445 912 1544 955 spe—

123 977 246 1010 ctato.
268 983 287 1006 »
327 966 375 1010 Id
408 979 547 1011 autem
584 967 731 1025 probat
777 968 1028 1026 applicando
1077 967 1369 1012 distinctiones
1406 969 1488 1011 iam
1523 985 1544 1012 a

122 1036 246 1081 nobis
281 1037 420 1082 allatas
454 1040 495 1082 in
531 1039 640 1083 thesi
665 1039 716 1083 de
740 1039 1083 1083 immutabilitate
1117 1040 1221 1097 legis
1256 1039 1471 1093 naturalis,
1498 1055 1544 1084 ac

122 1124 198 1167 per
231 1125 299 1154 eas
333 1109 599 1154 ostendendo
635 1111 820 1168 speciem
855 1123 1021 1153 tantum
1056 1126 1128 1154 seu
1165 1111 1395 1167 imaginem
1446 1112 1540 1169 epi-

123 1181 240 1226 keiae
258 1181 410 1226 habere
429 1181 572 1227 locum
592 1184 631 1225 in
653 1183 885 1241 praeceptis
905 1182 1178 1240 naturalibus,
1197 1184 1221 1225 i.
1248 1200 1282 1226 e.
1308 1183 1542 1241 improprie

122 1253 277 1298 dictam
310 1255 707 1314 interpretationem
733 1257 929 1299 materiae
963 1268 1001 1299 et
1035 1254 1183 1299 finium
1218 1256 1338 1313 legis.
1365 1256 1541 1314 Propria

88 1350 90 1352 v
123 1327 253 1385 igitur
286 1327 449 1387 epikeia
480 1328 622 1372 locum
658 1327 809 1372 habere
850 1341 988 1387 potest
1026 1328 1345 1381 tantummodo,
1372 1329 1414 1370 in
1450 1329 1542 1385 lege

124 1400 320 1458 positiva:
353 1417 391 1443 V.
416 1416 455 1458 g.
481 1401 514 1443 si
549 1399 615 1444 lex
650 1399 783 1444 civilis
818 1399 1040 1458 prohibeat
1063 1413 1225 1458 gestare
1250 1415 1365 1443 arma
1397 1412 1543 1453 noctu,

124 1485 291 1530 gestare
325 1489 522 1532 possum,
557 1474 591 1516 si
626 1472 758 1516 domo
793 1471 935 1530 egredi
961 1472 1135 1516 debeam
1170 1484 1209 1515 et
1244 1472 1468 1514 inimicum
1491 1471 1542 1514 ad

124 1558 311 1589 mortem
346 1561 415 1589 me
449 1557 723 1604 quaerentem
761 1546 838 1587 sini
876 1544 1115 1588 offensurus
1148 1544 1232 1602 (3).
1260 1544 1356 1586 Huc
1386 1542 1546 1586 faciunt

124 1619 348 1662 axiomata:
383 1619 431 1661 In
467 1617 666 1661 omnibus
715 1617 906 1675 quidem,
957 1618 1141 1660 maxime
1176 1629 1316 1659 tamen
1352 1617 1391 1659 in
1440 1617 1544 1673 iure,

126 1690 315 1748 aequitas
349 1689 573 1747 spectanda
607 1701 681 1732 est:
731 1688 893 1731 Placuit
928 1690 969 1730 in
1020 1687 1220 1731 omnibus
1271 1688 1543 1745 praecipuam

126 1776 218 1805 esse
251 1761 438 1804 iustitiae
472 1761 794 1818 aequitatisque,
831 1775 957 1818 quam
1002 1760 1133 1802 stricti
1169 1760 1272 1801 iuris
1318 1759 1545 1802 rationein.

244 1834 369 1886 Quae
404 1845 449 1875 ut
484 1832 635 1875 melius
671 1832 978 1889 intelligantur,
1015 1832 1166 1874 iuverit
1203 1830 1283 1888 3.⁰)
1334 1831 1545 1887 inquirere

220 2039 276 2084 (1)
305 2039 355 2073 Ib.
383 2037 418 2072 in
446 2049 546 2073 num.
576 2047 609 2079 4.
636 2038 775 2072 SuareZ.
797 2036 857 2071 ait:
891 2035 1057 2071 «Omnis
1084 2036 1218 2082 epikeia
1248 2046 1299 2070 est
1320 2036 1410 2082 legis
1437 2036 1545 2070 inter-

125 2097 291 2145 pretatio,
318 2109 391 2133 non
418 2109 502 2133 vero
531 2110 548 2132 e
577 2108 752 2132 converso
781 2097 899 2131 omnis
940 2096 1186 2141 interpretatio
1228 2096 1317 2142 legis
1357 2095 1542 2140 epikeia....

124 2159 272 2206 Epikeia
300 2167 351 2193 est
379 2157 439 2193 illa
466 2157 597 2199 solum,
626 2169 687 2203 per
715 2168 822 2203 quam
849 2157 1141 2202 interpretamur,
1170 2156 1287 2202 legem
1317 2156 1468 2191 deficere
1510 2157 1542 2190 in

124 2218 243 2265 aliquo
271 2217 475 2265 particulari
504 2226 650 2263 propter
691 2215 900 2257 universale,
931 2216 963 2249 id
1002 2225 1053 2250 est
1081 2216 1158 2262 quia
1200 2216 1256 2250 lex
1297 2215 1544 2250 universaliter

125 2276 195 2313 lata
223 2286 288 2320 est,
317 2287 350 2312 et
378 2278 412 2311 in
440 2277 560 2323 aliquo
589 2275 790 2321 particulari
821 2277 865 2310 ita
895 2275 1025 2317 delicit,
1054 2283 1089 2309 ut
1118 2276 1207 2309 iuste
1248 2275 1282 2307 in
1314 2274 1376 2308 illo
1418 2273 1545 2308 servari

125 2349 198 2373 non
226 2340 381 2385 possit.»

220 2398 277 2443 (2)
303 2398 352 2433 Ib.
380 2409 478 2432 nuni.
507 2407 536 2442 7.

221 2458 278 2503 (3)
303 2457 435 2501 Quoad
463 2456 799 2502 interpretationem
827 2456 936 2492 relate
964 2455 1005 2490 ad
1035 2455 1151 2501 legem
1173 2455 1365 2501 positivam
1394 2453 1437 2489 cs.
1457 2454 1543 2489 Sua-

124 2527 192 2558 re2‚
219 2516 262 2551 de
288 2517 358 2564 leg.
386 2517 406 2551 l.
437 2517 498 2555 Vl,
525 2528 554 2550 c.
589 2514 674 2558 1-8.‚
702 2516 912 2562 praesertim
940 2527 1025 2550 vero
1055 2526 1129 2561 cap.
1158 2521 1212 2559 7.“1
1240 2523 1272 2548 et
1300 2514 1365 2557 81¹¹,
1395 2514 1430 2547 in
1467 2515 1544 2559 qui-

124 2576 190 2611 bus
217 2577 291 2623 agit
319 2577 360 2611 de
388 2577 535 2624 epikeia.
563 2575 617 2613 Cf.
647 2576 754 2611 etiam
783 2575 892 2623 Gury,
919 2575 962 2610 de
990 2575 1059 2621 leg.
1088 2584 1180 2621 part.
1211 2575 1235 2609 Ι.
1265 2585 1340 2621 cap.
1371 2573 1404 2609 6.
