1734 2784
675 82 940 126 -143ss

95 167 276 212 omnino
310 166 511 224 ignorans
546 182 642 210 casu
692 165 916 210 occidisset
966 166 1225 224 inimicum,
1276 168 1331 210 ita
1380 180 1525 212 tamen

93 251 205 284 esset
237 238 487 297 dispositus,
521 238 637 297 quod
686 239 720 281 si
771 239 894 283 sciret
947 254 1038 282 esse
1087 240 1328 298 inimicum,
1362 240 1524 284 facilius

93 311 322 368 occideret,
338 326 427 354 non
460 323 685 369 propterea
719 312 831 354 actio
869 311 941 354 illa
975 324 1169 355 censetur
1192 310 1250 354 illi
1273 312 1524 371 voluntaria3

93 385 197 443 quin
228 383 372 441 potius
414 382 666 426 Aristoteles
716 384 885 426 vocavit
939 382 1053 426 illam
1103 384 1489 428 non-volmztrzriam
1513 420 1524 438 ,

94 446 249 499 etidici
284 455 412 499 etiam
444 467 587 513 potest
622 456 1014 500 non-involmztaria
1040 473 1080 499 ».

644 614 811 667 THESIs
847 625 964 668 XVI.

98 719 427 778 Concupiscentia
460 734 695 776 consequens
719 734 786 762 nee
809 719 1092 762 volzmtarmm
1118 720 1218 763 tollit
1244 736 1310 764 nec
1340 720 1523 765 liberum.

212 791 324 836 Idem
355 800 408 835 est
436 800 509 850 per
542 807 579 835 se
610 791 868 835 asserendum
903 791 946 834 de
993 794 1306 849 coifzcupiscerztia
1354 802 1514 838 antece-

209 864 349 907 dente:
383 864 475 907 haec
507 873 644 906 antem
677 865 866 921 quant-vis
902 879 979 906 non
1014 864 1143 917 tollat,
1194 873 1327 908 tamen
1377 867 1516 909 immi-

211 937 304 978 nuit
338 935 506 978 liberum
540 936 581 977 in
614 943 720 988 actu,
754 936 823 992 qni
856 951 904 977 ex
940 950 982 977 ea
1013 937 1197 993 ponitur.

211 1067 281 1122 48.
323 1067 689 1110 PRAENOTIONES.
726 1067 861 1110 Vocis
898 1066 1024 1108 huius
1069 1068 1388 1124 concupiscentia
1411 1068 1527 1110 mul-

93 1137 223 1196 tiplex
255 1150 318 1182 est
350 1139 539 1196 acceptio
558 1138 642 1197 (1).
663 1138 745 1182 Sed
770 1139 810 1181 in
836 1138 910 1181 hac
935 1138 1231 1196 philosophica
1265 1141 1515 1197 quaestione

93 1211 274 1254 nomine
315 1211 684 1269 concupiscentiae
735 1209 1046 1267 intelligimus,
1098 1224 1266 1254 motum
1316 1213 1527 1270 appetitus

94 1283 284 1326 sensitivi
319 1298 419 1340 erga
453 1282 614 1326 bonum
649 1281 863 1334 sensibile,
896 1300 914 1323 «
947 1296 1117 1325 motum
1153 1284 1405 1340 appetitivae
1439 1285 1528 1327 vir-

93 1356 195 1399 tutis
230 1354 453 1409 sensibilis,
489 1355 561 1413 qui
597 1367 661 1398 est
697 1371 749 1398 ex
783 1355 1093 1411 imaginatione
1127 1354 1227 1398 boni
1246 1372 1265 1395 ³>
1295 1356 1376 1414 (2).

213 1428 424 1485 Respectu
474 1426 706 1470 voluntatis
767 1427 1108 1483 concupiscentia
1158 1426 1437 1484 distinguitur
1484 1429 1526 1470 in

93 1498 380 1543 antecedentem
413 1509 453 1542 et
485 1507 793 1556 consequentem,
817 1514 867 1541 eo
904 1511 1024 1555 pacto
1059 1513 1144 1556 quo
1175 1498 1217 1540 in
1250 1498 1527 1556 praecedente

93 1567 203 1612 thesi
235 1568 522 1626 ignorantiam
556 1561 616 1611 in*
634 1568 953 1611 antecedentem
990 1581 1029 1611 et
1069 1582 1408 1626 consequentem
1457 1568 1526 1612 di-

96 1639 360 1684 videbamus.
386 1640 460 1683 Est
493 1640 624 1697 igitur
657 1639 924 1697 antecedens,
944 1640 1115 1698 quando
1150 1652 1297 1683 motus
1336 1642 1527 1684 sensitivi

98 1712 316 1770 appetitus
341 1712 384 1754 in
407 1710 571 1755 bonum
598 1712 752 1755 sensile
776 1711 1020 1755 naturaliter
1043 1728 1276 1770 exsurgens
1301 1714 1527 1770 praevertit

95 1797 272 1826 omnem
306 1794 446 1825 actum
481 1782 719 1826 voluntatis
769 1795 808 1826 et
857 1782 963 1825 hanc
1011 1783 1305 1827 antecedenter
1353 1782 1528 1827 inclinat

94 1870 168 1898 seu
203 1855 351 1898 invitat
390 1855 441 1899 ad
477 1854 665 1897 similem
701 1868 840 1897 actum
877 1870 976 1911 erga
1009 1854 1170 1897 bonum
1211 1853 1408 1898 sensibile
1443 1870 1526 1913 po-

93 1925 296 1969 nendum.
332 1926 406 1969 Est
440 1941 722 1984 consequens,
759 1925 930 1983 quando
966 1926 1222 1969 causalitatis
1249 1925 1398 1970 ordine
1433 1925 1528 1969 sub-

94 1998 289 2056 sequitur
321 2010 464 2041 actum
500 1998 745 2054 voluntatis,
769 1997 816 2040 ab
852 2013 987 2055 eoque
1022 1997 1210 2042 effective
1246 1998 1460 2057 procedit:
1487 1998 1527 2041 id

95 2082 236 2114 autem
276 2070 491 2128 contingit
526 2070 836 2128 potissimum,
870 2069 1041 2127 quando
1089 2069 1285 2114 voluntas
1334 2069 1528 2113 studiose

205 2260 261 2313 (i)
289 2267 347 2303 Sic
374 2268 416 2303 ab
444 2266 624 2314 Apostolo
653 2266 780 2301 dicitur
808 2267 1072 2313 concupiscentia
1108 2265 1225 2301 fomes
1264 2266 1322 2300 ille
1359 2266 1394 2300 in
1422 2266 1527 2301 nobis

97 2327 224 2363 insitus
249 2338 435 2373 pravarum
463 2327 681 2373 cupidinum.

189 2387 246 2433 (2)
268 2388 316 2422 Ita
339 2387 456 2429 s.Th.‚
477 2387 510 2421 111
534 2396 562 2430 3.
582 2395 671 2420 sent.
691 2386 772 2421 dist.
790 2386 843 2421 26.
860 2399 890 2433 q.
911 2397 934 2421 1.
953 2398 982 2420 a.
1001 2398 1028 2421 1.
1048 2386 1085 2419 Ι11
1103 2398 1132 2432 q.
1156 2385 1213 2422 IV.
1236 2386 1277 2420 de
1297 2386 1393 2420 malo
1409 2395 1471 2420 art.
1492 2395 1524 2421 2.

95 2445 139 2480 ad
167 2452 225 2489 4.¹¹¹
251 2457 277 2482 s.
304 2446 467 2482 Thomas
494 2445 690 2492 spectando
710 2446 1042 2492 concupiscentiam
1078 2458 1152 2480 non
1172 2454 1360 2493 tamquam
1393 2455 1523 2492 poten-

94 2509 163 2545 tiae
190 2519 322 2553 actum‚
349 2509 409 2544 sed
437 2518 621 2555 tamquam
652 2510 866 2555 potentiam,
883 2510 943 2545 ait:
967 2523 983 2541 «
1006 2511 1129 2546 Potest
1157 2510 1309 2556 intelligi
1331 2509 1525 2546 habitualis

97 2571 392 2618 concupiscentia
429 2570 505 2615 ipsa
539 2569 702 2615 pronitas
728 2569 783 2605 vel
811 2570 978 2605 habilitas
1007 2570 1049 2605 ad
1077 2570 1456 2618 concupiscendum.»
