1734 2784
679 92 945 144 —361—

92 175 247 225 iniuria
276 181 388 224 inter
422 194 580 225 ceteras
614 185 753 240 gravis
787 199 927 242 eoque
961 185 1148 242 gravior,
1174 201 1261 244 quo
1296 186 1434 229 maior
1463 199 1526 231 est

89 253 289 296 maiestas
321 252 449 309 illius,
482 255 554 311 qui
589 256 894 309 contemnitur,
930 271 1003 299 seu
1039 272 1126 314 quo
1161 258 1299 300 maior
1345 271 1409 302 est
1460 258 1523 302 di-

91 325 245 368 stantia
275 325 386 368 inter
432 324 555 367 illum
588 327 661 383 qui
709 328 873 384 spernit
917 340 956 371 et
991 327 1115 371 illum
1165 330 1238 386 qui
1289 331 1521 388 spernitur.

97 396 250 449 Quum
285 396 426 453 itaque
458 397 501 439 in
534 395 625 451 hac,
660 397 711 441 de
746 415 828 456 qua
860 399 1042 456 agixnu5‚
1068 401 1319 457 quaestione
1342 401 1427 459 ille,
1450 402 1523 460 qui

95 470 400 521 contemnitur,
422 468 475 510 sit
497 468 616 511 Deus
652 471 849 513 maiestas
884 470 1063 528 infinita,
1087 471 1154 514 ille
1178 487 1296 525 vero,
1323 473 1396 531 qui
1421 488 1527 517 con-

97 539 267 596 temnit,
299 539 353 581 sit
386 553 460 582 ens
494 538 678 594 finitum3
713 540 876 584 infinita
908 555 1051 585 autem
1085 542 1138 585 sit
1186 541 1382 587 distantia
1414 545 1526 588 inter

91 606 263 651 finitum
296 621 337 652 et
371 608 606 668 infinitum,
640 624 767 656 restat
799 629 974 669 gravem
999 613 1169 672 culpam
1193 630 1285 658 esse
1321 616 1521 659 iniuriam

92 679 422 739 quodammodo
454 681 677 727 infinitam.

216 751 405 806 «Habet,
439 753 494 796 ita
527 769 558 798 s,
587 754 784 798 Thomas
810 756 894 814 (1),
920 756 1140 814 quodlibet
1166 770 1387 814 peccatum
1422 772 1524 800 con-

89 833 151 866 tra
184 822 327 866 Deum
363 825 647 868 commissum
673 826 904 883 quamdam
931 826 1184 871 infinitatem
1209 844 1259 871 ex
1283 841 1397 886 parte
1424 829 1524 881 Dei,

188 1072 246 1118 (1)
274 1072 314 1106 In
341 1083 470 1118 opuSC.
501 1072 545 1106 ΙΙ.
574 1072 766 1118 compend.
794 1072 959 1117 theolog.
999 1073 1041 1106 ad
1070 1072 1169 1108 fratr.
1206 1073 1398 1120 Reginald.
1443 1085 1522 1119 cap.

93 1132 324 1168 CLXXXIII.
351 1131 443 1167 Ibid.
473 1131 560 1165 alias
587 1131 684 1166 addit
711 1132 881 1167 rationes.
909 1132 966 1167 Cf.
994 1132 1102 1167 etiam
1141 1133 1235 1167 inter
1269 1145 1380 1178 opera
1421 1133 1522 1167 eius-

92 1190 175 1226 dem
201 1203 228 1226 s.
255 1191 440 1233 Doctoris‚
475 1201 502 1225 1.
523 1201 553 1225 2.
582 1203 616 1237 q.
646 1191 702 1235 87.
730 1202 761 1226 a.
786 1202 829 1236 3.:
860 1191 940 1226 lect.
970 1201 1000 1225 2.
1023 1193 1070 1226 in.
1094 1203 1123 1227 c.
1142 1193 1188 1227 11.
1211 1192 1316 1238 epist.
1335 1192 1378 1226 ad
1396 1193 1520 1227 Rom:

95 1250 130 1285 in
156 1251 200 1285 ΙΙ.
227 1259 319 1285 sent.
348 1249 428 1285 dist.
455 1249 513 1292 46.
541 1263 573 1297 q.
605 1261 632 1284 1.
662 1261 694 1285 a.
739 1260 779 1293 5.:
809 1251 843 1284 in
886 1251 947 1285 IV.
975 1259 1066 1285 sent.
1096 1251 1176 1286 dist.
1204 1250 1261 1294 46.
1290 1263 1320 1297 q.
1354 1263 1381 1286 1.
1413 1263 1445 1286 a.
1476 1262 1520 1296 3.:

88 1309 268 1357 supplem.
295 1322 327 1356 q.
355 1319 411 1355 99.
438 1322 466 1345 a.
500 1321 528 1344 1.
545 1309 638 1344 Vide
665 1311 774 1344 etiarn
803 1311 979 1351 Lessium,
1000 1311 1043 1345 de
1070 1311 1157 1356 perf.
1175 1323 1268 1345 mor.
1289 1311 1517 1345 div.l.X111.

89 1382 121 1406 c.
149 1369 216 1409 26..
244 1370 343 1405 cuius
369 1382 413 1404 en
441 1369 557 1417 aliqua
583 1370 703 1404 verba:
743 1370 916 1405 «Malitia
944 1369 1107 1406 formalis
1133 1372 1270 1417 peccati
1297 1382 1372 1405 non
1401 1371 1521 1405 solum

89 1429 254 1465 consistit
281 1429 316 1463 in
343 1440 486 1463 recessu
514 1441 532 1463 a
559 1429 680 1475 regula
707 1430 857 1464 rationis
886 1441 947 1464 seu
975 1430 1089 1476 (quod
1116 1430 1213 1464 idem
1253 1430 1321 1475 est)
1351 1431 1387 1464 in
1425 1441 1523 1477 repu-

90 1490 239 1536 gnantia
266 1497 366 1523 actus
395 1499 477 1522 cum
505 1489 630 1535 regula
657 1497 775 1523 rectae
804 1489 951 1524 rationis
991 1498 1050 1524 aut
1081 1498 1208 1524 natura
1248 1489 1428 1532 rationali,
1457 1489 1519 1524 sed

94 1549 200 1585 etiam
228 1551 262 1584 in
289 1548 446 1595 quadam
474 1549 600 1583 iniuria
629 1560 716 1595 quae
744 1550 922 1595 irrogatur
942 1549 1033 1591 Deo,
1062 1561 1151 1596 quae
1170 1550 1342 1595 reperitur
1360 1550 1394 1584 in
1417 1550 1518 1583 omni

89 1617 238 1656 peccato
264 1607 514 1643 mortifero....
555 1607 692 1643 Omnia
718 1618 862 1654 peccata
903 1607 1088 1643 mortIfera
1124 1609 1160 1643 in
1197 1621 1240 1644 eo
1280 1610 1520 1648 conveniunt.

88 1668 186 1716 quod
212 1667 396 1702 includant
423 1667 614 1713 quemdam
643 1672 872 1714 contemptum
899 1667 979 1710 Dei,
1007 1668 1075 1702 alia
1118 1670 1307 1711 maiorem,
1337 1669 1406 1703 alia
1448 1668 1520 1702 mi-

89 1737 230 1762 norem.
257 1727 296 1760 In
324 1726 539 1773 quibusdam
568 1726 663 1761 enim
692 1728 808 1773 magis
836 1727 970 1762 directe
997 1728 1243 1763 contemnitur
1268 1730 1377 1771 Deus,
1404 1738 1442 1764 ut
1482 1728 1518 1763 in

89 1787 176 1822 odio
202 1787 286 1827 Dei,
303 1787 339 1820 in
359 1785 596 1832 blasphemia,
613 1786 647 1820 in
669 1786 887 1829 idololatria,
915 1788 949 1821 in
978 1787 1198 1830 infidelitate,
1214 1788 1418 1834 sacrilegio,
1449 1799 1518 1834 pe-

88 1848 214 1891 riurio,
242 1847 440 1883 violatione
466 1847 552 1889 voti,
585 1846 837 1893 desperatione
856 1856 890 1880 et
918 1847 1103 1889 similibus,
1124 1859 1212 1893 quae
1239 1847 1358 1893 magis
1384 1847 1518 1882 directe

88 1918 171 1944 sunt
195 1917 321 1943 contra
347 1908 417 1942 Dei
442 1907 636 1941 honorem:
667 1907 700 1940 in
730 1906 806 1940 aliis
834 1906 951 1940 solum
981 1906 1151 1941 indirecte
1174 1916 1208 1941 et
1238 1907 1517 1952 interpretative‚

89 1977 265 2015 quatenus
294 1967 451 2001 violatur
477 1975 511 2001 et
539 1967 784 2000 contemnitur
813 1965 867 2000 lex
897 1965 1014 1999 divina
1043 1965 1078 1999 in
1107 1978 1143 2001 re
1170 1967 1269 2012 gravi
1308 1975 1342 2000 et
1381 1977 1513 2001 conse-

90 2036 241 2075 quenter
268 2028 342 2073 ipse
368 2027 565 2073 legislator,
596 2026 741 2072 eiusque
770 2025 927 2059 amicitia
955 2034 988 2059 et
1016 2026 1196 2070 promissa
1224 2025 1348 2060 omnia
1380 2035 1413 2060 et
1439 2025 1514 2059 mi-

89 2099 156 2122 nae
181 2098 344 2122 omnes...
364 2086 532 2133 Sequitur
559 2085 640 2119 inde
660 2094 847 2131 peccatum
872 2084 1100 2119 mortiferum
1122 2085 1309 2119 continere
1337 2084 1516 2120 malitiam

89 2147 282 2189 infinitam,
312 2157 385 2181 non
414 2146 558 2192 quidem
587 2145 752 2180 absolute
779 2154 812 2179 et
852 2145 1018 2185 omnino,
1047 2145 1108 2180 sed
1147 2145 1357 2191 respective.
1395 2146 1515 2180 Docet

91 2205 162 2242 hoc
186 2219 214 2242 s.
241 2206 417 2247 Thomas,
445 2206 504 2240 ubi
534 2205 629 2248 dicit,
655 2216 681 2240 1.
702 2216 733 2240 2.
761 2217 792 2251 q.
820 2206 876 2250 87.
903 2216 932 2238 a.
950 2215 994 2247 4.,
1017 2209 1191 2252 peccatum
1219 2217 1258 2239 ex
1280 2211 1381 2251 parte
1408 2216 1513 2240 aver-

89 2265 195 2300 sionis
212 2269 256 2300 est
274 2264 480 2310 infinitum...
506 2265 612 2299 Ratio
640 2274 706 2306 est,
736 2265 816 2311 quia
844 2275 914 2311 quo
942 2265 1124 2306 maiestas,
1143 2276 1233 2310 quae
1253 2264 1518 2306 contemnitur,

91 2332 144 2359 est
169 2325 298 2366 maior,
326 2335 368 2358 eo
397 2323 551 2358 offensio
579 2332 631 2357 est
659 2323 813 2369 gravior:
841 2324 937 2369 atqui
974 2322 1143 2357 maiestas
1180 2324 1263 2365 Dei,
1294 2335 1383 2369 quae
1424 2334 1516 2357 con-

88 2382 262 2418 temnitur
289 2391 438 2429 peccato
466 2381 670 2423 mortifere,
699 2392 750 2416 est
780 2382 929 2416 infinita:
960 2393 1047 2426 ergo
1075 2380 1231 2416 offensio
1261 2382 1371 2416 etiam
1392 2393 1518 2428 quam-

89 2442 172 2477 dam
198 2442 414 2476 infinitatem
440 2441 596 2476 habet....
624 2441 728 2476 Ratio
755 2453 842 2476 vero
870 2452 931 2475 cur
958 2440 1020 2474 illo
1049 2449 1265 2485 argumento
1307 2452 1382 2475 non
1423 2452 1515 2475 con-

89 2501 254 2538 cludatur
278 2501 442 2536 absoluta
469 2500 625 2535 infinitas
652 2501 686 2534 in
715 2500 855 2535 ratione
875 2500 1034 2535 malitiae
1054 2508 1116 2542 est,
1138 2500 1219 2546 quia
1239 2500 1421 2533 obiectum
1442 2510 1517 2533 non

89 2561 279 2609 attingitur
303 2560 511 2608 adaequate:
543 2561 636 2594 unde
663 2571 736 2594 non
767 2559 963 2606 adaequate
991 2559 1107 2594 influit
1137 2559 1172 2594 in
1201 2569 1336 2602 actum,
1357 2571 1423 2594 nec
1451 2559 1517 2594 tri·
