1734 2784
820 119 1083 149 -202—

243 217 287 243 se
322 200 523 243 movendi
559 200 610 243 de
644 200 740 243 loco
765 200 814 242 ad
847 199 1008 252 locum,
1046 198 1228 242 exeundi
1267 197 1418 251 domo,
1454 199 1657 257 pergendi

242 272 293 315 ad
327 287 526 329 campum
561 284 638 314 etc.
674 271 803 328 Atqui
839 270 915 313 hae
949 271 1062 328 ipsae
1094 271 1280 313 actiones
1304 270 1403 311 siin
1436 269 1656 314 individuo

243 343 538 400 inspiciantur,
587 358 674 385 non
724 354 822 384 sunt
872 341 1052 399 amplius
1101 340 1416 395 indifferentes,
1466 340 1539 384 sed
1591 340 1658 384 vel

242 413 375 457 bonae
409 413 590 456 evadunt
626 413 689 456 vel
725 413 858 456 malae
894 414 1056 455 ratione
1090 412 1431 455 circumstantiae
1464 412 1654 468 alicuius,

241 485 305 527 sin
340 486 481 527 minus
516 486 674 527 ratione
708 483 801 526 finis
837 485 1067 542 operantis.
1087 485 1200 540 Ergo
1234 483 1371 527 nullae
1405 496 1502 527 sunt
1525 484 1654 528 actio-

240 571 330 612 neS‚
363 572 470 613 quae
504 557 543 598 in
581 555 804 599 individuo
837 556 1125 598 consideratae
1159 556 1243 598 sint
1276 554 1577 599 indifferentes.

359 627 570 670 Probatur
604 629 759 670 minor.
795 627 872 670 Vel
898 626 1030 669 homo
1056 627 1286 685 praedictas
1310 628 1496 669 actiones
1535 627 1655 684 ponit

242 699 281 739 in
323 698 474 741 debitis
525 699 730 741 adiunctis
774 699 871 756 loci,
919 700 1140 756 temporis,
1176 698 1307 754 modi,
1357 711 1481 756 atque
1528 698 1654 740 etiam

240 769 499 812 intendendo
534 769 663 812 finem
699 769 903 823 debitum,
947 770 1011 813 vel
1056 785 1155 812 non.
1208 771 1252 813 Si
1297 770 1498 827 primum,
1542 780 1655 826 patet

239 842 454 884 actionem
489 858 580 885 esse
615 842 786 885 bonam.
822 843 895 885 Sin
930 842 1128 894 alterum,
1161 843 1268 884 actio
1303 854 1365 884 est
1398 840 1518 898 mala,
1541 841 1653 898 quia,

240 912 611 969 quemadmodum
647 928 718 955 ens
753 913 952 956 rationale
987 912 1121 955 facere
1153 924 1333 965 tenetur,
1358 927 1444 954 non
1478 912 1652 969 ponitur

238 985 346 1026 actio
380 984 574 1028 ordinate
608 985 634 1028 i.
665 1001 699 1027 e.
737 986 779 1027 in
812 984 1018 1028 adiunctis
1044 983 1193 1027 debitis
1217 983 1282 1026 vel
1308 999 1395 1026 non
1419 982 1652 1026 intenditur

237 1054 331 1097 finis
366 1054 544 1100 debitus.
586 1075 605 1096 α
637 1062 837 1114 Oportet,
882 1057 1019 1114 inquit
1051 1072 1082 1099 S.
1117 1055 1316 1098 Thomas
1349 1054 1434 1113 (Ι),
1483 1067 1528 1096 ut
1561 1055 1652 1112 qui-

236 1126 336 1170 libet
368 1127 640 1171 individualis
674 1140 789 1170 actus
823 1127 891 1182 (de
935 1127 1015 1169 illis
1057 1126 1215 1170 actibus
1262 1127 1540 1184 potissimum
1582 1125 1652 1168 lo·-

236 1198 396 1254 quitur,
431 1199 503 1255 qui
538 1214 587 1240 ex
620 1197 789 1241 obiecto
824 1210 922 1240 sunt
956 1197 1259 1254 indifferentes)
1296 1196 1444 1239 habeat
1465 1195 1649 1254 aliquam

236 1269 613 1322 circumstantiam,
638 1286 711 1327 per
734 1285 861 1327 quam
894 1269 1084 1312 trahatur
1118 1269 1167 1312 ad
1191 1268 1353 1311 bonum
1377 1267 1443 1311 vel
1465 1267 1646 1321 malum,

235 1340 286 1383 ad
320 1341 460 1383 minus
495 1357 544 1383 ex
577 1354 692 1398 parte
727 1341 974 1383 intentionis
1023 1340 1131 1383 finis.
1168 1341 1280 1384 Cnm
1317 1340 1431 1382 enim
1476 1340 1650 1383 rationis

235 1412 288 1453 sit
326 1411 536 1468 ordinare,
586 1424 702 1455 actus
747 1428 768 1454 a
806 1413 968 1455 ratione
1012 1411 1282 1455 deliberativa
1326 1410 1574 1468 proceden8‚
1612 1412 1646 1453 si

234 1498 319 1525 non
355 1483 409 1525 sit
442 1483 492 1526 ad
526 1483 717 1526 debitum
751 1483 881 1527 finem
916 1483 1152 1540 ordinatus,
1185 1499 1234 1526 ex
1269 1482 1349 1525 hoc
1393 1484 1487 1540 ipso
1520 1498 1650 1539 repu-

233 1566 333 1610 gnat
367 1555 535 1610 rationi,
570 1567 609 1597 et
644 1554 767 1598 habet
802 1556 1011 1597 rationem
1061 1554 1181 1597 mali:
1216 1554 1250 1596 si
1283 1569 1384 1596 vero
1429 1553 1650 1596 ordinetur

233 1625 283 1668 ad
318 1625 508 1669 debitum
542 1625 688 1682 finem,
724 1626 921 1669 convenit
972 1641 1069 1668 cum
1103 1625 1253 1668 ordine
1296 1625 1490 1677 rationis,
1535 1623 1648 1667 unde

233 1696 357 1739 habet
390 1698 599 1740 rationem
634 1697 747 1741 boni.
780 1698 970 1741 Necesse
1007 1708 1068 1739 est
1101 1709 1243 1739 autem
1277 1695 1394 1753 quod
1426 1694 1492 1738 vel
1525 1694 1646 1738 ordi-

232 1781 355 1810 netur
388 1768 453 1811 vel
485 1785 573 1811 non
606 1769 827 1812 ordinetur
860 1769 909 1812 ad
944 1767 1134 1812 debitum
1166 1767 1309 1810 finem.
1325 1768 1452 1811 Unde
1476 1782 1648 1810 necesse

233 1850 294 1880 est
339 1854 514 1881 omnem
559 1853 699 1882 actum
734 1839 923 1882 hominis
957 1855 977 1881 a
1017 1838 1282 1882 deliberativa
1329 1839 1493 1881 ratione
1541 1854 1646 1896 pro-

237 1908 456 1951 cedentem
510 1910 552 1952 in
600 1910 821 1953 individuo
873 1909 1188 1952 consideratum
1236 1908 1397 1951 bonum
1446 1924 1537 1952 esse
1578 1907 1645 1951 vel

234 1979 410 2023 malum.
440 1998 458 2020 ›>

325 2166 381 2209 (1)
401 2165 439 2198 In
461 2175 487 2198 1.
508 2173 538 2198 2.
558 2176 589 2210 q.
614 2165 664 2199 18.
683 2178 713 2200 a.
733 2177 766 2211 9.
783 2166 867 2210 Quo
885 2165 920 2199 in
937 2165 1087 2199 articulo
1103 2165 1171 2199 hoc
1187 2163 1389 2210 praestituit
1404 2173 1485 2198 ante
1505 2165 1643 2207 omnia,

229 2232 300 2257 tres
328 2234 403 2258 esse
430 2222 549 2258 fontes
576 2223 632 2257 vel
660 2224 835 2270 principia
871 2224 1096 2265 moralitatis,
1127 2224 1320 2266 obiectum,
1348 2223 1643 2266 circumstantias,

228 2283 337 2317 finem
364 2284 557 2329 operantis.
589 2285 733 2318 «Actus
761 2284 908 2317 moralis
946 2295 1019 2318 non
1060 2284 1179 2317 solum
1218 2284 1324 2318 habet
1362 2284 1561 2318 bonitatem
1599 2294 1641 2317 ex

227 2342 384 2384 obiecto,
411 2354 430 2376 a
458 2354 528 2388 quo
555 2342 663 2377 habet
690 2343 859 2388 speciem,
879 2343 940 2377 sed
967 2343 1075 2377 etiam
1102 2354 1144 2376 ex
1170 2343 1446 2377 circumstantiis
1465 2343 1568 2388 (quas
1586 2342 1642 2376 in-

226 2408 281 2433 ter
308 2400 463 2444 primum
490 2410 587 2435 tenet
616 2400 737 2434 locum
764 2401 843 2435 finis
872 2401 1083 2446 operantis),
1113 2412 1201 2447 quae
1227 2410 1309 2435 sunt
1333 2401 1431 2446 quasi
1465 2400 1640 2446 quaedam

227 2458 435 2494 accidentia.
463 2460 560 2494 Sicut
586 2459 721 2506 aliquid
749 2460 919 2494 convenit
947 2460 1132 2494 individuo
1158 2460 1318 2495 hominis
1343 2459 1540 2494 secundum
1573 2470 1637 2493 ac-

229 2517 383 2552 cidentia
410 2518 650 2561 individualia,
679 2519 775 2565 quod
803 2531 877 2554 non
905 2521 1075 2554 convenit
1111 2520 1251 2554 homini
1287 2518 1486 2553 secundum
1522 2518 1639 2552 ratio-

227 2587 312 2610 nem
338 2577 481 2622 speciei.
499 2591 515 2610 »
542 2577 635 2612 Vide
663 2579 771 2612 etiarn
799 2579 826 2613 Ι.
852 2587 940 2612 sent.
969 2578 1047 2613 dist.
1080 2589 1107 2613 1.
1134 2591 1166 2625 q.
1198 2587 1227 2621 3.
1255 2578 1301 2612 ad
1327 2584 1382 2623 3.¹¹¹

1724 2461 1734 2503 ’.ιυ-
1730 2450 1734 2456 ,
