1734 2784
680 80 944 138 -385-

629 320 795 364 Tm-:s1s
830 319 990 363 XLIX.

103 434 459 493 Quemadmodum
491 435 615 493 igitur
646 434 964 486 naturalistnm,
989 448 1106 492 quem
1129 440 1276 476 vocant
1309 431 1520 484 moralem,

215 508 275 551 ita
307 507 431 551 etiam
462 506 630 550 moralis
661 506 943 564 positivismus
983 513 1036 548 est
1068 505 1232 548 omnino
1270 503 1523 547 reiiciendus.

224 629 319 671 140.
353 614 722 658 PRAENOTtoNES.
746 613 848 657 Duo
882 624 981 656 sunt
1015 612 1232 670 praecipui
1256 610 1307 655 de
1329 610 1423 668 lege
1447 625 1524 668 po-

100 686 224 730 sitiva
256 700 436 743 errores,
469 684 572 728 alter
605 683 793 741 illorum,
828 684 901 742 qui
933 683 1070 727 solam
1114 681 1345 726 admittunt
1378 681 1519 739 legem

99 757 352 813 naturalem,
390 773 654 816 omnemque
688 757 885 800 reiiciunt
920 756 1149 814 positivam
1189 754 1521 813 legislationem,

100 831 354 892 praesertim
389 829 593 883 divinam,
618 842 658 874 et
681 829 751 873 hic
784 844 902 873 error
924 828 1226 872 vszatzcralismus
1251 826 1416 871 moralis
1441 825 1522 869 dici

99 915 253 963 potest:
287 901 389 946 alter
422 901 611 959 illorum,
645 901 718 960 qui
750 900 892 958 legem
928 899 1124 943 reiiciunt
1163 897 1414 952 naturalem,
1455 913 1524 941 so-

103 975 274 1034 lamque
322 973 552 1018 admittunt
586 973 815 1032 positivam
848 971 1178 1029 legislationem,
1222 983 1261 1014 et
1308 970 1374 1013 hic
1409 984 1527 1013 error

102 1048 186 1092 dici
220 1046 328 1091 solet
357 1048 643 1106 positi-visimus
677 1045 859 1089 moralis.

218 1121 285 1164 De
317 1118 598 1163 naturalismo
633 1117 783 1161 morali
817 1118 899 1160 iam
935 1118 1034 1160 satis
1071 1116 1231 1160 dictum
1262 1128 1323 1158 est
1348 1115 1389 1157 in
1414 1114 1523 1157 thesi

100 1191 425 1252 quadragesima
461 1191 655 1249 septima,
690 1190 730 1232 in
766 1205 846 1248 qua
881 1188 1165 1241 ostendimus,
1201 1187 1431 1245 positivam
1465 1185 1528 1228 le-

102 1281 201 1325 gem
234 1277 328 1309 tum
362 1263 549 1308 divinam
585 1275 678 1306 tum
713 1262 946 1306 humanam
982 1277 1067 1305 non
1103 1260 1235 1304 modo
1276 1258 1528 1317 possibilem

101 1354 208 1396 esse,
240 1337 314 1382 sed
346 1338 475 1381 etiam
509 1336 853 1389 convenientem,
888 1334 1053 1391 utilem,
1087 1347 1212 1392 atque
1245 1332 1348 1376 adeo
1384 1347 1528 1375 neces-

100 1411 267 1467 sariam,
300 1408 583 1468 eamdemque
617 1423 763 1466 reapse
801 1408 994 1451 existere.
1038 1404 1175 1459 Quod
1216 1420 1318 1447 vero
1370 1416 1529 1461 spectat

101 1483 151 1527 ad
184 1483 505 1542 positivismum
539 1480 765 1535 moralem,
800 1481 891 1524 eius
926 1478 1081 1523 falsitas
1116 1490 1228 1536 patet
1262 1489 1357 1520 tum
1381 1493 1429 1520 ex
1465 1477 1529 1529 iis,

102 1571 209 1614 quae
242 1553 292 1598 de
324 1553 417 1612 lege
450 1566 619 1598 aeterna
644 1568 689 1597 ac.
711 1553 889 1596 naturali
917 1552 1110 1596 diximus
1136 1551 1176 1593 in
1201 1550 1314 1593 artic.
1339 1550 1465 1592 tertio
1490 1561 1529 1591 et

102 1638 255 1684 quarto
280 1625 408 1669 huius
444 1626 609 1684 capitis,
635 1638 728 1668 tum
753 1641 803 1668 ex
827 1625 892 1682 iis,
916 1640 1024 1682 quae
1049 1624 1090 1665 in
1116 1622 1396 1680 praecedente
1419 1620 1530 1664 thesi

102 1696 413 1755 disputavimus
438 1696 488 1740 de
512 1695 758 1740 habitudine
782 1696 885 1753 legis
912 1695 1122 1754 positivae
1147 1693 1196 1737 ad
1222 1693 1362 1750 legem
1397 1704 1528 1735 aeter-

102 1784 202 1814 nam
225 1784 271 1813 ac
294 1768 544 1812 naturalem.
570 1769 667 1812 Hoc
692 1783 848 1825 nempe
877 1784 925 1810 ex
950 1782 995 1810 ea
1019 1766 1130 1809 thesi
1154 1764 1377 1808 manifeste
1401 1776 1529 1821 patet,

103 1841 221 1900 quod
253 1841 477 1899 seiungere
510 1857 531 1884 a
564 1841 659 1898 lege
694 1840 877 1898 positiva
901 1839 1039 1895 legem
1065 1837 1318 1889 naturalem,
1348 1851 1531 1894 eamque

103 1913 293 1966 reficere,
328 1912 442 1956 idem
478 1927 654 1970 prorsus
705 1924 766 1954 est
810 1926 854 1954 ac
900 1910 1082 1954 radicem
1136 1907 1294 1961 arbori,
1339 1906 1530 1951 aedificio

103 1983 239 2028 basim
271 1983 530 2027 subtrahere:
565 1996 724 2026 arescet
759 1981 917 2025 scilicet
962 1981 1100 2037 arbor,
1146 1993 1241 2024 ruet
1276 1979 1530 2023 aedificium.

102 2055 261 2100 Iuverit
292 2067 436 2099 tamen
468 2054 519 2098 ad
554 2054 769 2098 exitialem
803 2054 915 2097 hunc
960 2068 1150 2096 errorem
1195 2052 1367 2110 penitus
1404 2050 1532 2095 refel-

103 2127 279 2172 lendum
314 2142 445 2186 pauca
478 2126 648 2171 addere.

227 2213 319 2255 141.
355 2200 735 2243 DEMONsTRA'rlo.
772 2199 832 2242 Ex
868 2198 1121 2256 positivistis
1166 2197 1233 2240 alii
1282 2196 1419 2240 solam
1454 2196 1530 2239 ad-

105 2271 281 2315 mittunt
313 2270 453 2329 legem
489 2270 739 2324 humanam,
778 2271 898 2314 omni
934 2271 1089 2314 reiecta
1137 2270 1229 2326 lege
1270 2268 1411 2312 divina
1446 2268 1533 2311 sive

105 2343 286 2401 positiva
319 2343 405 2386 sive
439 2342 630 2398 naturali,
665 2343 728 2386 alii
766 2358 868 2386 vero
902 2342 1040 2399 legem
1075 2341 1248 2399 quidem
1298 2339 1533 2384 naturalem

106 2415 317 2469 reiiciunt‚
352 2430 438 2459 non
472 2431 576 2459 vero
611 2416 837 2472 positivam
874 2414 1073 2458 divinam.

139 2490 142 2493 ’
224 2487 255 2531 Ι.
292 2488 546 2545 Spectemus
575 2489 707 2545 primo
738 2503 825 2540 eos,
851 2489 924 2545 qui
957 2487 1090 2530 solam
1129 2486 1358 2530 admittunt
1391 2485 1531 2543 legem

107 2557 358 2616 humanam,
391 2559 645 2601 nominatim
679 2574 777 2602 vero
813 2557 997 2602 civilem.

1395 2627 1434 2662 25
