1734 2784
180 154 321 197 totius
355 153 519 207 mundi,
552 152 690 196 voluit
712 153 953 210 Aegyptios
976 153 1159 211 spoliare
1189 153 1279 196 suis
1300 152 1411 196 vasis
1434 163 1611 209 propter

182 239 338 268 eorum
370 235 554 282 peccata,
587 235 628 266 et
663 222 822 267 donare
857 240 906 267 ea
944 224 1072 267 Israel
1105 240 1183 282 pro
1216 222 1412 267 mercede
1436 221 1611 276 laboris,

178 292 391 354 quem‘in
422 296 625 353 Aegypto
658 293 890 348 subierant,
928 295 1144 353 portando
1177 294 1337 352 lapides
1372 305 1413 338 et
1445 293 1524 337 alia
1556 292 1607 337 ad

177 367 494 411 ,aedificandum
527 367 777 411 necessaria.
809 368 925 412 Nam
959 383 1036 426 pro
1073 368 1187 411 iusto
1228 366 1371 410 labore
1402 364 1509 408 nihil
1541 380 1605 409 ac-

183 451 379 497 ceperant
411 438 460 482 ab
492 438 722 496 Aegyptiis
756 452 923 496 praeter
954 439 1139 483 verbera.
1165 457 1186 478 >³

299 511 448 568 Itaque
474 510 578 553 «lex
606 510 808 553 naturalis
834 526 921 554 non
941 523 1004 554 est
1021 512 1183 570 proprie
1205 508 1436 563 mutabilis,
1456 524 1604 567 quam-

174 582 241 624 vis
290 581 490 640 quaedam
536 594 758 644 praecepta
807 583 896 625 eius
946 583 1114 640 possint
1171 581 1323 626 habere
1380 580 1602 623 materiam

178 653 314 710 magis
345 653 413 696 vel
445 653 589 696 minus
624 653 888 708 mutabilem,
923 654 1041 712 quod
1087 670 1176 697 non
1219 654 1351 696 variat
1393 653 1603 697 rationem

173 723 404 767 formalem
438 724 544 782 legis
558 742 578 765 »
603 726 677 784 (Ι).
698 726 772 768 Est
805 726 937 783 igitur
963 725 1039 768 hac
1073 727 1115 769 in
1146 725 1240 783 lege
1272 724 1479 783 quaedam
1506 740 1604 767 mu-

175 797 348 839 tationis
392 797 553 853 imago,
579 813 685 854 quae
720 797 822 840 fallit
855 797 1110 855 quandoque
1143 798 1286 840 minus
1323 797 1525 840 intentos:
1556 795 1601 838 hi

174 869 384 911 nimirum
416 885 505 912 non
539 869 640 912 satis
676 868 994 926 distinguentes
1029 870 1135 912 inter
1168 870 1311 926 ipsum
1333 869 1398 911 ius
1426 881 1600 911 naturae

173 953 214 984 et
248 956 338 983 rem
374 940 424 984 de
458 957 541 999 qua
576 941 640 983 ius
675 954 847 984 naturae
883 940 1084 998 disponit,
1118 941 1402 983 mutationem
1427 941 1487 983 rei
1509 951 1598 982 tan-

172 1026 266 1055 tum
300 1014 519 1071 propriam
545 1012 736 1056 tribuunt
771 1014 937 1056 incaute
962 1013 1042 1070 ipsi
1066 1014 1162 1066 iuri,
1186 1011 1257 1055 ubi
1290 1025 1431 1055 tamen
1454 1012 1595 1069 ipsum

169 1086 237 1126 ius
272 1096 435 1127 constat
468 1099 543 1127 nec
577 1083 735 1141 aliquid
770 1085 860 1127 eius
895 1096 1109 1126 mutatum
1143 1096 1216 1126 cst.

669 1285 834 1327 THEffls
870 1285 1098 1328 XXXVII.

163 1419 281 1460 Haec
312 1426 367 1460 est
399 1418 484 1460 alia
519 1417 614 1474 legis
649 1417 856 1460 naturalis
886 1419 1128 1474 proprietas,
1160 1432 1247 1460 eam
1281 1432 1356 1460 esse
1409 1417 1594 1469 omnibus

287 1488 533 1541 hominibus,
569 1490 641 1546 qni
674 1490 826 1531 ratione
862 1497 1035 1532 utuntur
1068 1489 1286 1531 secundum
1307 1497 1481 1532 naturae
1501 1505 1591 1533 con-

284 1559 474 1602 ditionem
507 1559 746 1617 sufficienter
779 1561 959 1610 evoluta,
994 1561 1174 1617 apprime
1202 1561 1468 1617 perspicuam.

288 1680 383 1709 110.
422 1667 792 1709 PRAENo‘sioNEs.
839 1666 975 1708 Sensu
1023 1666 1236 1723 pressiore
1269 1668 1483 1724 proprium
1530 1667 1589 1709 rei

159 1736 342 1780 alicuius
378 1736 532 1781 dicitur
566 1736 685 1790 illud,
709 1737 825 1794 quod
849 1738 885 1779 ei
921 1737 1125 1794 competit
1158 1749 1197 1779 et
1231 1736 1407 1794 quidem
1440 1738 1477 1780 ei
1499 1737 1589 1782 soli:

159 1811 196 1852 si
230 1809 334 1867 quid
368 1811 481 1853 enim
517 1809 645 1853 alicui
685 1822 914 1868 competat,
947 1824 1034 1852 non
1067 1819 1211 1853 tamen
1234 1810 1329 1864 soli,
1352 1809 1395 1854 id
1416 1811 1588 1854 nonnisi

161 1897 287 1924 sensu
321 1881 472 1925 latiore
502 1882 583 1926 dici
618 1894 759 1940 potest
783 1883 842 1925 rei
866 1881 977 1924 illius
1000 1883 1227 1940 proprium
1250 1881 1315 1925 vel
1337 1883 1590 1941 proprietas.

160 1952 356 1996 Iamvero
389 1953 724 2010 inmutabilitas,
760 1953 810 1996 de
835 1969 918 2011 qua
940 1954 981 1996 in
1015 1955 1233 2011 superiore
1261 1954 1371 1997 thesi
1401 1954 1587 2012 egimus,

160 2036 238 2080 est,
271 2036 317 2067 ut
351 2040 401 2066 ex
435 2023 557 2067 dictis
605 2037 735 2082 patet,
769 2025 973 2082 pressiori
1021 2041 1147 2068 sensu
1196 2026 1432 2083 proprietas
1479 2026 1584 2084 legis

157 2094 285 2137 huius
319 2095 549 2139 naturalis:
585 2095 835 2154 eodemque
869 2108 992 2154 pacto
1025 2097 1260 2155 proprietas
1303 2097 1429 2140 huius
1476 2097 1584 2155 legis

157 2178 222 2208 est
247 2168 526 2224 perspicuitas.

275 2239 444 2295 Nonne,
477 2238 658 2295 inquies»,
693 2237 744 2282 de
776 2238 868 2298 lege
916 2239 1043 2283 etiam
1086 2240 1268 2298 positiva
1315 2241 1581 2299 praedicatur

154 2308 466 2365 perspicuitas?
500 2309 667 2353 Scilicet
702 2327 800 2354 cum
835 2310 975 2369 legem
1011 2314 1238 2370 positivam
1273 2313 1454 2357 dicimus
1489 2328 1580 2357 esse

250 2527 307 2574 (1)
336 2528 385 2563 Ita
413 2530 556 2573 SuareZ,
585 2531 628 2566 dc
658 2530 728 2577 leg.
760 2530 786 2567 l.
815 2532 859 2567 ΙΙ.
888 2543 917 2567 c.
947 2542 978 2578 7.
1005 2545 1039 2569 n.
1071 2544 1125 2569 10.
