1734 2784
390 180 509 204 ritem
537 190 582 194 —
610 171 665 204 An
693 170 773 204 ideo
801 171 894 204 beati
924 169 1079 205 liberum
1107 171 1292 205 arbitrium
1320 182 1394 206 non
1438 171 1506 206 ha-

390 230 547 263 bebunt:
578 229 765 274 responsio
792 240 818 263 s
844 230 1035 275 Augustini
1042 257 1384 264 .......

204 301 384 343 Thesis
414 301 468 342 X.
503 324 559 332 —
605 299 662 341 De
710 308 885 357 tempore
904 334 917 355 ‚
953 316 1029 358 qno
1072 300 1252 358 perfecta
1302 300 1503 346 beatitudo

377 370 676 413 obtinebitur..

297 464 350 499 29.
376 455 692 489 Demonstratio.
720 474 764 480 —
798 465 823 489 1.
846 455 968 489 Brevis
993 466 1035 489 ex
1063 455 1164 490 dictis
1190 455 1380 501 descriptio
1400 457 1510 492 beati-

388 514 524 548 tudinis
551 512 737 560 perfectae.
765 533 807 539 -
835 515 933 548 Haec
961 515 996 548 in
1023 515 1200 560 praesenti
1220 514 1291 549 vita
1311 527 1384 549 non
1413 515 1507 550 obti-

388 583 502 608 netur.
529 595 571 601 —-
599 574 792 609 Undenam
831 574 974 620 proprie
1015 573 1212 609 inferamus
1257 575 1506 621 cognitionem

386 634 466 675 Dei,
493 645 599 680 quam
626 634 693 668 hac
719 634 754 667 in
781 634 853 669 vita
892 634 1065 668 habemus
1084 662 1092 676 ,
1135 645 1212 668 esse
1252 634 1504 681 imperfectam

387 693 535 727 relative
553 693 597 726 ad
626 693 805 728 naturales
832 692 1091 739 intelligentiae
1107 695 1209 728 vires.
1247 715 1269 718 -
1293 703 1325 727 2.
1346 694 1440 739 Ergo
1457 705 1507 728 re-

387 762 546 787 servatur
574 753 770 788 obtinenda
798 752 833 786 in
860 752 969 787 altera
996 752 1067 787 vita
1092 773 1130 777 —
1158 764 1249 799 quae
1269 752 1421 798 proinde
1441 753 1505 786 erit

387 811 602 847 immortalis
632 821 665 847 et
693 821 851 847 aeterna.
873 831 917 837 —-
934 812 1015 846 Hoc
1043 821 1299 857 argumentum
1330 823 1403 845 non
1430 823 1508 857 sup-

386 872 500 916 ponit,
528 872 588 905 sed
616 872 743 917 probat
771 871 997 905 existentiam
1027 871 1171 905 alterius
1197 871 1305 913 vitae,
1328 870 1505 905 eiusdem-

385 941 451 977 que
478 930 703 964 immortalis.
780 957 1500 965 .............

296 997 350 1030 30.
379 989 589 1023 Scholion.
610 1008 653 1014 -—
678 990 734 1023 De
758 989 881 1023 iterata
901 989 1042 1023 animae
1063 1000 1144 1022 cum
1167 999 1319 1033 corpore
1348 989 1504 1022 coniun-

386 1049 531 1083 ctione:
561 1068 605 1074 —
633 1058 750 1083 utrum
778 1049 812 1082 in
841 1049 965 1083 ordine
999 1049 1106 1083 etiam
1126 1048 1278 1083 naturali
1300 1047 1504 1082 locumha-

390 1107 526 1141 buisset
544 1127 587 1133 -
616 1108 658 1140 ad
685 1108 920 1141 substantiam
946 1107 997 1141 rei
1017 1107 1111 1153 quod
1130 1107 1267 1142 attinet.
1286 1127 1329 1133 —
1344 1108 1399 1141 De
1426 1106 1505 1141 eius

388 1168 625 1212 possibilitate
652 1187 696 1192 —-
725 1168 980 1202 convenientia
1006 1188 1052 1193 —
1078 1176 1197 1201 utrum
1225 1167 1426 1201 necessaria
1465 1177 1504 1201 ac

389 1226 528 1261 debita.
554 1247 597 1252 —
617 1228 651 1262 S.
679 1226 848 1261 Thomae
875 1227 943 1260 hac
971 1227 1014 1260 de
1040 1238 1076 1260 re
1120 1226 1281 1261 doctrina
1320 1235 1353 1260 et
1396 1237 1505 1272 argu-

385 1296 518 1321 menta.
547 1307 589 1311 —
617 1288 672 1321 De
700 1286 853 1332 quadam
881 1286 1154 1321 resurrectionis
1181 1286 1339 1331 imagine
1381 1286 1416 1319 in
1444 1297 1505 1319 na-

385 1354 462 1380 tura
482 1347 655 1380 universa.
710 1374 715 1380 .
769 1375 776 1381 .
830 1373 836 1378 .
894 1374 899 1379 .
956 1374 961 1380 .
1016 1375 1021 1380 .
1137 1371 1498 1380 .......

203 1418 381 1462 Thesis
414 1418 490 1462 XL
525 1443 581 1450 —
618 1419 808 1461 Praesens
841 1419 928 1460 vita
962 1425 1014 1460 cst
1046 1425 1175 1460 status
1210 1418 1315 1473 viae,
1350 1417 1391 1458 in
1424 1431 1503 1473 quo

368 1490 567 1547 perfectae
616 1489 875 1532 beatiludinis
921 1490 1230 1532 consecutionem
1274 1487 1504 1531 nobismeti-

368 1562 453 1618 psis
478 1562 707 1618 promereri
749 1559 931 1603 dehemus
958 1569 1030 1618 pei·
1081 1559 1245 1602 divinae
1290 1559 1382 1616 legis
1430 1574 1503 1602 cn-

375 1631 562 1674 stodiam.
593 1667 601 1675 .

296 1723 349 1756 31.
376 1715 698 1749 Demonstratio.
727 1733 770 1740 —
797 1714 1029 1749 Praesentem
1045 1714 1156 1749 vitam
1176 1725 1252 1748 esse
1272 1722 1406 1749 statum
1424 1714 1501 1748 viae

387 1786 426 1807 ac
454 1774 618 1816 militiae,
633 1774 783 1808 alteram
810 1774 955 1808 termini
976 1785 1016 1808 ac
1044 1773 1228 1819 triumphi,
1245 1773 1503 1809 ostenditur—

386 1850 427 1872 ex
454 1838 545 1872 thesi
574 1837 813 1883 praecedente
840 1858 883 1864 --
912 1851 955 1872 ex
982 1837 1133 1872 infinitis
1158 1838 1227 1872 Dei
1255 1837 1433 1872 attributis
1459 1855 1504 1862 --

389 1910 430 1931 ex
450 1898 603 1932 adducta
622 1897 907 1944 comparatione.
929 1918 973 1923 —
993 1897 1123 1932 Modus
1142 1897 1400 1943 promerendae
1419 1897 1500 1931 bea-

386 1957 519 1990 tudinis
546 1966 598 1992 est
625 1957 716 2004 legis
744 1957 883 1991 divinae
911 1957 1074 1992 custodia
1092 1976 1136 1982 —
1156 1967 1246 2003 quae
1271 1955 1422 2002 proinde
1449 1963 1502 1990 est

384 2016 546 2050 medium
573 2017 816 2051 necessarium
847 2015 954 2050 simul
980 2025 1014 2051 et
1056 2014 1239 2050 sufficiens
1272 2015 1316 2049 ad
1355 2016 1502 2050 beatum

385 2075 487 2110 illum
513 2076 708 2111 terminum
735 2075 999 2122 attingendum.
1067 2101 1499 2110 ........

293 2145 347 2177 >2-
378 2135 589 2169 Scholion.
620 2154 664 2160 —
696 2145 722 2168 1.
744 2134 875 2169 Utrum
903 2134 1012 2168 etiarn
1041 2144 1134 2167 nunc
1163 2133 1198 2166 in
1239 2131 1502 2179 supernaturali

385 2193 510 2227 ordine
528 2193 658 2228 habeat
673 2192 787 2227 homo
803 2193 1063 2227 beatitudinem
1073 2192 1166 2225 hanc
1187 2190 1397 2233 naturalem,
1413 2202 1502 2236 quae

385 2252 574 2298 praecipue
600 2253 635 2286 in
655 2251 885 2298 philosophia
903 2250 1161 2286 consideratur.
1190 2270 1234 2276 —
1250 2260 1281 2284 2.
1307 2250 1438 2284 Utrum
1463 2250 1500 2283 in

384 2310 508 2344 ordine
535 2311 643 2345 etiam
670 2309 824 2345 naturali
865 2309 1046 2345 debuisset
1088 2309 1245 2344 humana
1286 2309 1423 2355 species
1464 2307 1502 2342 in

386 2369 562 2415 aliquibus
589 2369 717 2404 saltem
744 2367 935 2403 individuis
960 2368 1153 2403 beatificari
1160 2393 1497 2403 .......

1578 230 1629 265 80

1567 373 1626 416 82

1575 928 1624 964 ib.

1575 1341 1622 1377 88

1566 1642 1619 1685 93

1572 2073 1620 2109 ib.

1572 2365 1620 2412 98

195 2439 461 2481 ARTICULUS
485 2440 555 2482 IH.
579 2466 637 2472 —-
659 2441 721 2483 De
744 2439 978 2497 imperfecta
1002 2439 1109 2482 vitae
1139 2439 1260 2481 lucius
1283 2437 1494 2496 felicitate.
1534 2449 1618 2479 100

292 2530 345 2566 33.
371 2522 490 2557 Status
517 2522 738 2568 quaestionis
763 2522 832 2556 hoc
860 2523 895 2556 in
922 2521 1071 2557 articulo
1107 2522 1326 2568 propositae.

1567 2519 1616 2555 ib.

1700 1124 1712 1134 s
1690 1024 1713 1073 ⁸-l‘
1704 949 1710 980 -v

1719 1130 1722 1133 ·
1706 1001 1731 1099 fun:
1710 930 1731 978 ⁴⁴2¹

1705 588 1728 675 cvm·-
1710 555 1731 574 gg
1705 418 1729 545 adv-0⁶3
1706 383 1729 408 Ge
1704 333 1729 373 (Α

1700 761 1731 926 :mathias-t!
1710 731 1729 746 e
1703 704 1730 725 ἣ
1711 676 1730 696 z.

1717 980 1728 997 ι,
