1734 2784
669 91 904 149 -87-

186 188 352 232 Verum
386 189 635 247 priusquam
669 189 720 233 ad
753 188 926 233 alteram
960 189 1086 233 huius
1119 189 1291 234 theseos
1326 202 1488 248 partem

68 259 411 316 progrediamur,
435 260 537 304 illud
561 274 716 305 attente
739 261 994 319 perpendas,
1019 260 1235 305 undenam
1262 261 1494 305 inferamus

33 340 35 342 ’
71 331 362 387 cognitionem
396 333 494 386 Dei,
531 349 659 391 quam
694 333 769 377 hac
802 335 845 377 in
878 334 959 376 vita
1005 332 1210 376 habemus
1231 370 1242 385 ,
1279 349 1371 377 esse
1405 334 1492 376 im-

69 401 296 458 perfectam
329 402 502 447 relative
535 405 585 448 acl
619 406 827 448 naturales
876 404 1179 462 intelligentiae
1231 406 1356 449 vires.
1390 406 1494 450 Non

70 473 184 516 enim
217 473 259 517 id
293 474 543 519 deducimus
578 493 628 520 ex
661 493 728 533 eo,
764 477 881 535 quod
915 479 1105 535 cognitio
1140 478 1206 520 illa
1239 479 1293 521 sit
1327 477 1490 521 abstra-

71 545 188 602 ctiva,
223 546 296 590 sed
330 562 379 590 ex
413 547 569 605 duplici
602 549 939 607 imperfectionis
974 549 1120 602 fonte,
1157 566 1284 608 quem
1341 552 1381 592 in
1415 550 1494 594 de-

69 619 378 662 monstratione
421 613 747 678 assignavimus.
800 623 911 665 Hinc
955 623 1036 665 Dei
1090 623 1315 679 cognitio,
1359 638 1489 680 quam

70 689 208 732 anima
240 691 485 735 naturaliter
517 691 632 736 beata
666 695 709 736 in
743 693 870 737 altera
903 695 986 737 vita
1024 693 1208 748 haberet,
1248 695 1416 737 etiamsi
1450 705 1489 737 et

68 761 158 818 ipsa
191 775 301 806 esset
335 763 595 819 abstractiva,
629 778 768 809 tamen
804 765 915 809 foret
948 765 1117 810 relative
1151 766 1347 824 perfecta,
1393 766 1495 824 quia

70 831 175 875 duae
217 833 308 878 illae
357 836 692 894 imperfectionis
741 853 889 881 causae
922 851 1262 881 removerentur:
1299 838 1489 895 cognitio

69 923 223 965 nempe
256 920 557 962 creaturarum,
592 910 842 966 praesertim
868 910 1031 952 entium
1057 908 1360 967 spiritualium,
1386 907 1498 952 foret

70 980 208 1024 multo
241 980 482 1039 perfectior,
517 994 556 1024 et
589 982 729 1024 anima
762 981 809 1024 ab
847 980 1048 1024 omnibus
1095 982 1203 1024 curis
1255 981 1496 1024 miseriisve

69 1053 208 1096 soluta
240 1066 405 1097 vacaret
439 1054 562 1096 unice
610 1054 962 1111 contemplationi
1015 1053 1080 1095 sui
1130 1052 1385 1096 Conditoris
1407 1089 1416 1105 ,
1453 1053 1495 1094 in

70 1141 156 1184 quo
174 1125 302 1170 finem
323 1141 450 1169 suum
476 1126 676 1169 ultimum
701 1142 907 1184 suamque
932 1125 1160 1183 perfectam
1187 1123 1497 1167 beatitudinem

71 1201 196 1242 sitam
231 1214 322 1242 esse
357 1198 588 1242 clarissime
622 1198 799 1242 videret.
834 1199 1009 1241 Paucis:
1035 1214 1083 1240 ex
1107 1213 1157 1240 eo
1182 1196 1299 1255 quod
1329 1195 1495 1239 abstra-

72 1271 193 1323 ctiva,
229 1286 355 1328 quam
391 1272 432 1313 in
466 1271 678 1328 praesenti
712 1271 798 1313 vita
831 1269 1067 1327 habemus,
1102 1270 1183 1312 Dei
1218 1268 1410 1325 cognitio
1445 1269 1498 1311 sit

71 1341 336 1400 imperfecta,
366 1344 546 1386 minime
579 1343 786 1400 sequitur,
821 1341 1113 1385 abstractivam
1149 1341 1231 1384 Dei
1283 1340 1497 1397 cognitio-

71 1430 189 1467 nem,
215 1430 343 1472 quam
366 1415 507 1458 anima
538 1414 783 1457 naturaliter
815 1413 934 1456 beata
967 1414 1008 1456 in
1043 1412 1170 1456 altera
1193 1413 1277 1455 vita
1301 1410 1489 1463 haberet,

72 1502 163 1530 esse
197 1499 236 1530 et
269 1488 406 1544 ipsam
440 1485 732 1544 imperfectam
768 1485 895 1529 relate
929 1485 979 1528 ad
1013 1484 1221 1528 naturales
1275 1486 1384 1528 vires
1434 1484 1497 1526 in-

72 1557 280 1616 tenemus,
315 1558 529 1617 siquidem
564 1558 665 1602 haec
697 1557 745 1601 ab
778 1557 843 1600 illa
877 1570 969 1600 tum
994 1557 1217 1615 surditate,
1242 1569 1334 1600 tum
1356 1556 1498 1614 perfe-

71 1632 209 1684 ctione,
242 1643 336 1673 tum
369 1630 553 1674 claritate
587 1642 626 1673 et
659 1628 858 1688 effectibus
891 1628 1019 1685 longe
1054 1627 1237 1672 differret
1270 1628 1353 1686 (1).

190 1703 240 1746 II.
275 1702 489 1746 Beatimdo
517 1702 693 1760 perfecta
728 1710 962 1744 res-fruatur
1011 1699 1225 1743 obtinenda
1277 1702 1317 1742 in
1365 1698 1496 1741 altem

76 1775 296 1820 immortali
329 1777 432 1828 vita,
466 1789 566 1832 qnae
596 1775 800 1832 praesenti
832 1773 920 1815 hnic
953 1772 1192 1829 mortalique
1225 1772 1333 1814 vitae
1364 1785 1499 1814 succc-

75 1848 151 1892 det.
178 1875 230 1880 —
255 1849 306 1891 Et
339 1863 437 1890 sane
471 1860 581 1890 recta
614 1859 653 1889 et
687 1845 859 1888 evidens
903 1858 965 1887 est
1013 1843 1116 1886 haec
1163 1842 1497 1901 argumentatio.

75 1920 212 1964 Debet
244 1919 462 1963 beatitudo
497 1917 679 1976 perfecta
713 1917 760 1959 ab
796 1916 1005 1972 homine,
1053 1916 1125 1973 qui
1173 1914 1288 1971 leges
1332 1930 1354 1957 a
1405 1915 1500 1957 Deo

77 1993 234 2050 positas
275 1991 475 2050 impleat,
520 1989 715 2033 obtineri.
753 1989 880 2046 Atqui
928 2003 1015 2030 non
1066 1985 1280 2030 obtinetur
1332 1986 1374 2028 in
1422 1984 1499 2027 hac

76 2064 161 2106 vita
192 2062 375 2117 mortali,
408 2062 474 2106 vel
507 2078 557 2105 ex
589 2078 640 2105 eo
675 2072 840 2104 tantum
877 2059 993 2118 quod
1027 2072 1090 2102 est
1125 2058 1331 2101 mortalis.
1382 2057 1497 2113 Ergo

77 2134 335 2178 obtinebitur
368 2135 410 2178 in
445 2134 571 2177 altera
604 2135 704 2187 vita,
741 2149 846 2191 quae
880 2133 978 2176 huic
1027 2130 1256 2184 succedet,
1307 2145 1500 2188 quaeque

77 2207 155 2250 erit
189 2206 472 2251 immortalis:
507 2222 625 2249 secus
660 2206 775 2248 enim,
809 2221 861 2248 ne
895 2205 984 2262 ipsa
1016 2203 1192 2262 quidem
1225 2201 1334 2245 foret
1366 2200 1499 2253 beata,

79 2294 175 2321 cum
210 2277 259 2321 de
293 2278 457 2320 ratione
491 2276 762 2319 beatitudinis
796 2276 860 2329 sit,
896 2287 940 2318 ut
975 2286 1183 2333 perpetuo
1218 2273 1353 2316 duret.

196 2349 279 2393 Ubi
313 2348 639 2401 animadvertam,
674 2363 751 2390 nos
781 2347 855 2391 hac
890 2348 932 2389 in
964 2346 1074 2389 thesi
1109 2361 1196 2388 non
1232 2357 1498 2402 praesuppo-

80 2437 178 2464 nere
211 2421 475 2465 existentiam
535 2419 704 2463 alterius
749 2420 856 2462 vitae
901 2417 1179 2475 eiusdemque
1231 2412 1502 2466 immortalis,

177 2602 233 2645 (1)
263 2598 318 2636 Cf.
350 2599 566 2645 Tongiorgi‚
594 2598 672 2634 Etli.
705 2608 801 2632 num.
835 2606 886 2637 50.
