1734 2784
778 106 1039 151 ,402-

196 192 443 254 particulare
476 207 598 249 opus,
632 208 650 231 »
690 191 835 248 Itaque
873 190 1133 234 conscientia
1176 189 1349 232 moralis
1398 201 1460 233 est
1496 189 1610 233 iiidi-

195 268 297 310 cium
331 266 499 308 rationis
526 265 745 322 practicae,
780 279 855 321 qno
889 262 983 320 legis
1032 262 1195 306 moralis
1227 261 1298 320 (1)
1326 262 1526 320 principia
1558 261 1612 304 ad

195 338 365 381 actiones
413 334 649 378 individuas
698 334 975 392 applicantur,
1025 334 1206 392 quodque
1253 333 1421 391 proinde
1473 333 1611 377 ultimo

193 409 327 464 dictat,
361 408 462 450 banc
494 407 687 449 actionem
718 421 796 449 esse
825 405 1057 464 ponendam
1091 413 1225 463 utpote
1253 413 1522 464 praeceptam,
1551 405 1612 448 vel

197 478 458 523 omittendam
491 486 620 536 utpote
649 477 913 535 prohibitam,
950 477 1013 521 vel
1046 476 1168 522 libero
1217 477 1396 521 relictam
1443 476 1611 520 arbitrio

198 559 325 610 utpote
359 566 423 594 nec
450 557 707 608 praeceptam
754 564 821 593 nec
860 548 1121 607 prohibitam,
1171 548 1238 593 sed
1267 549 1507 607 permissam
1539 557 1612 591 aut

197 621 474 667 tantummodo
516 620 786 679 approbatam
827 620 1208 665 commendatamve:
1256 619 1441 676 brevius,
1488 618 1613 663 dictat

196 695 352 754 aliquid
386 710 478 738 esse
511 693 704 737 illicitum
738 693 803 737 vel
836 708 926 737 esse
960 693 1123 736 licitum
1156 692 1241 751 (2)

322 768 413 822 148.
450 765 586 820 Quod
621 777 666 809 ut
701 765 849 809 clarius
884 765 1108 823 intelligas,
1154 765 1442 809 animadverte
1481 763 1611 823 appli-

197 841 407 884 cationem
428 838 549 897 hanc,
570 840 611 882 in
632 855 713 897 qua
739 838 993 881 conscientia
1032 838 1242 891 consistit,
1280 853 1302 880 a
1325 838 1487 880 ratione
1511 851 1610 895 pra-

197 913 299 956 ctica
317 911 405 955 fieri
438 926 512 968 per
548 909 866 968 syllogismum,
899 910 986 953 sive
1021 925 1269 968 expressum
1303 909 1390 953 sive
1424 909 1612 966 tacitum,

197 985 315 1028 cuius
340 984 570 1041 praemissa
602 983 718 1040 prior
751 983 939 1026 continet
973 981 1168 1039 generale
1200 981 1304 1040 legis
1338 982 1612 1040 principium,

195 1070 233 1098 v.
254 1071 316 1112 gr.
335 1054 588 1098 mendacium
606 1063 662 1097 est
682 1053 885 1106 illicitam
899 1051 1026 1097 altera
1044 1068 1146 1097 vero
1170 1052 1402 1111 praemissa
1424 1052 1612 1096 continet

197 1127 421 1180 iudicium,
442 1142 530 1185 quo
563 1142 610 1170 ex
645 1137 759 1169 ictus
795 1137 941 1169 natura
973 1137 1012 1169 et
1046 1124 1252 1169 idiunctis
1287 1125 1376 1169 eius
1401 1124 1611 1178 statuitur,

195 1202 412 1245 actionem
445 1199 559 1243 illam
593 1200 634 1242 in
668 1199 853 1257 generali
843 1197 994 1256 tlegis
1044 1198 1258 1257 principio
1304 1195 1611 1256 comprehendi

196 1272 260 1316 vel
293 1288 380 1316 non
414 1269 736 1330 comprehendi,
756 1271 870 1329 atqui
901 1270 993 1314 baec
1027 1270 1225 1328 iesponsio
1259 1278 1313 1313 est
1357 1268 1612 1313 iizendaciitm

196 1345 260 1387 vel
291 1359 370 1388 uon
403 1352 454 1386 est
488 1342 757 1395 mendaciam,·
792 1357 836 1384 ac
869 1341 1041 1385 tandem
1085 1357 1133 1384 ex
1167 1341 1232 1383 his
1276 1339 1437 1384 duabus
1486 1355 1612 1398 prae—

196 1416 339 1458 missis
374 1414 585 1472 colligitur
619 1412 855 1470 conclusio,
887 1428 974 1470 ergo
1008 1413 1097 1456 baec
1131 1414 1329 1471 responsio
1359 1421 1411 1455 est
1444 1411 1542 1455 mihi
1564 1411 1611 1454 it-

195 1488 304 1532 licita
338 1487 399 1531 vel
430 1496 484 1530 est
518 1487 616 1531 mibi
662 1486 782 1530 licita.
833 1486 929 1529 Hoc
977 1483 1200 1542 iudicium,
1248 1500 1322 1528 seu
1372 1483 1473 1527 haec
1505 1482 1611 1540 legis

196 1559 421 1618 applicatio
456 1558 506 1602 ad
531 1559 741 1601 actionem
775 1556 1056 1611 individuam,
1083 1555 1237 1600 dicitur
1260 1556 1497 1600 conscientia
1531 1569 1614 1598 mo-

197 1631 315 1685 ralis,
351 1646 456 1689 quae
491 1629 668 1688 proinde
712 1630 883 1687 proprie
932 1627 1150 1687 loquendo
1193 1643 1283 1671 non
1315 1638 1376 1671 est
1411 1626 1612 1684 potentia,

199 1703 271 1748 sed
306 1716 419 1746 actus
455 1702 629 1745 rationis
664 1702 867 1759 practicae
900 1700 983 1759 (3).

291 1914 345 1958 (1)
373 1913 465 1947 Dico
493 1912 527 1945 in
556 1922 698 1958 geneie,
727 1910 775 1956 leg
767 1910 806 1944 is
833 1909 984 1951 moralis,
1016 1919 1053 1944 ut
1081 1906 1276 1955 quamlibet
1304 1906 1611 1952 comprehendam

198 1972 316 2021 legem
344 1974 417 2007 sive
444 1971 643 2007 naturalem
673 1971 746 2006 sive
773 1970 976 2017 positivam.
1008 1968 1283 2010 «Conscientia,
1310 1968 1357 2002 ait
1387 1968 1515 2002 Suarez
1543 1967 1613 2002 loc.

197 2035 267 2075 cit,
293 2033 398 2068 latius
425 2040 519 2078 patet
548 2043 654 2078 quam
683 2031 739 2065 lex
767 2030 951 2071 naturalis,
982 2029 1062 2076 quia
1089 2040 1162 2063 non
1196 2035 1335 2062 tantum
1372 2026 1529 2073 applicat
1557 2026 1611 2060 16-

198 2105 280 2139 gem
307 2091 517 2134 naturalem,
556 2091 616 2126 sed
644 2091 751 2124 etiam
791 2100 1054 2137 quamcumque
1094 2087 1202 2122 aliam
1240 2087 1315 2122 sive
1351 2086 1509 2122 divinam
1538 2086 1612 2121 sive

197 2153 401 2187 humanam.
430 2166 447 2184 »

291 2212 347 2257 (2)
377 2211 648 2247 Conscientiam
677 2210 725 2244 sic
753 2209 876 2245 definit
906 2209 1015 2255 Gury,
1043 2208 1086 2243 de
1114 2218 1234 2242 conse.
1265 2207 1308 2241 ab
1335 2205 1454 2241 initio:
1481 2204 1612 2240 «Con-

198 2272 348 2306 scientia
387 2279 439 2306 est
477 2270 657 2305 dictamen
698 2270 897 2315 practicum
935 2267 1096 2309 rationis,
1133 2278 1202 2314 quo
1241 2265 1440 2300 iudicamus
1478 2263 1612 2310 aliquid

199 2342 304 2376 posse
331 2330 387 2365 vel
413 2331 541 2365 debere
567 2329 643 2364 fieri
670 2329 752 2375 quia
778 2329 914 2364 bonurn
940 2328 997 2363 vel
1025 2336 1270 2373 praeceptum,
1291 2334 1350 2361 aut
1369 2323 1612 2360 omittendum

198 2402 274 2425 esse
303 2392 382 2437 quia
409 2391 555 2426 malum.
585 2404 602 2422 »

296 2451 352 2495 (3)
381 2448 432 2485 Cf.
469 2461 494 2484 s.
522 2449 601 2492 Th,
627 2460 652 2483 1.
672 2460 705 2495 p.
735 2461 767 2495 q.
794 2458 848 2495 79.
868 2460 896 2483 a.
924 2457 986 2493 13.:
1011 2447 1240 2483 Conscientia
1270 2445 1411 2493 proprie
1430 2442 1611 2491 loquendo

202 2520 278 2543 non
306 2519 356 2544 est
385 2509 560 2555 potentia,
592 2508 652 2542 sed
680 2517 778 2542 actus
806 2516 874 2543 etc.
905 2521 923 2540 »
