1734 2784
749 121 1009 163 „240-

285 204 448 247 Rursus
481 199 798 243 ordmationem
833 199 940 242 hanc
973 198 1221 243 directivam
1241 198 1370 242 simul
1401 212 1442 244 et
1472 199 1609 243 obli„

163 274 351 331 gativam
385 283 555 329 oportet
588 269 824 326 intelligere
857 269 1002 322 talem,
1037 285 1144 327 quae
1182 270 1235 312 sit
1270 285 1358 313 non
1399 270 1575 329 quidem

163 345 401 388 transitoria
435 343 521 385 sive
550 351 622 400 pro
656 356 750 386 casu
778 341 1042 399 particulari,
1076 340 1151 384 sed
1182 340 1339 385 stabilis
1380 354 1421 385 et
1452 342 1579 387 dura-

164 424 270 459 tura:
304 429 424 457 secus
458 413 572 456 enim
607 411 821 455 ordinatio
854 411 1052 470 appellari
1096 411 1266 455 deberet
1308 425 1581 471 praeceptum

162 486 228 529 vel
263 485 537 537 mandatum,
573 485 715 541 potius
749 498 878 541 quam
911 498 1009 526 vera
1041 483 1121 538 lex,
1157 482 1208 526 de
1232 483 1351 526 cuius
1376 484 1582 526 nimirum

165 570 373 614 conceptu
408 569 470 599 est
511 574 530 596 «
563 568 608 598 ut
647 554 697 598 de
729 570 773 598 se
807 554 929 598 duret
962 570 1131 612 semper
1170 567 1240 597 aut
1273 570 1347 613 per
1378 554 1580 599 indefini-

164 640 255 670 tum
289 626 354 670 vel
389 627 640 669 diuturnum
675 637 843 682 tempus
879 643 901 664 »
937 624 1024 684 (1).

285 699 345 740 Ex
379 696 532 755 quibus
567 696 652 739 duo
687 695 788 738 haec
831 695 947 739 facile
994 695 1216 753 intelliges,
1255 695 1297 754 α)
1330 696 1435 749 Lex,
1470 712 1577 754 quae

164 770 309 826 iniqua
353 770 420 821 sit,
456 768 714 825 praecipiens
763 768 949 810 actiones
999 783 1048 810 ex
1090 784 1134 810 se
1171 766 1315 821 malam,
1349 766 1580 825 prohibens

164 857 214 883 ex
247 856 290 882 se
324 839 455 881 bonas
491 851 529 881 et
563 839 837 889 necessarias,
872 838 1042 880 nonnisi
1075 838 1246 881 abusive
1270 851 1309 881 et
1343 839 1577 896 improprie

165 910 247 953 dici
281 922 422 966 potest
456 909 533 952 lex.
568 909 722 966 Neque
754 908 870 950 enim
914 920 976 951 est
1009 908 1238 966 ordinatio,
1285 909 1360 952 sed
1405 908 1580 952 deordi-

165 982 294 1038 natio‚
328 995 417 1023 non
450 980 644 1036 directio⁷
678 979 751 1022 sed
785 980 1017 1037 perversio,
1052 979 1094 1022 id
1128 979 1245 1037 quod
1272 981 1406 1038 magis
1430 996 1480 1023 ex
1512 980 1582 1024 di-

165 1052 310 1095 cendis
344 1051 510 1109 patebit.
549 1051 593 1108 β)
622 1053 678 1094 Ut
703 1053 811 1094 inter
835 1050 1026 1107 regulam
1049 1063 1089 1093 et
1111 1051 1269 1108 legem,
1294 1053 1350 1095 ita
1374 1067 1580 1109 magnum

167 1137 228 1167 est
262 1124 491 1167 discrimen
527 1124 634 1166 inter
667 1122 807 1179 legem
857 1135 896 1165 et
932 1123 1173 1166 consilium.
1216 1124 1447 1181 Praecipue
1478 1138 1582 1167 vero

167 1194 366 1237 differunt
400 1195 442 1236 in
476 1193 573 1250 hoc,
607 1193 737 1251 quod,
771 1193 1139 1249 quemadmodum
1182 1194 1238 1236 ait
1272 1195 1458 1236 Becanus
1490 1193 1579 1252 (2),

168 1284 191 1306 «
224 1266 333 1308 sicut
367 1265 432 1307 lex
465 1277 526 1307 est
560 1265 767 1322 quaedam
802 1264 959 1321 regula,
992 1281 1098 1322 quae
1132 1280 1212 1307 nos
1235 1264 1376 1322 dirigit
1404 1277 1444 1308 et
1477 1264 1581 1307 obli—

165 1349 248 1394 gat,
299 1337 354 1379 ita
403 1335 631 1379 consilium
686 1349 746 1378 est
796 1337 953 1392 regula,
1007 1352 1112 1393 quae
1165 1336 1324 1393 dirigit,
1371 1335 1446 1379 sed
1493 1351 1580 1379 non

166 1407 338 1464 obligat.
375 1426 397 1446 »

284 1478 452 1520 Dicitur
487 1478 567 1535 2.⁰)
600 1478 804 1521 ordinatio
854 1479 1040 1522 rationis.
1079 1503 1136 1511 —
1170 1479 1285 1522 Cum
1331 1477 1500 1537 dupleX‚
1531 1490 1579 1521 ut

165 1547 299 1592 modo
335 1548 497 1592 dictum
532 1562 608 1606 est,
642 1551 695 1591 sit
730 1565 888 1592 munus
921 1549 1043 1606 legis,
1079 1550 1260 1607 dirigere
1307 1566 1381 1593 seu
1414 1549 1580 1592 illumi-

165 1635 278 1673 nare,
312 1620 528 1678 impellere
562 1636 635 1663 seu
670 1620 874 1677 obligare,
919 1622 1109 1679 primum
1156 1620 1277 1664 illud
1303 1621 1370 1664 lex
1401 1620 1524 1664 habet
1554 1636 1578 1664 a

164 1692 341 1748 ratione,
373 1692 552 1735 alterum
599 1707 702 1735 vero
751 1694 894 1750 potius
928 1709 949 1736 a
980 1693 1210 1736 voluntate.
1254 1694 1399 1751 Itaque
1445 1707 1570 1736 voces

165 1914 200 1947 in
229 1913 350 1958 lingua
378 1914 502 1948 Latina
530 1926 547 1947 ει
575 1913 719 1960 ligando
748 1914 873 1948 dicitur
899 1913 965 1947 lex.
992 1913 1081 1947 Item
1122 1912 1159 1946 in
1185 1923 1211 1946 s.
1237 1911 1421 1957 Scriptura
1459 1911 1570 1946 modo

166 1974 208 2007 ab
238 1973 357 2007 officio
386 1973 612 2007 illuminandi
639 1974 695 2007 lex
724 1973 853 2007 dicitur
878 1973 938 2006 lux
965 1972 1107 2006 lucerna
1136 1971 1298 2015 (lucerna
1324 1970 1471 2017 pedibus
1489 1970 1578 2005 meis

164 2033 314 2066 verbum
343 2042 456 2072 tuum,
485 2034 539 2067 ΡΞ.
574 2034 677 2077 118.)γ
706 2034 816 2067 modo
845 2035 887 2067 ab
914 2033 1034 2066 officio
1061 2032 1196 2076 ligandi
1233 2032 1359 2064 dicitur
1385 2030 1566 2064 vinculum

165 2092 321 2138 (fregisti
347 2093 481 2138 iugum,
509 2093 633 2138 rupisti
662 2093 814 2135 vincula,
842 2094 967 2127 Ierem.
988 2094 1048 2136 2.).
1082 2091 1192 2136 Quod
1220 2091 1314 2125 idem
1346 2092 1381 2123 in
1409 2101 1575 2124 sermone

165 2153 271 2186 etiam
301 2152 470 2186 familiari
498 2154 632 2196 passim
663 2155 775 2187 iacere
803 2152 978 2187 solemus.

261 2212 317 2255 (1)
346 2212 396 2245 Ita
423 2212 562 2253 Suarez‚
591 2211 632 2245 de
670 2212 736 2257 leg.
766 2211 786 2245 l.
821 2222 845 2245 1.
886 2223 963 2257 cap.
1003 2222 1050 2245 10.
1079 2222 1176 2245 num.
1210 2221 1234 2244 1.
1263 2211 1347 2251 Quo
1387 2211 1421 2243 in
1460 2210 1572 2255 capite

146 2271 325 2319 Ιἱιηηὶνίῑ,
368 2280 485 2304 utrum
529 2272 746 2315 perpetuitas
781 2272 823 2304 sit
863 2270 905 2303 de
940 2271 1076 2303 ratione
1115 2269 1213 2312 legis.
1255 2267 1309 2304 Cf.
1343 2269 1451 2303 etiam
1488 2268 1572 2302 ibid.

166 2343 242 2375 cap.
271 2330 301 2363 6.
330 2342 428 2364 num.
464 2329 525 2372 16.‚
554 2330 613 2364 ubi
641 2331 788 2377 quaerit,
816 2330 898 2376 quid
925 2329 1030 2364 addat
1058 2338 1248 2374 praecepto
1277 2329 1344 2363 lex.

263 2390 318 2433 (2)
347 2390 401 2422 De
429 2389 497 2435 leg.
527 2400 604 2434 cap.
638 2401 665 2423 1.
694 2401 725 2423 n.
759 2399 810 2423 12.
843 2390 966 2423 «Haec
995 2397 1058 2429 est,
1088 2388 1201 2433 inquit
1226 2400 1253 2422 s.
1279 2387 1454 2428 Thomas,
1489 2397 1514 2420 1.
1543 2395 1575 2420 2.

168 2461 196 2494 q.
231 2449 304 2482 108.
333 2462 363 2482 a.
386 2459 431 2491 4.,
459 2448 653 2483 differentia
682 2449 772 2483 inter
798 2448 987 2483 consilium
1013 2457 1047 2482 et
1074 2456 1314 2493 praeceptum,
1342 2446 1436 2493 quod
1475 2456 1579 2490 prae-

167 2516 307 2553 ceptum
338 2509 505 2552 importat
532 2508 797 2551 necessitatem,
826 2508 1017 2542 consilium
1043 2516 1160 2541 autem
1187 2507 1221 2540 in
1249 2506 1397 2552 optione
1423 2505 1569 2550 ponitur

166 2569 250 2610 eius,
280 2568 333 2602 cui
361 2567 504 2602 datur.»
