1734 2784
721 76 985 128 -245—

149 181 468 212 consummatae
500 169 583 211 iam
612 180 651 211 et
675 168 893 226 perfectae:
926 167 1057 226 quod,
1091 179 1137 210 ut
1170 167 1464 222 ostendemus,
1499 179 1571 212 est

147 239 303 297 aliquid
330 240 553 297 proprium
586 238 689 295 legis
723 250 913 282 aeternae
945 250 986 282 et
1019 237 1231 295 singulare
1264 239 1306 281 in
1341 239 1442 297 ipsa.

266 311 394 353 Hisce
416 310 599 353 breviter
626 309 928 367 explicavimus
963 327 994 354 s.
1022 310 1224 354 Thomae
1248 310 1568 364 definitionem,.

146 381 189 423 in
222 396 304 438 qua
335 393 428 439 apte
462 381 712 424 exhibentur
744 393 927 438 quatuor
959 381 1063 439 legis
1109 381 1384 438 causalitates,
1427 389 1559 425 mate-

146 452 275 508 rialis,
298 451 514 509 formalis,
547 452 723 509 efficiens,
752 451 910 510 finalis:
946 452 970 495 i.
1006 468 1040 495 e.
1076 453 1362 496 communitas
1398 453 1463 495 cui
1495 452 1562 496 lex
1611 478 1614 479 ν

148 521 400 579 imponitur,
433 523 575 579 ipsum
610 521 858 565 mandatum
893 538 966 565 seu
992 538 1100 565 onus
1125 522 1241 580 quod
1266 523 1562 566 communitati

148 592 399 649 imponitur,
452 593 648 649 superior
700 594 772 650 qui
822 594 1120 636 communitati
1169 592 1309 650 legem
1359 593 1569 650 imponit,

147 679 313 707 necnon
346 663 439 706 finis
474 663 527 707 ob
562 680 688 721 quem
723 664 788 706 lex
821 666 1121 708 communitati
1170 666 1420 723 imponitur.
1454 663 1564 707 Illud

149 749 363 793 praeterea
397 736 439 778 in
472 734 720 778 definitione
753 735 937 793 additur,
981 753 1029 780 ex
1063 753 1149 794 quo
1187 736 1232 779 fit
1274 748 1320 780 ut
1353 736 1572 778 ordinatio

149 808 337 861 rationis,
372 808 413 849 in
447 823 530 865 qua
562 806 798 850 formaliter
829 808 894 851 lex
928 809 1139 862 consistit,
1165 809 1462 851 communitati
1497 807 1569 851 di-

148 877 347 936 rigendae
379 879 626 936 applicetur,
658 880 865 922 nimirum
895 880 1184 937 promulgatio.

266 951 327 992 Ex
359 950 552 1006 Angelici
587 949 775 993 doctoris
799 964 941 994 mente
963 951 1031 994 alii
1056 951 1147 994 aliis
1169 950 1307 994 verbis
1330 950 1469 1008 legem
1494 950 1564 994 de-

145 1019 310 1063 finiunt.
346 1022 502 1064 Suarez
519 1020 590 1079 (1)
613 1019 751 1077 legem
786 1020 943 1065 definit:
973 1040 994 1061 «
1019 1037 1251 1064 commune
1275 1032 1570 1079 praeceptum,

144 1093 302 1134 iustum
338 1107 383 1134 ac
417 1090 576 1149 stabile,
615 1091 872 1136 sufficienter
922 1093 1258 1151 promulgatum.
1295 1111 1315 1132 »
1351 1093 1459 1136 Item
1495 1093 1562 1135 De

145 1163 338 1207 Valentia
369 1162 453 1221 (2):
494 1181 513 1204 «
546 1163 633 1206 Lex
667 1176 728 1206 est
761 1176 924 1207 rectum
960 1165 1177 1222 quoddam
1201 1165 1376 1207 rationis
1401 1164 1566 1221 practi-

147 1249 216 1277 cae
249 1233 481 1290 decretum,
515 1233 562 1276 ab
596 1250 663 1289 eo,
699 1236 771 1292 qui
800 1251 943 1278 curam
971 1236 1290 1278 communitatis
1315 1236 1438 1292 gerit,
1464 1233 1562 1277 suf-

144 1304 335 1347 ficienter
366 1306 576 1347 sancitum
610 1318 651 1348 et
701 1307 998 1359 constitutum,
1035 1319 1080 1349 ut
1116 1323 1165 1350 ex
1199 1308 1288 1349 eius
1326 1307 1367 1349 vi
1418 1305 1565 1350 debeat

147 1376 385 1419 necessario
433 1375 590 1419 modus
640 1377 804 1434 aliquis,
854 1379 941 1420 sive
976 1379 1018 1419 in
1052 1394 1110 1431 re,
1156 1379 1243 1421 sive
1292 1379 1335 1420 in
1379 1379 1571 1430 actione,

149 1460 323 1505 propter
356 1463 587 1491 commune
619 1448 783 1491 bonum
818 1448 1021 1493 adhiberi.
1056 1466 1077 1488 »

268 1532 336 1574 91.
371 1520 615 1563 ScHOLION.
650 1521 712 1562 Ex
743 1521 808 1573 iis,
842 1536 948 1578 quae
998 1520 1073 1563 hac
1116 1521 1158 1562 in
1201 1520 1311 1563 thesi
1359 1519 1569 1572 diximus,

148 1590 269 1648 plura
301 1590 521 1634 manifeste
554 1607 599 1634 ac
631 1593 868 1635 necessario
909 1592 1184 1649 colliguntur.
1229 1593 1295 1635 De
1329 1591 1565 1635 differentia

148 1661 288 1718 legem
320 1663 429 1706 inter
462 1674 502 1705 et
535 1678 697 1706 meram
732 1663 937 1720 regulam,
972 1663 1110 1720 legem
1145 1664 1252 1706 inter
1297 1675 1421 1720 atque
1455 1678 1565 1706 con-

147 1734 292 1776 silium
326 1735 410 1777 iam
445 1734 629 1778 diximus
662 1736 776 1778 satis.
811 1736 960 1778 Unum
1004 1734 1141 1778 adhuc
1183 1734 1347 1792 plenius
1391 1733 1565 1777 evolve-

150 1820 263 1860 mus,
295 1820 448 1863 nempe
482 1805 701 1863 quodnam
735 1807 789 1849 sit
823 1805 1053 1849 discrimen
1088 1806 1197 1848 inter
1219 1805 1359 1862 legem
1383 1817 1423 1848 et
1445 1820 1569 1862 prae-⁷

148 1887 335 1933 ceptum.

268 1948 512 1991 Discrimen
545 1964 631 1992 non
666 1949 858 1992 consistit
891 1949 933 1991 in
967 1948 1063 2002 hoc,
1102 1947 1217 2006 quod
1267 1949 1332 1991 lex
1364 1949 1418 1991 sit
1450 1947 1568 1991 obli-

148 2018 303 2074 gativa,
335 2033 423 2060 non
462 2019 564 2061 item
614 2032 900 2077 praeceptum,
947 2018 1021 2062 sed
1071 2018 1312 2062 desumitur
1360 2035 1410 2062 ex
1442 2030 1567 2076 parte

150 2088 333 2141 iubentis,
352 2089 532 2147 subiecti,
539 2091 653 2148 finis,
673 2092 759 2147 loci,
777 2091 1017 2135 durationis,
1031 2116 1088 2124 —
1107 2090 1161 2134 1.⁰
1186 2092 1356 2135 Ratione
1380 2090 1570 2143 iubentis,

246 2308 301 2352 (1)
327 2309 382 2343 De
408 2309 478 2355 leg.
505 2309 527 2344 1.
559 2320 587 2345 1.
614 2321 642 2345 c.
675 2320 725 2345 12.
752 2322 787 2346 n.
813 2320 846 2353 4.

246 2367 302 2411 (2)
332 2369 372 2402 In
403 2379 432 2404 1.
460 2379 491 2403 2.
522 2369 613 2414 disp.
639 2379 671 2413 7.
700 2380 832 2415 quaest.
869 2380 895 2404 1.
921 2380 1044 2415 punct.
1073 2381 1105 2405 2.
1125 2370 1309 2415 Taparelli
1334 2369 1428 2404 hanc
1454 2368 1569 2404 tradit

150 2423 241 2470 legis
268 2425 529 2462 definitionem:
560 2428 675 2463 «Una
702 2429 817 2475 giusta
835 2428 1016 2464 direzione
1044 2430 1310 2464 communicata
1328 2429 1396 2463 alle
1423 2427 1568 2474 ragionf

150 2483 360 2529 dipendenti
386 2486 478 2520 dalla
505 2487 652 2533 ragione
680 2489 860 2533 superiore
880 2499 944 2533 per
969 2487 1142 2522 condurle
1159 2487 1193 2522 al
1208 2487 1290 2530 fine,
1309 2487 1402 2522 ossia
1420 2486 1452 2521 al
1470 2487 1569 2521 bene

151 2542 209 2583 del
233 2552 376 2579 tutto.»
405 2546 526 2593 Saggio
554 2551 667 2582 teoret.
694 2548 872 2582 dissertaz.
903 2559 931 2582 1.
959 2558 986 2582 e.
1017 2555 1049 2590 5.
1078 2558 1179 2583 num.
1212 2557 1286 2591 115.

1719 2379 1734 2403 -d

1709 2406 1727 2418 e,
