1734 2784
111 191 130 213 «
162 170 240 229 Illi,
272 172 344 230 qui
378 183 568 229 peccant,
601 182 848 214 avertuntur
899 170 950 213 ali
984 187 1050 224 eo,
1085 172 1125 213 in
1160 188 1247 230 quo
1283 187 1380 215 vere
1415 172 1531 216 inve-

103 245 220 287 nitur
250 244 356 287 ratio
389 242 678 300 beatitudinis,
708 258 796 286 non
830 256 975 286 autem
1009 243 1058 287 ab
1107 244 1199 302 ipsa
1249 243 1389 286 ultimi
1438 243 1532 287 finis

104 315 354 372 intentione,
387 330 517 373 quam
550 328 760 373 quaerunt
793 313 899 358 falso
938 315 981 357 in
1014 314 1105 358 aliis
1140 314 1318 359 rebus.»

222 386 284 429 Ex
317 386 471 445 quibus
505 387 724 445 perspici5‚
750 385 951 445 quidnam
977 385 1400 444 sitrespondendum
1436 387 1533 430 huic

76 455 350 501 ⁴difficultati:
383 458 484 502 Non
517 457 633 502 adest
668 473 902 502 consensus
942 459 1049 502 circa
1077 458 1399 512 beatitudinem,
1433 475 1529 501 cum

104 540 169 571 tot
201 529 337 572 adsint
371 528 422 573 de
456 529 603 573 eadem
640 529 834 573 diversae
876 530 1122 574 sententiae.
1162 530 1410 588 Distinguo:
1444 546 1532 573 non

105 598 222 643 adest
246 615 481 644 consensus
505 601 556 645 de
575 600 834 645 beatitudine
862 604 902 645 iii
921 617 1070 659 genere,
1101 601 1346 659 multaeque
1379 601 1533 645 adsunt

106 670 294 715 diversae
327 672 378 716 de
409 672 670 717 beatitudine
707 675 746 716 in
783 689 923 731 genera
959 674 1194 717 sententiae
1228 688 1335 731 nego,
1350 671 1400 716 de
1432 671 1533 716 bea-

106 742 288 788 titudine
334 748 379 789 in
426 747 546 805 specie
595 748 841 790 transmitto.
876 746 1026 803 Neque
1065 747 1175 789 enim
1222 745 1298 789 hac
1341 747 1383 789 in
1420 741 1535 788 thesi

106 831 252 861 sermo
287 816 408 861 nobis
459 830 521 861 est
555 818 605 862 de
639 818 834 861 felicitate
885 819 927 860 in
966 817 1207 876 particulari
1257 819 1536 879 considerata,

105 887 179 932 sed
212 888 262 933 de
296 906 344 934 ea
375 906 553 948 agemus
587 891 630 934 in
664 890 855 934 thesibus
895 887 1189 949 sequentibus.
1227 893 1343 936 Haec
1391 893 1533 952 itaque

105 961 328 1005 difficultas
361 961 529 1006 videtur
562 962 659 1006 huic
693 962 809 1006 alteri
844 962 956 1006 haud
994 962 1216 1007 absimilis:
1251 963 1421 1008 Falsum
1471 978 1534 1009 est

106 1049 257 1078 omnes
293 1034 489 1078 homines
523 1034 669 1092 lingua
702 1036 761 1078 uti
795 1034 845 1078 ad
879 1035 1187 1093 exprimendos
1223 1052 1324 1079 suos
1373 1052 1532 1080 conce-

105 1118 220 1165 ptus,
254 1106 463 1160 vestibus,
499 1106 600 1150 cibis
636 1120 713 1150 etc.
739 1108 799 1150 uti
819 1106 869 1150 ad
898 1107 1005 1150 vitae
1030 1106 1357 1151 necessitatibus
1382 1109 1532 1153 subve-

105 1177 334 1231 niendum,
361 1194 458 1222 cum
483 1190 548 1222 tot
582 1179 765 1222 existant
799 1179 991 1222 diversae
1033 1178 1216 1235 linguae,
1241 1191 1306 1223 tot
1341 1178 1532 1226 diversae

106 1249 268 1294 formae
301 1251 477 1294 vestitus
512 1267 559 1294 ac
592 1249 780 1294 diversae
817 1252 952 1294 victus
984 1252 1182 1294 rationes.
1216 1251 1384 1295 Omnes
1418 1250 1531 1296 illico

105 1322 426 1380 responderent:
444 1321 597 1366 falsum
618 1334 680 1365 est
701 1322 916 1380 homines,
936 1325 977 1366 in.
1001 1325 1120 1381 specie
1138 1322 1371 1381 loquendO,
1395 1325 1532 1368 eadem

104 1395 164 1436 uti
188 1394 347 1452 lingua,
371 1395 506 1438 eadem
528 1395 712 1439 vestium
754 1394 905 1451 forma,
928 1394 1065 1438 eadem
1092 1395 1231 1438 victus
1258 1397 1420 1439 ratione
1444 1412 1532 1439 eoll-

103 1466 209 1518 crdo,
236 1465 389 1510 falsum
425 1479 487 1509 est
521 1465 734 1520 homines,
770 1466 986 1525 loquendo
1022 1467 1061 1509 in
1099 1483 1256 1525 genere,
1293 1468 1351 1511 uti
1387 1468 1531 1526 lingua

106 1539 248 1597 aliqua
283 1538 335 1583 ad
368 1538 703 1582 manifestandos
739 1554 840 1581 suos
875 1551 1106 1597 conceptus
1134 1551 1210 1582 etc.
1248 1555 1355 1597 nego,

223 1612 275 1655 ΙΙ.
309 1612 390 1656 Hic
424 1611 688 1655 beatitudinis
722 1612 917 1669 appetitus
954 1620 1009 1654 est
1043 1612 1264 1656 naturalis.
1302 1637 1358 1645 -
1392 1612 1533 1670 Expli-

107 1671 303 1727 candum‘
332 1683 529 1741 inprimis
574 1695 649 1734 est,
676 1681 777 1740 quid
811 1681 1076 1740 intelligatur
1109 1684 1284 1727 nomine
1318 1685 1534 1743 appetitus

104 1755 310 1799 naturalis
346 1756 456 1812 (seu,
491 1767 536 1797 ut
570 1755 635 1797 alii
679 1755 925 1813 loquuntur,
977 1756 1126 1812 innati)
1150 1790 1160 1808 ‚
1211 1755 1311 1814 quid
1356 1758 1533 1800 nomine

105 1828 315 1886 appetitus
348 1828 479 1871 eliciti.
508 1828 544 1884 )
580 1828 625 1871 Si
659 1828 745 1870 vim
782 1826 974 1870 vocabuli
1012 1844 1058 1885 sp
1072 1840 1197 1884 ecteS‚
1231 1829 1300 1886 qui
1331 1827 1430 1872 dicit
1453 1846 1531 1887 ap-

105 1899 300 1957 petitum,
336 1900 370 1942 is
404 1898 504 1943 dicit
537 1909 673 1943 actum
707 1899 908 1943 tendendi
945 1900 984 1943 in
1017 1899 1192 1944 bonum.
1217 1902 1380 1944 Verum
1405 1917 1532 1944 seusu

105 1975 258 2031 latiori,
291 1974 467 2017 nomine
492 1974 702 2032 appetitus
728 1973 929 2015 natm-alis
953 1971 1222 2029 intelligitur,
1247 1988 1333 2016 non
1358 1973 1531 2031 quidem

104 2057 236 2099 actus,
256 2045 328 2089 sed
363 2046 504 2105 ipsum
540 2044 707 2103 pondus
741 2044 805 2087 vel
829 2045 1063 2102 propensio
1095 2057 1267 2088 naturae
1290 2046 1330 2087 iu
1355 2045 1533 2102 bonum,

105 2129 149 2160 ut
183 2117 403 2161 Suarcsius
437 2116 508 2176 (1)
540 2116 742 2174 loquitur,
778 2133 850 2160 seu
885 2117 972 2173 ipsc
1007 2115 1115 2159 ordo
1149 2129 1320 2160 naturae
1361 2118 1403 2160 in
1450 2117 1531 2161 bo—

104 2203 222 2245 num,
241 2190 415 2246 ipsaque
449 2201 597 2231 natura
632 2200 759 2246 prout
784 2201 844 2230 est
869 2188 911 2230 in
947 2186 1109 2230 bonum
1140 2187 1412 2231 ordinata.13t
1435 2190 1533 2246 qui-

199 2387 253 2431 (ι)
279 2387 329 2421 liu
360 2389 464 2421 verba
490 2386 657 2428 Suaiesii,
689 2387 730 2420 de
758 2388 826 2422 linc
855 2387 915 2421 ult.
944 2386 1033 2432 disp.
1062 2387 1154 2421 XVI.
1187 2388 1221 2420 iu
1259 2386 1373 2420 initio:
1410 2402 1424 2416 s·
1444 2387 1534 2431 Sup-

106 2447 273 2493 poncnda
301 2456 355 2481 cst
394 2446 551 2490 vulgaris
577 2446 763 2481 distinctio
803 2447 980 2492 appetitus
1020 2448 1134 2481 illiniti
1161 2456 1192 2481 ct
1222 2446 1344 2485 aliani,
1381 2457 1530 2491 quorun]

106 2507 205 2552 prior
230 2506 347 2541 solum
377 2506 539 2540 consistit
567 2506 600 2540 in
626 2506 770 2553 pondua
796 2511 953 2549 milwae,
975 2516 1006 2541 ct
1029 2507 1108 2541 ideo
1139 2506 1342 2541 communis
1370 2513 1422 2539 cst
1449 2515 1531 2539 cum

71 2608 77 2614 =
107 2565 186 2601 aliis
213 2566 414 2602 viventibus
445 2574 476 2600 ct
506 2566 719 2609 inanimam³
745 2575 774 2601 ct
806 2566 838 2601 iu
860 2566 987 2614 quibus,
1015 2566 1117 2609 iucstj
1141 2575 1311 2613 perpetuo
1341 2566 1445 2599 inest:
1471 2576 1532 2610 po-
