1734 2784
731 96 787 101 ·-
818 83 903 127 439
938 96 997 101 '‘-

146 183 294 221 omne,
330 166 448 225 quod
481 179 543 210 est
576 166 824 224 honestum,
857 165 899 210 id
932 166 1091 210 oriatur
1133 182 1184 209 ex
1236 165 1372 224 aliqua
1420 172 1579 209 harum-

146 250 331 296 quatuor
364 239 589 294 virtutum,
623 253 698 280 seu
733 253 820 295 quo
845 249 966 295 pacto
1000 237 1049 280 ad
1075 236 1146 279 bas
1181 249 1366 295 quatuor
1391 238 1573 281 virtutes

145 321 307 353 ceterae
331 308 514 352 morales
538 324 689 352 omnes
723 308 992 366 reducantur3
1021 307 1173 351 debent
1197 324 1295 351 cum
1332 324 1365 352 S.
1397 308 1575 352 Thoma

144 380 319 439 triplicis
343 380 510 437 generis
545 392 685 438 partes
720 380 924 437 distingui
953 381 994 422 in
1028 379 1251 438 prudentia
1275 380 1450 438 aliisque
1482 381 1571 423 vir-

144 451 305 495 tutibus
330 451 626 495 cardinalibus.
655 453 718 495 En
751 453 840 509 ipsa
872 451 1052 510 angelici
1086 453 1289 495 Doctoris
1325 451 1451 495 verba
1483 452 1579 511 (1).

264 543 285 565 «
309 523 706 582 Dicendum‚quod
739 524 891 582 triplex
925 536 987 568 est
1021 539 1128 582 pars:
1153 524 1311 566 scilicet
1342 525 1567 581 integralis,

142 608 189 640 ut
222 597 376 655 paries,
411 608 591 649 tectum,
628 596 956 645 fundamentum
990 608 1088 639 sunt
1121 608 1258 654 partes
1290 595 1459 638 domus:
1495 611 1564 639 szc-

144 667 329 726 meatim,
363 668 472 711 sicut
504 667 580 711 bos
615 681 655 711 et
688 668 755 711 leo
789 680 887 711 sunt
921 680 1058 726 partes
1093 667 1297 710 animalis:
1344 679 1384 710 et
1423 675 1580 724 poten--

143 739 269 793 tialis,
305 740 413 782 sicut
445 740 705 782 nutritivum
741 752 781 783 et
814 740 1068 782 sensitivum
1103 751 1202 782 sunt
1227 751 1362 796 partes
1386 739 1567 780 animae.

141 810 303 854 Tribus
337 827 440 868 ergo
475 811 616 855 modis
652 825 833 869 possunt
866 812 1071 868 assignari
1120 823 1261 868 partes
1301 809 1422 852 alicui
1472 810 1563 851 vir-

141 882 235 925 tuti.
268 908 326 915 —
359 883 459 926 Uno
494 882 628 925 modo
655 882 705 925 ad
729 881 1058 925 similitudinem
1083 882 1268 939 partium
1293 880 1577 936 integralium‚,

141 966 188 997 ut
220 954 380 997 scilicet
414 953 481 996 illa
513 953 705 996 dicantur
737 969 829 996 esse
864 965 1002 1011 partes
1027 953 1200 996 virtutis
1234 952 1425 1004 alicuius,
1461 966 1569 1008 quae

140 1042 314 1069 necesse
338 1038 400 1069 est
424 1041 676 1068 concurrere
701 1026 751 1069 ad
776 1025 1011 1084 perfectum
1038 1037 1178 1067 actum
1202 1024 1370 1066 virtutis
1396 1022 1565 1065 illius...

140 1099 286 1141 Partes
320 1110 462 1140 autem
510 1097 749 1140 subiecti-vae
799 1098 967 1139 virtutis
1018 1096 1215 1139 dicuntur
1265 1096 1426 1151 species
1476 1094 1569 1136 eius

141 1168 388 1213 diversae...
422 1170 568 1212 Partes
602 1181 746 1211 autem
776 1168 1013 1227 potentiales
1062 1167 1238 1209 alicuius
1278 1167 1443 1208 virtutis
1495 1164 1573 1207 di—

141 1252 294 1283 cuntur
327 1241 505 1283 virtutes
539 1240 774 1297 adiunctae,
808 1255 913 1298 quae
948 1239 1201 1282 ordinantur
1226 1237 1276 1281 ad
1311 1237 1474 1295 aliquos
1499 1252 1573 1279 se*

139 1311 368 1354 cundarios
402 1324 517 1354 actus
551 1311 615 1354 vel
650 1313 861 1368 materias,
894 1312 1011 1368 quasi
1048 1326 1134 1353 non
1180 1309 1381 1352 habentes
1428 1320 1564 1350 totam

140 1384 375 1441 potentiam
399 1383 642 1441 principalis
665 1384 886 1426 virtutis.»
933 1384 1048 1425 Haec
1082 1383 1226 1425 omnia
1260 1380 1573 1438 applicabimus.

139 1456 182 1497 in
205 1454 313 1498 thesi
348 1468 568 1513 sequente.

672 1666 838 1709 Tfflzffls
876 1667 1033 1709 LVIII.

137 1796 284 1840 Brevis
305 1797 567 1840 adumbratio
597 1798 913 1855 unfnscniztsqlte
937 1812 983 1839 cx
1006 1804 1183 1855 quatuor
1217 1794 1435 1838 virtutilms
1468 1809 1569 1838 car-

259 1869 477 1914 dinalibns.

264 1968 359 2021 169.
394 1966 708 2009 Dece-mmo.
746 1966 851 2009 Tria
885 1964 935 2008 de
969 1979 1221 2022 unaquaque
1255 1978 1306 2006 ex
1333 1962 1561 2005 virtutibus

138 2034 421 2079 cardinalibus
457 2036 690 2094 trademus,
713 2053 867 2094 nempe
892 2037 981 2078 eius
1017 2036 1255 2088 notionem,
1280 2046 1415 2091 partes
1441 2049 1564 2090 prae-

136 2106 296 2164 cipuas,
331 2122 377 2149 ac
410 2108 508 2150 vitia
542 2108 682 2151 cidem
717 2109 927 2166 opposita.
965 2107 1100 2160 Quod
1134 2107 1167 2149 si
1201 2105 1380 2149 breviter
1405 2105 1455 2147 de
1474 2106 1561 2148 vir--

135 2176 298 2220 tutibus
333 2177 448 2221 bisce
482 2194 673 2236 agemus,
710 2180 749 2222 id
784 2181 945 2222 nemini
982 2180 1140 2222 mirum
1176 2178 1387 2221 videatur:
1422 2177 1565 2235 siqui-

137 2247 235 2292 dem
270 2249 322 2293 de
356 2250 523 2304 iisdem,
559 2253 783 2309 praecipue
830 2268 932 2295 vero
982 2252 1032 2294 de
1078 2253 1251 2303 institia,
1305 2250 1566 2309 multiplices

132 2321 451 2378 pertractandae
484 2335 609 2365 erunt
642 2325 915 2381 quaestiones
951 2325 993 2366 in
1027 2323 1156 2367 altera
1189 2323 1364 2367 Etliicae
1399 2336 1531 2381 parte.

230 2542 287 2586 (1)
313 2543 352 2576 In
380 2553 408 2578 2.
437 2554 467 2578 2.
493 2555 525 2590 q.
553 2554 609 2589 49.
636 2557 665 2580 a.
693 2546 785 2580 unic.
