1734 2784
250 308 266 351 f,
309 306 367 340 lv.
397 306 521 349 Qualis
545 307 587 340 sit
615 306 666 340 lex
690 307 860 342 naturalis
865 335 1212 344 .......

732 96 994 149 -476—

340 187 420 222 talis
448 187 632 222 moralitas
658 187 787 223 habeat
814 189 960 223 tandein
988 200 1089 223 suam
1117 188 1275 223 radicem
1304 197 1338 225 et
1365 187 1449 223 fun-

339 248 559 280 dunt-ntum.
634 273 641 282 .
705 274 1445 284 .............

156 378 333 421 Thesis
366 379 573 422 XXXVI.
608 404 664 411 —
698 381 783 423 Lex
814 381 1023 424 naturalis
1056 390 1111 424 est
1154 389 1324 439 prorsus
1368 383 1451 425 im-

331 450 554 493 ninmhilis.

254 541 328 574 107.
355 532 664 568 Praenotiones.
690 554 735 559 —
761 535 905 580 Duplex
931 535 1083 570 mutatio
1111 535 1213 582 legis:
1236 555 1280 562 —
1309 536 1451 582 impro-

252 887 328 922 108.

342 591 415 635 pria
445 604 506 636 per
532 594 682 626 modum
718 594 922 637 additionis,
959 605 1068 642 eaque
1107 594 1228 629 locum
1266 595 1375 630 habet
1417 594 1453 629 in

344 650 421 695 lege
448 653 600 686 naturali
620 672 663 677 —
682 655 827 698 propria
855 667 915 700 per
942 655 1093 689 modum
1121 655 1390 690 subtractionisL
1409 675 1454 680 —

345 710 438 743 Ilaec
466 710 576 745 altera
602 723 723 746 rursus
750 722 868 758 potest
886 714 1096 758 contingere
1123 713 1322 759 dupliciter:
1343 733 1387 739 —
1408 713 1452 747 ab

344 769 540 804 intrinseco
562 790 604 796 —
631 771 674 805 ab
703 772 904 807 extrinseco
934 794 965 797 —
987 784 1050 818 per
1076 773 1362 819 abrogationem,
1390 772 1452 807 de-

343 831 582 873 rogationem,
611 831 933 877 dispensationem.
963 861 970 867 .
1025 859 1032 866 .
1086 860 1092 866 .
1147 860 1155 867 .
1211 859 1457 868 .....

357 889 674 925 De111011stratio.
692 892 828 933 —1Lex
854 891 1025 926 naturalis
1044 903 1159 937 neque
1186 893 1228 925 ab
1257 891 1453 926 intrinseco

344 949 471 981 mutari
498 957 615 993 potest
642 970 673 973 -
696 962 812 996 neque
838 952 881 984 ab
909 951 1108 985 extrinseco
1129 970 1173 976 -—
1191 950 1297 996 idque
1314 950 1453 984 ratione

343 1007 520 1050 specialis,
550 1007 643 1041 circa
671 1020 778 1054 quam
806 1018 979 1052 versatur,
1008 1010 1189 1044 materiae.
1210 1029 1254 1035 —
1273 1010 1328 1043 Ne
1355 1009 1453 1043 Deus

346 1065 489 1109 quidem
516 1067 586 1100 hoc
608 1076 725 1112 potest
753 1067 904 1111 efficere,
924 1077 961 1102 ut
981 1068 1076 1113 quod
1105 1067 1296 1103 intrinsece
1316 1067 1452 1102 malum

345 1132 408 1163 cst,
438 1124 508 1158 iam
538 1125 693 1171 amplius
720 1127 857 1161 malum
895 1139 969 1160 non
1009 1128 1066 1162 sit:
1095 1147 1138 1152 -
1166 1139 1281 1174 neque
1311 1125 1454 1173 aliquid

347 1183 474 1216 exinde
503 1185 662 1230 sequitur
689 1185 857 1220 adversus
883 1186 950 1220 Dei
980 1187 1298 1232 omnipotentiam.
1327 1214 1334 1221 .

254 1251 332 1286 109.
359 1243 568 1278 Scholion.
599 1265 635 1269 ——
668 1245 847 1290 Principia
867 1245 911 1279 ad
939 1246 1131 1280 solvendas
1151 1245 1392 1280 difficultates.
1413 1264 1456 1270 —

346 1300 490 1346 Duplex
517 1304 680 1338 mutatio:
702 1324 744 1329 —
760 1306 903 1350 propria
930 1313 961 1339 et
982 1304 1143 1339 formalis
1162 1316 1204 1339 ex
1222 1313 1322 1349 parte
1342 1303 1454 1349 ipsius

344 1361 435 1405 legis
467 1384 496 1385 ψ
533 1363 730 1408 impropria
758 1374 792 1399 et
830 1365 1026 1399 materialis
1063 1376 1105 1398 ex
1143 1373 1242 1410 parte
1282 1364 1454 1398 materiae

346 1420 447 1465 legis:
479 1441 521 1446 —
550 1432 690 1457 tantum
719 1423 806 1458 haec
834 1424 942 1458 altera
971 1425 1099 1459 habere
1126 1434 1245 1470 potest
1271 1425 1401 1464 locum,
1427 1423 1455 1458 si

347 1480 389 1513 de
417 1480 496 1526 lege
522 1483 674 1516 naturali
703 1494 821 1518 sermo
848 1485 906 1519 sit.
935 1504 978 1510 —
1006 1485 1091 1526 Quo
1117 1496 1224 1518 sensu
1251 1495 1277 1518 s,
1292 1483 1455 1518 Thomas

346 1538 534 1585 distinguit
561 1542 651 1576 inter
679 1542 853 1588 quaedam
880 1553 1069 1589 praecepta
1095 1544 1268 1578 naturalia
1287 1554 1375 1589 quae
1395 1542 1454 1576 ad-

347 1599 507 1641 mittunt,
531 1610 562 1634 et
590 1602 764 1647 quaedam
792 1614 881 1648 quae
900 1615 973 1637 non
993 1603 1184 1638 admittunt
1204 1603 1453 1637 mutationem.

346 1677 388 1683 —
418 1660 514 1700 Quid
541 1661 585 1695 sit
624 1662 846 1707 dispensatio
873 1673 959 1696 vero
999 1674 1039 1696 ac
1065 1662 1209 1708 proprio
1245 1673 1350 1696 sensu
1390 1662 1454 1696 ac-

348 1726 461 1763 cepta:
498 1740 533 1744 -—
562 1721 646 1754 varii
674 1722 773 1755 modi
800 1722 1071 1767 dispensationis
1107 1721 1302 1767 improprie
1328 1721 1452 1756 dictae.

347 1796 389 1801 -—
418 1770 529 1813 Niulta
557 1779 647 1824 legis
672 1781 842 1815 naturalis
869 1790 1058 1827 praecepta
1084 1781 1205 1826 paucis
1230 1780 1347 1816 verbis
1373 1791 1453 1826 pro-

347 1836 517 1881 feruntur,
539 1840 639 1884 plura
665 1849 789 1874 tamen
817 1840 1133 1887 subintelligendo.
1172 1861 1190 1864 ψ
1213 1841 1297 1875 Non
1325 1840 1453 1875 eodem

349 1908 492 1941 prorsus
519 1899 629 1933 modo
657 1911 694 1933 se
721 1900 853 1934 liabent
881 1900 970 1934 ordo
997 1899 1164 1946 physicus
1190 1907 1223 1933 et
1250 1899 1339 1934 ordo
1367 1910 1452 1933 mo—

348 1955 439 1990 ralis.
538 1959 738 2004 Responsio
772 1959 949 2006 aliquibus
988 1958 1267 2000 difficultatibus,
1297 1970 1384 2005 quae
1411 1969 1453 1992 ex

347 2025 374 2048 s.
404 2016 585 2060 Scriptura
612 2019 685 2062 peti
711 2018 838 2053 solent.
903 2045 1448 2053 ..........

158 2084 336 2128 Thesis
369 2087 600 2132 XXXVII.
645 2116 696 2120 —
744 2090 1016 2146 Perspirnz'tczs
1048 2098 1100 2132 est
1132 2068 1217 2132 alia
1251 2089 1339 2145 legis
1370 2103 1452 2131 na-

337 2160 482 2202 turult>-
510 2161 750 2217 proprietas.
776 2195 785 2204 .

263 2250 335 2274 rio.
362 2242 671 2279 Praenotiones.
698 2264 741 2269 —
769 2244 1013 2286 Quandonam
1040 2255 1146 2278 sensu
1172 2243 1350 2278 strictiore
1382 2243 1450 2278 ali-

349 2302 429 2346 quid
459 2302 596 2336 dicatur
622 2314 699 2337 esse
726 2304 910 2349 proprium
946 2302 1002 2338 vel
1028 2303 1228 2349 proprietas
1264 2302 1353 2348 legis
1387 2301 1453 2336 ali-

347 2362 456 2393 cuius.
488 2382 525 2386 —
555 2363 612 2396 An
651 2363 884 2408 perspicuitas
924 2363 967 2397 sit
1005 2374 1111 2397 sensu
1148 2363 1323 2408 pressiore
1363 2372 1452 2406 pro-

348 2421 477 2463 prietas
504 2420 592 2466 legis
617 2422 802 2456 naturalis.
831 2442 874 2447 —
901 2421 991 2456 Tres
1017 2421 1258 2468 distinguendi
1286 2429 1367 2455 sunt
1393 2431 1452 2455 or-

1498 257 1566 294 292

1444 336 1451 343 .
1505 317 1571 354 297

1516 451 1570 495 ib.

1444 1212 1451 1220 .
1504 1193 1571 1230 299

1499 2027 1570 2061 302

1439 2195 1449 2204 ·
1488 2174 1570 2215 309

349 2478 446 2512 dines
473 2491 534 2513 seu
561 2481 691 2514 classes
718 2490 991 2527 praeceptorum
1030 2480 1259 2515 naturalium:
1291 2499 1335 2506 —
1362 2490 1451 2525 quae
1486 2513 1488 2515 ,

349 2537 393 2570 ad
421 2539 577 2582 primum
609 2539 833 2586 alterumque
869 2539 1032 2575 ordinem
1070 2548 1244 2586 spectant,
1279 2547 1452 2587 vocantur

348 2597 561 2641 generaliora
586 2599 677 2644 legis
703 2599 874 2634 naturalis
905 2608 1123 2645 praecepta.·
1155 2623 1459 2634 ......

1522 2597 1573 2634 ib.
1634 2619 1643 2637 -,

1668 194 1728 1011 {mam-gagis.u‘’9;g*s;jqivss{-e-e³4·³-mara-‘ffmsfik
1709 91 1713 95 .
1716 56 1717 61 „

1689 1098 1730 1151 asez

1725 1918 1731 1926 .
1684 1726 1731 1886 slew
1695 1538 1733 1713 *sanast-u*-
1683 1143 1731 1528 affffixffij,·3ffit-r&zsfft
