1734 2784
120 171 295 232 quilibet
325 171 550 230 singularis
583 170 773 215 defectus
807 184 950 215 causat
985 173 1163 226 malum,
1197 171 1361 216 bonum
1395 186 1539 217 autem

116 256 315 288 causatur
349 261 400 287 ex
431 244 595 300 integra
643 259 779 297 causa,
828 255 874 286 ut
920 243 1159 302 Dionysius
1204 244 1371 289 dicit.»
1425 246 1543 289 Haec

112 316 190 359 tria
222 340 279 349 —-
316 314 521 368 obiectum,
558 314 672 372 finis,
715 315 1043 358 circmnslantiae
1075 339 1131 347 —
1170 314 1370 359 dicuntur
1406 317 1542 374 fontes

113 401 198 429 seu
226 387 431 445 principia
461 385 725 428 moralitatis,

232 460 302 514 64.
336 459 586 501 SCHOLION.
621 458 758 500 Pauca
791 455 843 500 de
877 457 1096 500 actionum
1120 459 1436 502 circmnstantiis
1460 459 1541 503 ad-

112 529 277 573 demus.
313 529 667 573 Circumstantiae
700 544 774 571 seu
809 528 1039 571 accidentia
1070 529 1250 573 actionis
1287 529 1360 589 (1)
1394 534 1539 575 conti-

113 613 270 644 nentur
303 599 385 643 hoc
417 599 534 643 brevi
567 599 791 643 versiculo:

199 740 299 770 Quis,
326 740 432 771 Qum,
457 739 532 771 UBI,
560 739 697 768 QUIBUS
722 739 897 772 AUX1L115‚
924 740 1012 773 cun,
1044 741 1251 774 QUOMODO,
1281 743 1455 772 QUANDO.

120 851 260 893 Pauca
291 849 342 892 de
374 848 571 906 singulis,
596 861 641 891 ut
677 850 835 907 passim
869 865 939 892 eae
973 848 1111 892 solent
1136 866 1156 892 a
1180 850 1370 908 probatis
1395 864 1539 896 aucto-

115 920 230 964 ribus
253 920 461 979 explicari.

229 994 346 1046 QUIS
380 1009 468 1036 non
489 993 573 1035 iam
597 991 900 1036 tantummodo
934 992 1143 1050 significat
1171 993 1412 1051 generalem
1437 1010 1533 1052 per-

109 1080 239 1108 sonae
279 1065 444 1121 agentis
492 1064 714 1120 rationem,
763 1063 837 1106 sed
884 1064 1112 1121 specialem
1146 1064 1341 1108 eiusdem
1375 1065 1534 1109 condi-

108 1136 297 1179 tionem:
330 1135 365 1177 si
409 1134 475 1177 ille
509 1150 544 1178 e.
577 1150 617 1191 g.
651 1135 723 1191 qui
769 1133 1088 1192 eleemosynam
1136 1135 1354 1192 elargitur,
1399 1137 1455 1179 sit
1491 1149 1532 1180 et

109 1207 198 1264 ipse
240 1221 417 1264 pauper,
467 1205 569 1248 haec
611 1206 925 1248 circumstantia
971 1220 1096 1263 auget
1145 1222 1243 1250 sane
1292 1206 1527 1251 bonitatem

109 1277 316 1320 moralem
349 1276 460 1320 illius
492 1277 682 1319 actionis.
717 1302 774 1310 —
808 1278 935 1330 QUID
972 1277 1144 1321 denotat
1179 1280 1333 1336 pariter
1370 1281 1532 1337 specia-

107 1348 193 1392 lem
228 1349 381 1392 Obiecti
412 1350 636 1405 rationem,
670 1360 710 1391 et
743 1350 1002 1392 nominatim
1052 1349 1155 1394 haec
1199 1352 1300 1395 tria:
1338 1350 1533 1408 designat

115 1434 324 1477 magnum
357 1431 427 1463 aut
459 1435 640 1477 parvum
673 1420 715 1461 in
748 1418 935 1473 Obiecto,
980 1432 1026 1463 ut
1070 1422 1103 1463 si
1147 1436 1212 1464 res
1261 1436 1336 1478 per
1373 1421 1537 1464 furtum

108 1489 242 1534 ablata
275 1492 330 1534 sit
363 1492 507 1547 magni
539 1489 708 1534 valoris:
743 1489 953 1547 significat
986 1482 1199 1545 effectum,
1224 1493 1296 1549 qui
1330 1508 1380 1535 ex
1404 1508 1534 1550 opere

112 1554 329 1619 Sequatur,
361 1574 407 1605 ut
441 1563 475 1605 si
509 1578 559 1605 ex
592 1561 828 1605 homicidio
852 1575 993 1605 secuta
1018 1563 1070 1605 sit
1094 1575 1318 1620 paupertas
1342 1562 1536 1607 filiorum

108 1631 238 1686 illius,
272 1633 344 1690 qui
378 1634 544 1676 occisus
577 1644 668 1675 est:
704 1632 859 1676 indicat
893 1633 1190 1677 conditionem
1232 1650 1440 1692 personae
1472 1635 1539 1678 vel

206 1841 262 1884 (Ι)
290 1838 348 1875 Cf.
379 1851 406 1874 s.
433 1839 514 1882 Th„
550 1850 578 1875 1.
608 1851 638 1874 2.
666 1852 698 1885 q.
726 1849 759 1883 7.
795 1849 858 1874 art.
889 1849 928 1882 3.:
960 1855 976 1870 «
1006 1841 1148 1875 Tullius
1185 1842 1218 1874 in
1258 1854 1319 1876 sua
1346 1843 1450 1878 Rhet.
1478 1856 1537 1878 as-

112 1899 231 1945 signat
256 1908 394 1945 septem
423 1900 709 1934 circumstantias
736 1909 805 1934 etc.
835 1900 1150 1934 Considerandum
1179 1910 1231 1935 est
1258 1902 1356 1935 enim
1384 1903 1420 1936 in
1448 1903 1538 1937 acti-

112 1959 177 1993 bus
203 1959 275 2005 qtcis
294 1958 390 2004 fecit,
420 1960 536 2005 quibus
560 1960 699 1993 auxiliis
717 1959 773 1993 vel
801 1960 1045 1993 instrumentis
1074 1959 1207 2002 fecerit,
1227 1960 1305 2006 quid
1325 1961 1456 2005 feccrit,
1478 1963 1539 1996 ubi

110 2018 247 2059 fecerit,
274 2018 435 2065 quomodo
462 2019 598 2062 fecerit,
629 2028 661 2053 et
688 2021 818 2064 quando
846 2018 979 2053 fecerit.
1017 2019 1086 2054 Sed
1113 2020 1327 2055 Aristoteles
1354 2022 1389 2055 in
1416 2022 1443 2056 l.v
1470 2023 1535 2057 ΙΙΙ.

111 2077 427 2114 Ethic.c.1.addit
455 2079 575 2120 aliam,
601 2078 678 2113 scil.
701 2079 788 2112 circa
819 2077 907 2123 qnid,
936 2090 1023 2124 quae
1053 2090 1071 2112 a
1100 2079 1222 2114 Tullio
1251 2081 1536 2127 comprehendi-

104 2145 168 2172 tur
196 2139 261 2172 sub
290 2136 412 2184 quid.»
442 2138 494 2172 En
523 2147 641 2171 autem
670 2138 775 2171 verba
802 2138 1021 2179 Aristotelis,
1051 2137 1072 2170 l.
1100 2148 1140 2172 e.:
1169 2138 1273 2176 Ἴσως
1302 2136 1360 2171 οὖν
1390 2138 1427 2171 οὐ
1455 2141 1537 2185 χεῖ-

105 2207 172 2240 ,ρον
203 2195 367 2240 διορίσαι
393 2194 489 2234 αὐτὰ,
515 2196 593 2228 τίνα
622 2195 679 2227 καὶ
706 2196 800 2227 πόσα.
828 2195 913 2234 ἐστι’,
943 2197 990 2233 τίς
1018 2208 1052 2228 τε
1082 2196 1125 2231 δή
1150 2193 1209 2227 καὶ,
1228 2195 1261 2228 τί
1285 2195 1343 2228 xxi
1370 2194 1447 2240 περὶ
1466 2196 1499 2229 τί
1519 2196 1538 2232 ἢ

107 2253 146 2286 ἐν
173 2253 240 2285 τίνι,
266 2254 418 2297 πράττει,
449 2253 555 2286 ἐνίοτε
584 2252 622 2286 δὲ
651 2253 708 2284 222
734 2252 811 2292 τίνι,
846 2249 916 2286 οἷον
946 2252 1095 2298 ὀρ’χ7ἶ]ς.),
1125 2251 1183 2285 καὶ
1211 2251 1313 2285 ἕνεκκ
1336 2253 1440 2293 τίνος,
1464 2250 1538 2287 οἷον

111 2310 296 2355 σωτηρίας,
325 2310 384 2343 καὶ
408 2314 489 2350 πῶς,
519 2307 590 2344 οἷον
617 2311 726 2356 ism-'522
754 2311 770 2346 ν’,
801 2312 951 2357 τροόᾗοκ,
992 2313 1076 2346 Non
1118 2314 1182 2346 erit
1223 2313 1329 2357 igitur
1371 2311 1538 2346 fortassis

112 2368 176 2402 abs
202 2380 250 2411 re,
279 2380 369 2415 quae
395 2377 429 2403 ct
456 2378 540 2415 quot
571 2381 632 2403 eae
663 2371 742 2411 sint,
770 2370 1003 2416 distinguere,
1032 2372 1215 2406 nimirum.
1237 2372 1313 2417 quis
1340 2381 1433 2418 agat,
1454 2372 1537 2417 quid

113 2436 207 2473 agat,
239 2435 272 2462 et
301 2440 369 2474 qua
397 2429 429 2461 in
461 2440 495 2462 re
524 2438 684 2462 versetur
711 2430 816 2471 acti03
846 2431 1025 2464 interdum
1054 2442 1137 2464 vero
1160 2440 1191 2465 ct
1211 2442 1280 2476 quo
1300 2440 1383 2476 puta
1410 2431 1539 2464 instru-

114 2494 251 2529 mento,
278 2495 312 2521 ct
340 2487 440 2521 cuius
467 2488 513 2521 rei
544 2499 660 2530 causa,
690 2497 725 2522 ut
752 2489 877 2523 salutis
906 2502 1023 2531 cansa,
1055 2499 1087 2524 et
1117 2490 1318 2536 quomodo,
1348 2499 1384 2524 ut
1411 2489 1539 2524 leniter

108 2555 158 2579 an
186 2546 425 2582 vehementer.
