1734 2784
660 77 895 119 -17-

67 163 315 212 earumdem
347 177 508 205 rerum.
541 162 590 204 In
622 174 710 218 quo
743 158 958 202 eiusmodi
994 157 1090 200 finis
1124 159 1275 215 reponi
1313 158 1480 212 debeat,

68 238 176 282 clare
198 235 322 280 docet
345 231 591 278 Concilium
614 232 875 278 Vaticanum
899 230 1014 287 hisce
1038 229 1173 273 verbis
1198 231 1258 288 (1)
1278 248 1285 273 :
1318 249 1337 271 r<
1360 231 1484 275 Deus

67 308 256 352 bonitate
289 321 363 349 sua
395 316 436 349 et
482 302 769 361 omnipotenti
815 302 973 345 virtute
1018 316 1107 344 non
1155 301 1206 345 ad
1248 302 1487 359 augendam

69 394 189 423 suam
221 374 543 432 beatitudinem,
574 389 653 417 nec
684 373 736 417 ad
769 372 1085 431 acquirendam,
1119 372 1193 416 sed
1225 373 1277 417 ad
1300 374 1484 418 manife-

69 448 264 494 standam
298 445 607 506 perfectionem
653 460 775 488 suam
824 460 899 503 per
946 444 1085 502 bona,
1128 460 1235 502 quae
1284 447 1490 489 creaturis

68 520 329 578 impertitur,
362 517 581 561 liberrimo
615 515 795 559 consilio
839 516 967 559 simul
1015 515 1063 560 ab
1112 517 1233 560 initio
1281 519 1490 575 temporis

69 604 297 649 utramque
330 588 381 633 de
413 588 546 631 nihilo
595 587 785 631 condidit
834 600 1100 645 creaturam,
1134 589 1399 647 spiritualem
1450 603 1491 633 et

71 661 356 721 corporalem,
391 659 624 717 angelicam
656 658 853 702 videlicet
886 672 926 702 et
959 659 1236 717 mundanam,
1260 676 1305 703 ac
1339 661 1493 704 deinde

71 734 322 786 humanam,
357 732 477 789 quasi
511 746 791 774 communem
824 747 875 773 ex
906 732 1054 788 spiritu
1090 745 1129 774 et
1163 746 1343 789 corpore
1377 748 1487 775 con-

73 805 263 848 stitutam
286 820 327 846 ».
351 803 404 846 Et
435 817 585 845 rursus
623 802 706 859 (2):
743 820 765 841 «
785 803 831 845 Si
854 803 949 859 quis
974 803 1186 846 mundum
1210 804 1261 847 ad
1285 805 1365 847 Dei
1391 805 1491 862 glo-

73 877 181 919 riam
215 872 440 918 conditum
473 889 565 916 esse
597 874 831 930 negaverit,
856 873 1078 918 anatliema
1112 876 1221 920 sit».
1248 877 1344 919 Hoc
1373 876 1492 934 quod

75 946 280 990 catholica
311 944 417 989 fides
453 943 600 1001 docet,
648 945 812 988 ratione
861 945 1157 1003 philosophica
1190 948 1269 990 erit
1301 947 1492 992 demon-

74 1017 310 1062 strandum.
346 1015 604 1061 Tradendus
638 1017 835 1074 inprimis
870 1030 932 1060 est
965 1030 1196 1075 conceptus
1227 1018 1392 1075 gloriae.

199 1107 219 1130 «
242 1087 407 1141 Gloria,
441 1088 579 1145 inquit
612 1103 643 1130 s.
678 1087 875 1131 Thomas
895 1089 970 1145 (3),
989 1088 1095 1132 nihil
1119 1089 1232 1133 aliud
1257 1103 1336 1144 est,
1362 1107 1492 1149 quam

77 1161 184 1205 clara
214 1160 366 1203 notitia
397 1175 496 1203 cum
528 1159 666 1217 laude,
687 1176 707 1200 >³
738 1175 828 1214 seu,
863 1173 908 1203 ut
942 1160 1236 1205 definitionem
1270 1163 1377 1206 hanc
1426 1180 1496 1206 ex—

77 1232 201 1292 plicat
219 1231 392 1275 Lessius
409 1232 484 1288 (4),
510 1231 695 1275 «notitia
712 1231 881 1274 alterius
901 1232 1169 1276 excellentiae
1188 1234 1354 1291 pariens
1378 1250 1497 1278 amo-

77 1320 184 1358 rem,
215 1304 535 1347 venerationem
567 1315 607 1347 et
639 1302 871 1347 laudem».
908 1305 1009 1347 Duo
1043 1305 1175 1361 igitur
1208 1305 1258 1348 ad
1314 1305 1498 1363 gloriam

79 1386 351 1428 concurrunt,
384 1373 566 1418 alterum
600 1391 650 1418 ex
682 1387 797 1432 parte
830 1374 1081 1430 intellectus,
1115 1391 1271 1435 nempe
1306 1378 1497 1434 cognitio

78 1447 348 1492 excellentiae
379 1445 572 1502 alicuius,
604 1445 783 1489 alterum
806 1462 857 1489 ex
880 1458 995 1504 parte
1017 1446 1263 1502 voluntatis,
1288 1449 1497 1491 nimirum

80 1519 274 1576 cognitae
305 1517 574 1562 excellentiae
597 1532 736 1570 amor,
760 1519 993 1571 veneratio,
1018 1518 1121 1562 laus.
1141 1521 1305 1563 Verum
1341 1534 1386 1563 ut
1409 1520 1501 1577 ple-

78 1592 248 1635 niorem
280 1590 440 1647 gloriae
473 1602 728 1647 conceptum
762 1588 1010 1642 habeamus,
1045 1589 1260 1647 duplicem
1294 1591 1502 1634 debemus

82 1663 345 1720 distinguere
377 1662 560 1719 gloriam
593 1662 849 1704 intrinsecam
883 1673 923 1703 et
957 1662 1216 1705 extrinsecam
1249 1662 1323 1719 (5).

166 1883 231 1929 ·(1)
258 1883 299 1918 ln
327 1883 512 1919 constitut.
542 1882 584 1918 de
610 1883 681 1917 fide
709 1884 800 1918 cath.
829 1894 903 1929 cap.
937 1894 963 1917 1.

176 1944 231 1989 (2)
264 1943 313 1977 Ib.
340 1955 417 1978 can.
448 1952 477 1986 5.
506 1943 564 1978 Cf.
592 1954 616 1977 5.
645 1943 778 1978 Thom.
807 1954 898 1977 sum.
925 1952 1020 1977 cont.
1047 1952 1142 1989 gent.
1170 1943 1191 1976 l.
1222 1953 1251 1987 5.
1281 1954 1331 1977 cc.
1366 1943 1500 1985 18-25.‚

83 2004 145 2038 ubi
169 2003 316 2050 inquirit
345 2016 363 2035 «
390 2002 576 2049 quomodo
604 2004 700 2038 Deus
726 2003 768 2037 sit
799 2003 879 2036 sinis
916 2003 1095 2038 omnium.
1127 2017 1144 2035 »
1174 2002 1233 2038 Cf.
1264 2002 1377 2036 etiam
1411 2013 1437 2036 1.
1469 2014 1505 2047 p.

85 2074 120 2109 q.
148 2072 203 2106 44.
231 2074 251 2097 a
277 2072 321 2105 4.,
349 2062 407 2096 cui
434 2062 558 2097 titulus
586 2072 739 2097 «utrum
766 2063 864 2097 Deus
891 2063 935 2097 sit
961 2073 1066 2096 causa
1095 2062 1212 2097 finalis
1241 2062 1418 2097 omnium.
1450 2077 1465 2091 »

181 2123 236 2167 (3)
262 2122 301 2156 In
326 2132 352 2156 1.
381 2132 412 2156 2.
440 2133 472 2167 q.
502 2131 532 2156 2.
559 2133 587 2156 a.
620 2133 649 2167 3.
679 2121 848 2164 «Gloria,
875 2122 922 2156 ait
951 2121 1106 2164 Tullius,
1135 2122 1271 2156 Inreut.
1292 2122 1335 2154 II.
1362 2130 1424 2164 55.,
1445 2129 1497 2154 est

86 2180 254 2228 frequens
280 2181 323 2216 de
350 2181 470 2228 aliquo
500 2180 594 2215 fama
622 2193 705 2215 cum
732 2181 849 2215 laude.
879 2196 894 2211 »

181 2241 234 2285 (4)
262 2240 470 2275 Comment.
497 2240 531 2274 in
565 2251 591 2275 1.
619 2250 652 2276 2.
682 2251 708 2274 s.
735 2240 806 2275 Th.
833 2253 866 2286 q.
901 2250 927 2274 1.
955 2240 996 2275 de
1024 2241 1153 2275 ultimo
1182 2240 1252 2274 sinc
1279 2248 1344 2274 art.
1374 2239 1404 2273 8.

182 2300 239 2344 (ς)
270 2299 526 2341 «Notandum,
554 2299 602 2334 ita
629 2298 843 2342 Lessius‚de
870 2299 955 2344 pers.
983 2300 1112 2334 morib.
1141 2300 1210 2333 div.
1236 2300 1257 2332 l.
1285 2298 1381 2333 XIV.
1411 2310 1442 2332 c.
1478 2309 1506 2331 1.

87 2370 125 2395 n.
154 2369 200 2404 7.,
229 2358 383 2405 gloriam
411 2359 600 2405 dupliciter
625 2360 749 2405 accipi.
779 2360 913 2401 Primo,
943 2370 1007 2404 pro
1033 2360 1155 2405 quavis
1195 2358 1407 2393 excellentia
1442 2357 1499 2389 in-

90 2423 186 2453 terna
211 2418 267 2452 vel
292 2425 442 2460 emeruit,
472 2419 608 2453 ratione
635 2419 736 2452 cuius
764 2418 893 2464 dignus
920 2428 971 2452 cst
1011 2419 1089 2464 quis
1129 2418 1313 2462 cognosci,
1354 2416 1505 2450 laudari.

90 2477 283 2519 aestimari,
309 2477 494 2519 honorari,
521 2478 632 2512 amari
660 2479 718 2522 (en
747 2477 860 2523 gloria
894 2475 1185 2519 fundamentalis,
1216 2477 1406 2510 intrinseca
1444 2474 1504 2507 vel

91 2537 316 2582 extrinseca).
342 2537 520 2580 Secundo,
549 2549 613 2582 pro
640 2537 718 2583 ipso
745 2536 934 2582 cognosci,
963 2537 1087 2578 amari,
1118 2536 1261 2577 laudari,
1292 2545 1368 2568 csse
1389 2534 1421 2566 iu
1442 2533 1509 2566 ad—

1376 2614 1395 2638 2
