1734 2784
797 106 1036 148 ,30-

321 202 417 243 Hoc
459 213 761 257 argumentum
807 200 938 258 placet
986 200 1123 243 verbis
1173 199 1382 244 illustrare
1431 201 1621 246 duorum

200 273 437 329 insignium
470 270 716 323 doctorum,
753 287 783 314 s.
809 272 1040 327 Augustini
1075 284 1115 313 et
1141 288 1172 313 s.
1198 271 1412 315 Thomae.
1445 272 1623 327 «Quid,

204 343 365 400 quaerit
413 358 443 383 s.
487 343 754 397 Augustinus
799 341 883 399 (1),
934 340 1001 383 illa
1043 341 1304 384 beatitudine
1353 341 1499 385 falsius
1550 357 1622 387 aut

203 413 404 464 fallacius,
440 412 508 454 ubi
543 428 620 455 uos
657 411 822 454 futuros
859 412 1056 464 miserm,
1093 424 1163 454 aut
1197 413 1239 454 in
1272 425 1385 455 tanta
1434 414 1622 457 veritatis

202 482 295 525 luce
330 484 581 535 nesciamus,
617 495 685 524 aut
720 483 759 523 in
792 497 962 524 summa
996 481 1204 524 felicitatis
1239 497 1330 525 arce
1365 484 1623 528 timeamus?

206 555 249 597 Si
283 554 396 596 enim
432 566 652 596 venturam
692 552 742 594 ibi
780 551 1061 595 calamitatem
1096 553 1329 610 ignoraturi
1363 570 1528 609 sumuS‚
1554 571 1623 613 pe-

205 626 325 667 ritior
358 624 425 666 hic
458 637 520 665 est
553 637 697 666 nostra
732 624 914 680 miseria,
948 623 1017 666 ubi
1052 636 1274 667 venturam
1314 624 1623 670 beatitudinem

205 696 421 738 novimus.
457 695 500 737 Si
533 706 675 736 autem
711 709 788 736 nos
822 693 905 737 illic
940 694 1076 737 clades
1104 696 1335 738 imminens
1360 711 1446 738 non
1468 697 1625 751 latebit,

203 767 363 810 beatius
398 778 593 822 tempora
626 766 823 822 transigit
847 766 987 808 anima
1011 766 1178 819 misera,
1209 766 1363 824 quibus
1388 770 1627 826 transactis,

205 838 255 881 ad
289 836 594 880 beatitudinem
628 836 890 889 sublevetur,
925 852 1053 894 quam
1088 836 1218 890 beata,
1268 837 1420 895 quibus
1466 852 1624 883 transa-

205 911 298 964 ctis,
330 909 370 950 in
405 909 625 950 miseriam
664 908 918 952 revolvatur.
953 910 1094 967 Atque
1128 910 1182 951 ita
1216 925 1310 966 spes
1358 923 1529 954 nostrae
1562 912 1626 955 in-

206 980 413 1024 felicitatis
445 992 507 1022 est
540 979 654 1032 felix,
691 992 730 1022 et
762 979 969 1022 felicitatis
1005 979 1160 1024 infelix.
1197 980 1325 1024 Unde
1356 980 1416 1035 fit,
1448 995 1493 1025 ut
1527 984 1630 1041 quia

207 1052 275 1095 hic
310 1051 415 1094 mala
449 1052 682 1110 praesentia
718 1052 918 1109 patimur,
969 1051 1022 1094 ibi
1056 1054 1291 1095 metuimus
1339 1054 1626 1108 imminentia,

205 1124 345 1167 verius
381 1138 549 1180 semper
582 1123 744 1175 miseri,
781 1138 908 1180 quam
943 1122 1050 1166 beati
1099 1123 1328 1181 aliquando
1363 1141 1454 1168 esse
1489 1126 1629 1183 possi-

207 1212 317 1238 mus.
351 1212 370 1233 ))
411 1195 473 1237 En
507 1193 630 1236 verba
663 1210 694 1237 s.
730 1194 930 1238 Thomae
968 1195 1063 1253 (2):
1104 1214 1123 1236 «
1158 1196 1272 1239 Cum
1321 1195 1537 1240 beatitudo
1573 1197 1631 1240 sit

208 1266 441 1324 perfectum
474 1265 637 1308 bonum
669 1278 710 1308 et
743 1264 972 1317 sufficiens,
1007 1279 1176 1324 oportet
1209 1267 1326 1325 quod
1360 1267 1626 1311 desiderium

209 1338 397 1380 hominis
435 1338 595 1394 quietet
642 1349 681 1380 et
726 1352 858 1380 omne
906 1336 1067 1380 malum
1112 1337 1316 1381 excludat.
1367 1338 1631 1382 Naturaliter

208 1423 351 1452 autem
386 1408 520 1451 1101110
564 1407 771 1451 desiderat
815 1409 993 1452 retinere
1039 1408 1217 1465 bonum,
1260 1409 1378 1467 quod
1421 1409 1555 1463 habet,
1588 1422 1632 1453 et

209 1480 327 1539 quod
360 1482 449 1522 eius
484 1479 691 1523 retinendi
726 1481 993 1523 securitatem
1024 1480 1198 1524 habeat:
1235 1480 1423 1539 alioquin
1456 1497 1631 1525 necesse

209 1565 286 1606 est,
321 1551 438 1609 quod
473 1552 629 1594 timore
655 1552 875 1595 amittendi
898 1551 962 1595 vel
987 1551 1135 1595 dolore
1159 1551 1209 1595 de
1235 1551 1484 1596 certitudine
1505 1553 1632 1596 amis-

210 1624 341 1666 sionis
375 1622 600 1679 affligatur.
637 1624 885 1680 Requiritur
919 1624 1048 1680 igitur
1070 1623 1121 1666 ad
1146 1639 1289 1666 veram
1313 1622 1632 1678 beatitudinem,

210 1695 326 1752 quod
378 1695 512 1737 1101110
561 1707 716 1737 certam
766 1695 1017 1751 opinionem
1072 1694 1232 1751 habeat,
1280 1693 1458 1747 bonum,
1512 1693 1630 1752 quod

212 1765 348 1818 habet,
378 1781 597 1822 nunquam
631 1781 674 1808 se
707 1766 981 1808 amissurum.
1018 1766 1142 1818 Quae
1175 1764 1349 1823 quidem
1399 1766 1561 1823 opinio,
1592 1765 1631 1807 si

211 1853 309 1880 vera
356 1838 421 1889 sit,
473 1851 738 1894 consequens
782 1848 844 1878 est
888 1835 1005 1894 quod
1058 1835 1363 1879 beatitudinem
1411 1850 1629 1893 nunquam

212 1909 398 1950 amittat:
435 1908 469 1949 si
502 1919 644 1949 autem
680 1906 778 1949 falsa
811 1908 877 1964 sit,
912 1906 995 1950 hoc
1026 1907 1169 1964 ipsum
1204 1919 1267 1949 est
1299 1905 1516 1964 quoddam
1541 1921 1631 1949 ma-

212 1978 317 2034 lum,
352 1977 497 2020 salsam
533 1978 783 2034 opinionem
818 1976 996 2031 habere3
1030 1992 1128 2020 nam
1178 1976 1331 2020 falsum
1372 1990 1434 2019 est
1466 1976 1630 2019 malum

212 2049 464 2105 intellectuS,
497 2049 604 2091 sicut
635 2064 784 2091 verum
834 2061 896 2091 est
931 2048 1093 2091 bonum
1143 2049 1291 2106 ipsius,
1324 2060 1371 2090 ut
1403 2047 1554 2090 dicitur
1585 2047 1631 2090 in

213 2121 289 2164 VI.
325 2119 460 2163 Ethic.
495 2135 527 2163 ct
565 2133 602 2161 2.
635 2120 739 2163 Non
771 2120 902 2175 igitur
934 2120 1019 2162 iam
1051 2135 1149 2162 vere
1182 2119 1260 2161 erit
1291 2117 1452 2173 beatus,
1486 2118 1519 2160 si
1556 2116 1632 2160 ali-

209 2191 329 2248 quod
365 2189 524 2232 malum
559 2191 595 2232 ei
630 2191 748 2232 inest.
781 2209 802 2229 »

335 2263 402 2304 28.
437 2262 683 2304 Scammos:
708 2259 815 2304 Illud
845 2260 920 2319 1⁰.)
953 2261 1096 2318 quaeri
1119 2260 1185 2303 hic
1208 2272 1365 2318 potest,
1391 2258 1507 2317 quod
1531 2273 1633 2302 cum

309 2457 365 2501 (1)
393 2457 447 2490 De
476 2456 541 2491 civ.
570 2456 638 2490 Dei
666 2455 686 2490 l.
715 2455 796 2490 XII.
825 2468 854 2489 c.
883 2466 938 2490 20.

312 2516 368 2558 (2)
396 2516 433 2548 In
466 2526 492 2548 1.
520 2526 551 2549 2.
579 2527 610 2561 q.
638 2524 665 2557 ς.
692 2526 721 2548 a.
748 2524 780 2556 4.
808 2513 861 2548 Cf.
888 2515 999 2548 etiam
1028 2522 1152 2548 contra
1182 2513 1286 2548 Gent.
1314 2512 1336 2546 1.
1357 2523 1387 2557 3.
1406 2522 1438 2547 c,
1459 2509 1512 2545 62.
1532 2508 1634 2545 Vide

214 2574 390 2616 Lessitur„
419 2573 460 2607 de
488 2585 631 2608 summo
658 2575 755 2608 bono
783 2572 804 2607 l.
833 2573 892 2608 III.
920 2585 948 2608 c.
975 2585 1007 2620 9.
