1734 2784
699 120 967 162 -411-

97 202 347 247 certitudine
370 201 522 246 morali
542 201 626 261 (1).
646 201 721 246 Ille
753 203 826 260 qui
858 201 1069 245 maiorem
1103 200 1179 244 hac
1215 199 1520 244 certitudinem

97 275 139 318 in
173 272 374 318 omnibus
422 273 586 318 casibus
618 274 870 333 exquireret,
904 273 1145 317 necessario
1179 284 1220 316 et
1254 273 1415 331 passim
1447 273 1517 315 in-

97 345 256 391 cideret
294 347 338 390 in
373 346 679 391 conscientiam
713 346 847 391 modo
881 346 1180 405 scrupulosam
1215 345 1349 389 modo
1384 345 1521 390 laxam

96 417 249 478 (prout
283 418 334 462 de
375 416 558 463 liceitate
601 419 778 463 actionis
821 419 960 477 agitur
977 419 1044 463 vel
1088 418 1139 463 de
1171 419 1261 463 eius
1296 418 1519 477 ponendae

96 490 394 550 obligatione),
428 506 534 550 quae
559 504 658 536 sunt
693 492 978 536 conscientiae
1010 492 1202 536 vitiosae.

215 564 424 622 Quaeres,
447 579 654 622 quaenam
687 565 740 607 sit
764 565 976 609 certitudo
1000 565 1205 608 moralis?
1230 565 1303 608 Est
1327 580 1388 621 ea,
1411 579 1518 623 quae

90 635 273 695 prudens
297 633 477 679 dubium
500 634 696 681 excludit.
723 636 883 695 Nequit
905 635 1078 680 brevior
1102 648 1142 680 et
1165 637 1302 695 aptior
1326 635 1517 679 definitio

93 706 215 752 tradi.
249 707 322 751 Est
354 723 419 762 ea,
454 723 560 766 quae
592 707 795 752 fundatur
826 710 869 751 in
903 709 973 752 tali
1007 709 1174 752 motivo
1206 708 1319 767 (sive
1346 708 1516 752 interno

93 779 182 823 sive
214 784 406 838 externo,
425 779 450 823 i.
474 795 510 824 e.
545 780 633 824 sive
666 796 717 824 ex
749 781 840 839 ipsa
872 779 1024 825 obiecti
1056 793 1205 824 natura
1236 780 1324 824 sive
1368 796 1418 823 ex
1450 792 1516 823 te-

91 852 296 895 stantium
330 853 578 896 auctoritate
612 853 772 912 petito)
796 852 913 911 quod
940 853 1019 897 viri
1044 852 1266 911 prudentis
1290 866 1513 896 assensum

91 935 282 968 meretur
311 923 397 984 (2).

191 1173 249 1218 (1)
277 1173 359 1208 Hoc
385 1172 473 1208 scite
501 1171 754 1207 animadvertit
779 1171 1004 1213 Aristotelea
1034 1171 1115 1206 Eth.
1146 1171 1166 1207 1.
1200 1182 1228 1206 1.
1255 1183 1283 1205 c.
1314 1180 1361 1215 3.:
1391 1174 1516 1204 [Ιεπκι-

89 1231 262 1279 δευμένου
288 1232 355 1277 ’γάρ
386 1234 483 1267 ἐστιν
512 1229 566 1265 ἐπὶ
592 1233 761 1265 τοσοῦτον
788 1230 947 1277 τάκριβὲς
975 1231 1146 1270 ἐπιζητεῖν
1173 1230 1250 1262 xm*
1279 1227 1425 1264 ἕκαστον
1458 1230 1516 1274 γε’-

88 1304 159 1332 voc,
189 1290 241 1337 ἐφ’
268 1289 354 1325 ὅσον
381 1290 399 1327 ἦ
431 1294 492 1325 τοὺ
528 1291 728 1336 πράγματος
768 1290 869 1336 φύσις
905 1289 1122 1336 ἐπιδέχεται·
1160 1288 1409 1333 παραπλήσιον
1445 1288 1511 1334 γὰρ

92 1349 251 1398 φαίνεται
281 1348 520 1396 μαθηματικοῦ
547 1360 581 1381 τε
606 1348 925 1394 πιθανολογοῦντος
952 1347 1211 1395 ἀποδέχεσθαι,
1237 1344 1298 1380 καὶ
1331 1345 1513 1392 ῥττορικὸν

90 1407 294 1451 ἀποδείξεις
314 1408 486 1444 ἀπαιτεῖν.
506 1409 598 1443 «Est
616 1408 707 1443 bene
726 1407 879 1443 instituti
896 1407 1067 1450 hominis,
1086 1416 1222 1443 tantam
1241 1406 1275 1441 in
1295 1418 1513 1454 unoquoque

87 1479 220 1516 genere
248 1468 503 1515 disputationis
531 1468 768 1504 subtilitatem
797 1468 1006 1511 desiderare,
1034 1473 1195 1515 quantam
1231 1467 1282 1502 rei
1306 1467 1410 1515 ipsius
1441 1465 1513 1512 fert

85 1532 221 1563 natura.
242 1528 291 1563 Ut
321 1528 419 1563 enim
451 1527 620 1563 ridiculus
651 1529 709 1570 sit,
730 1528 787 1574 qui
815 1527 1112 1562 mathematicum
1134 1526 1378 1573 probabilibus
1404 1526 1511 1561 ratio-

85 1588 191 1623 nibus
210 1596 370 1623 utentem
390 1588 531 1634 probet,
553 1589 600 1623 ita
630 1588 659 1622 is
687 1599 838 1635 quoque,
859 1587 918 1634 qui
945 1588 987 1622 ab
1015 1595 1159 1622 oratore
1181 1586 1510 1621 demonstrationes

84 1647 288 1695 postulet.»
319 1648 441 1692 Quem
461 1647 584 1682 locum
611 1647 793 1694 explicans
831 1647 915 1683 Silv.
942 1647 1088 1682 Maurus
1115 1647 1173 1682 ait:
1205 1660 1222 1679 «
1241 1645 1379 1681 Eruditi
1405 1655 1509 1693 atque

85 1708 120 1742 in
140 1707 335 1754 disciplinis
354 1708 484 1743 versati
507 1716 560 1743 est
580 1708 735 1755 exigere,
757 1718 794 1743 ut
813 1708 936 1743 omnia
964 1718 1086 1743 exacte
1105 1716 1312 1750 tractentur,
1330 1705 1383 1741 sed
1403 1711 1509 1752 prout

83 1767 230 1801 materia
251 1767 417 1811 postulat,
444 1767 594 1813 ideoque
625 1768 740 1801 simile
767 1767 894 1802 vitium
914 1776 978 1810 est,
1006 1766 1101 1814 quod
1130 1767 1205 1814 quis
1223 1768 1350 1812 probet
1372 1765 1508 1800 mathe-

83 1826 255 1861 maticum
277 1836 471 1861 conantem
489 1827 636 1862 suadere
656 1839 733 1862 suas
753 1828 1006 1862 conclusiones
1024 1827 1224 1862 rationibus
1241 1826 1439 1867 rhetoricis,
1467 1837 1507 1860 ac

84 1886 181 1932 quod
198 1886 275 1933 quis
293 1887 413 1933 exigat
429 1887 470 1921 ab
487 1897 628 1922 oratore
649 1888 975 1922 demonstrationes
992 1888 1275 1923 mathematicas.
1290 1901 1306 1920 »
1328 1888 1505 1922 Eumdem

81 1946 295 1993 Philosophi
323 1947 444 1981 locum
473 1947 558 1982 citat
587 1958 610 1982 s.
640 1947 817 1990 Thomas,
849 1958 881 1983 2.
913 1959 944 1982 2.
977 1960 1008 1995 q.
1029 1959 1133 1993 47.a.
1153 1958 1184 1994 9.
1214 1948 1257 1982 ad
1284 1954 1336 1982 2.¹¹¹
1355 1956 1389 1982 et
1415 1946 1504 1982 haec

82 2007 190 2042 verba
215 2005 326 2041 addit:
359 2019 377 2039 «
405 2005 499 2048 Quia
528 2008 674 2041 materia
703 2007 910 2053 prudentiae
929 2017 1009 2043 sunt
1029 2008 1221 2054 singularia
1241 2006 1501 2053 contingentia,

81 2067 171 2101 circa
199 2077 287 2114 quae
313 2076 395 2101 sunt
424 2069 652 2112 operationes
679 2068 870 2110 humanae,
900 2080 972 2102 non
1002 2078 1118 2114 potest
1148 2068 1324 2103 certitudo
1353 2067 1504 2113 pruden-

80 2126 152 2161 tiae
168 2135 266 2161 tanta
285 2137 373 2168 esse,
393 2126 487 2172 quod
509 2127 662 2161 omnino
684 2127 891 2163 sollicitudo
910 2128 1067 2162 tollatur.
1086 2143 1103 2161 »
1122 2128 1175 2163 Cf.
1197 2128 1303 2164 etiam
1333 2128 1390 2162 ΙΙΙ,
1412 2137 1502 2161 sent.

82 2187 158 2222 dist.
204 2196 252 2230 35.
281 2198 313 2233 q.
341 2197 371 2221 2.
399 2199 427 2221 a.
459 2196 488 2229 3.
520 2187 562 2221 ad
592 2197 622 2222 2.
651 2188 739 2223 Item
778 2188 945 2224 Albcrtus
973 2189 1032 2225 M..
1060 2189 1172 2224 Ethic.
1213 2198 1311 2223 tract.
1340 2200 1384 2230 ari:
1416 2201 1432 2218 (τ
1463 2188 1501 2222 In

80 2246 275 2282 moralibus
301 2255 444 2293 oportet
472 2257 582 2291 grosse
608 2259 648 2282 ccc
667 2247 868 2294 figuraliter
895 2249 1084 2284 veritatem
1111 2250 1311 2292 ostendere,
1341 2262 1413 2284 non
1442 2250 1501 2285 de-

79 2307 315 2342 monstrativa
341 2306 567 2341 necessitate.
596 2308 656 2341 sed
685 2319 907 2355 quacumque
935 2311 1142 2344 ostensione
1168 2312 1382 2356 persuasim.
1407 2325 1424 2343 >›

175 2366 231 2410 (2)
260 2365 315 2401 Cf.
354 2366 571 2404 Libcratore.
598 2367 687 2413 Log.
729 2368 810 2402 Mai.
854 2381 885 2402 n.
921 2378 993 2411 123.
1024 2381 1112 2415 sqq„
1154 2369 1369 2417 Tongiorgi,
1407 2370 1496 2417 Log.

80 2434 167 2471 part.
188 2426 232 2462 II.
251 2438 283 2460 n.
300 2425 395 2467 408..
426 2426 482 2459 ubi
512 2426 701 2461 concludit
732 2427 910 2461 moralem
937 2428 1042 2470 lianc,
1061 2428 1104 2462 de
1124 2440 1190 2473 qua
1216 2429 1406 2475 loquimur,
1427 2441 1499 2464 cer-

78 2484 265 2520 titudinem
295 2486 422 2520 rectius
450 2485 568 2519 vocari
598 2497 698 2531 posse
727 2485 920 2521 directiz'mn
953 2499 1012 2521 seu
1040 2487 1294 2535 prulmitialem.
