1734 2784
221 202 354 244 deliria
390 215 427 243 et
463 203 541 243 iam
579 210 688 243 nunc
722 201 819 242 satis
854 199 1104 257 intelligitur
1137 195 1207 257 (1)
1241 212 1280 242 et
1306 199 1444 243 futura
1479 199 1521 243 in
1553 200 1636 244 vita

222 273 464 330 plenissima
490 274 528 314 in
555 273 644 316 luce
668 272 894 330 apparebit.
920 297 975 304 —
993 274 1049 315 At
1068 287 1170 314 vero
1197 271 1241 330 β)
1265 288 1351 315 non
1388 271 1636 316 admittatur

220 345 348 385 vitain
385 344 487 386 lianc
523 360 612 386 esse
646 356 802 386 statum
856 343 976 386 viae:
1011 354 1279 400 supponatur
1319 343 1462 386 Deum
1509 343 1638 387 beati-

220 414 414 458 tudinem
440 428 535 472 post
558 428 740 458 mortem
778 414 1036 457 donaturum
1062 427 1154 457 tum
1181 413 1276 467 illis,
1301 415 1373 472 qui
1398 414 1634 459 secundum

217 487 419 528 virtutem
455 487 653 538 vixerint,
689 499 780 528 tum
816 484 911 538 illis,
948 486 1020 543 qui
1052 485 1165 528 vitiis
1215 501 1258 529 se
1294 485 1505 539 dederint,
1540 498 1634 530 tum

219 557 412 609 scelesto,
456 558 524 615 qui
578 558 641 599 sui
698 554 838 599 fratris
888 557 1140 613 sanguinem
1191 555 1321 610 fudit,
1370 569 1463 599 tum
1507 558 1636 601 inno-

221 630 340 685 centi,
378 631 443 671 cui
479 628 544 671 ille
578 630 706 671 vitam
742 627 914 671 ademit.
949 628 1035 670 Iam
1072 629 1189 671 Deus
1224 628 1413 685 seipsum
1447 640 1633 686 negaret,

219 716 402 758 cumque
436 702 488 742 sit
538 701 625 757 ipsa
659 700 876 757 sapientia,
910 700 1130 757 sanctitas,
1164 699 1330 743 bonitas
1381 712 1419 742 et
1453 700 1635 755 iustitia,

217 771 296 813 iam
333 772 521 828 seipsum
556 785 639 812 non
675 769 920 813 ostenderet
954 771 1203 828 sapientem,
1239 769 1416 824 bonum,
1440 783 1633 814 sanctum

218 855 256 884 et
290 843 463 884 iustum.
515 841 642 884 Tune
689 857 787 884 sane
839 842 1065 884 consilium
1114 841 1262 885 fuisset
1313 843 1543 900 sapientius
1597 853 1636 886 et

217 914 399 956 sanetius
435 913 632 956 homines
667 912 849 956 condere
884 929 1043 971 eosque
1077 914 1217 955 statim
1252 913 1302 955 ad
1327 912 1632 957 beatitudinem

216 983 455 1037 admittere,
475 985 508 1026 si
534 985 738 1027 nimirum
763 986 853 1027 eius
873 985 1081 1028 assecutio
1107 984 1314 1027 rationem
1335 1000 1422 1027 non
1440 986 1633 1042 praemii,

216 1055 288 1099 sed
322 1056 625 1099 tantummodo
675 1058 834 1099 summi
867 1056 967 1099 boni
1017 1055 1217 1098 omnibus
1252 1057 1339 1099 sive
1372 1055 1495 1099 bonis
1546 1058 1633 1099 sive

217 1129 337 1171 malis
372 1147 421 1172 ex
456 1144 590 1186 aequo
626 1126 872 1172 conferendi
905 1128 1058 1171 habere
1092 1127 1318 1171 debuisset.

334 1202 458 1253 Quae
493 1213 742 1257 argumenta
782 1201 888 1244 tertio
937 1197 1283 1243 confirmabimus
1330 1199 1404 1242 hac
1455 1198 1633 1242 adducta

217 1274 548 1330 comparatione.
586 1273 648 1316 Sit
683 1285 815 1330 pater,
852 1273 923 1330 qui
956 1288 1046 1315 rem
1082 1271 1281 1329 aliquam,
1316 1288 1350 1314 e.
1385 1287 1424 1327 g.
1458 1270 1628 1328 librum,

215 1342 301 1386 filio
326 1360 404 1386 suo
438 1356 663 1401 proponat,
688 1360 763 1387 nec
796 1357 938 1387 tamen
973 1344 1115 1386 statim
1140 1342 1226 1400 det,
1246 1358 1342 1385 cum
1363 1343 1403 1384 in
1422 1354 1629 1400 promptu

216 1412 376 1468 habeat,
412 1416 638 1473 statimque
674 1415 832 1459 donare
866 1416 1013 1473 possit.
1061 1415 1265 1468 Quaero:
1301 1415 1467 1457 etiamsi
1519 1426 1634 1472 pater

215 1486 272 1530 nil
306 1487 443 1530 verbis
488 1502 685 1545 expresse
732 1486 884 1544 addat,
920 1502 1062 1530 nonne
1110 1485 1220 1529 filius
1263 1501 1312 1529 ex
1360 1484 1433 1529 illo
1482 1484 1634 1543 agendi

216 1558 348 1601 modo
383 1560 465 1601 iarn
501 1559 631 1616 probe
665 1559 930 1616 intelligeret,
964 1574 1054 1601 rem
1087 1557 1199 1601 illam
1235 1574 1256 1601 a
1291 1570 1405 1615 patre
1434 1557 1631 1615 promitti

215 1630 494 1687 comi'itmmzte,
528 1647 601 1673 seu
637 1647 728 1674 esse
762 1630 911 1688 procul
946 1629 1074 1673 dubio
1117 1629 1305 1688 aliquid,
1350 1629 1467 1687 quod
1514 1621 1632 1687 pater

214 1700 302 1744 fieri
338 1702 385 1744 ab
424 1703 518 1759 ipso
558 1702 669 1758 vult,
703 1715 929 1760 antequam
978 1701 1216 1758 praemium
1262 1700 1365 1743 illud
1409 1699 1632 1743 conferat?

308 1888 363 1931 (1)
384 1887 436 1921 Cf.
452 1898 475 1920 s.
493 1886 744 1932 Augustinum,
761 1886 802 1919 de
817 1885 883 1920 civ.
899 1886 965 1920 Dei
985 1885 1008 1921 l.
1032 1896 1058 1919 1.
1075 1897 1128 1919 cc.
1147 1885 1166 1917 8
1186 1893 1218 1920 et
1237 1895 1280 1930 9,
1301 1885 1358 1919 ubi
1378 1885 1477 1930 plura
1494 1884 1628 1920 haben-

213 1955 268 1980 tur
293 1946 336 1980 ad
363 1946 521 1979 divinam
550 1944 820 1990 providentiam
849 1944 1124 1990 intelligendam
1151 1952 1256 1990 atque
1283 1943 1535 1978 vindicandam
1561 1955 1628 1989 ap-

212 2005 326 2050 prime
355 2004 466 2039 utilia.
496 2005 533 2037 ln
562 2016 638 2049 cap.
667 2005 698 2038 8.
726 2004 813 2038 haec
841 2012 980 2049 praeter
1007 2003 1075 2037 alia
1115 2003 1227 2038 multa
1266 2003 1393 2038 habet:
1426 2018 1443 2033 «
1470 2003 1506 2037 Si
1531 2003 1630 2037 Deus

213 2076 309 2098 nunc
335 2076 445 2099 omne
472 2073 659 2109 peecatum
687 2063 875 2098 manifesta
903 2063 1073 2109 plecteret
1103 2074 1232 2109 poena,
1275 2062 1364 2097 nihil
1393 2061 1527 2097 iudicio
1552 2072 1628 2097 ser—

214 2123 286 2157 vari
315 2132 517 2169 putaretur:
557 2134 685 2165 rursus,
727 2124 754 2156 si
791 2122 929 2157 nullum
967 2131 1157 2168 peccatum
1197 2134 1291 2156 nunc
1331 2123 1472 2168 puniret
1510 2130 1630 2168 aperte

212 2182 405 2225 Divinitas,
435 2182 531 2215 nulla
560 2194 635 2216 esse
662 2182 887 2227 providentia
915 2182 1032 2216 divina
1060 2182 1272 2225 crederetur.
1305 2182 1383 2216 «Et
1409 2181 1445 2214 in
1465 2192 1541 2226 cap.
1572 2190 1628 2226 9.:

216 2256 232 2272 «
260 2243 402 2276 Habent
429 2241 534 2275 aliam
563 2253 705 2275 causam
733 2242 831 2284 boni,
859 2253 965 2287 quare
990 2241 1249 2287 temporalibus
1279 2240 1484 2287 affligantur
1510 2239 1627 2282 malis,

213 2302 353 2347 qualem
381 2301 501 2335 habuit
530 2301 605 2343 lob,
633 2309 669 2335 ut
699 2302 765 2334 sibi
805 2302 881 2346 ipse
917 2301 1097 2335 humanus
1137 2300 1280 2334 animus
1314 2300 1359 2334 sit
1399 2300 1568 2346 probatus
1595 2306 1629 2332 et

213 2362 392 2406 cognitus,
423 2370 552 2407 quanta
580 2362 708 2395 virtute
735 2361 877 2405 pietatis
919 2361 1028 2406 gratis
1063 2361 1181 2395 Deum
1220 2360 1353 2406 diligat.
1383 2373 1400 2393 »
1437 2356 1492 2394 Cf.
1522 2359 1629 2393 etiam

212 2420 303 2453 inter
328 2420 510 2454 orationes
535 2420 581 2454 M.
612 2421 697 2455 Ant.
728 2420 857 2454 Mureti
896 2420 1010 2460 illam,
1051 2432 1159 2467 quam
1199 2421 1337 2455 Romae
1377 2418 1511 2460 habuit,
1546 2428 1629 2451 cum

212 2480 502 2525 interpretaturus
530 2490 623 2514 esset
648 2481 808 2515 Senecae
836 2480 978 2523 librum,
1006 2479 1043 2515 de
1065 2480 1299 2526 providentia,
1327 2490 1388 2513 seu
1410 2488 1517 2524 quare
1538 2477 1631 2511 bonis

211 2539 295 2572 viris
324 2541 427 2573 multa
455 2540 546 2573 mala
584 2539 738 2574 accidant
775 2551 847 2573 cum
886 2539 929 2573 sit
959 2538 1190 2584 providentia.
1233 2538 1284 2573 Ibi
1323 2544 1549 2583 exponuntur
1588 2547 1630 2570 ex

212 2611 238 2635 s.
266 2599 402 2634 Ioanne
431 2600 696 2645 Chrysostomo
721 2598 872 2634 undecim
900 2599 1069 2643 rationes,
1092 2611 1155 2633 cur
1179 2602 1228 2634 ita
1255 2598 1329 2633 fieri
1357 2596 1533 2643 expediat.
