1734 2784
105 167 248 210 tentiis
283 165 474 209 iudicum
509 166 598 207 iura
632 165 1009 217 constituerentur,
1039 163 1104 205 ius
1138 174 1247 206 esset
1269 161 1531 218 latrocinari,

105 238 169 281 ius
203 236 451 289 adulterare,
486 237 551 279 ius
596 247 847 279 testamenta
895 234 995 278 falsa
1044 249 1300 292 supponere,
1350 234 1383 275 si
1429 232 1529 276 haec

105 307 317 365 suffragiis
352 319 423 351 aut
446 308 560 351 scitis
584 306 872 351 multitudinis
895 305 1190 365 probarentur.
1210 304 1336 359 Quae
1360 306 1394 347 si
1418 317 1530 348 tanta

105 391 296 439 potestas
328 391 391 424 est
425 379 658 422 stultorum
682 379 903 423 sententiis
937 390 1062 436 atque
1111 378 1251 431 iussis,
1288 389 1332 420 ut
1376 392 1529 420 eorum

105 449 317 508 suffragiis
354 465 498 492 rerum
546 463 693 492 natura
740 461 943 501 vertatur,
995 464 1068 491 cur
1106 463 1194 491 non
1243 447 1451 502 sanciunt,
1486 459 1531 488 ut

106 537 211 580 quae
245 520 354 564 mala
391 522 715 579 perniciosaque
766 533 877 574 sunt,
918 519 1148 563 habeantur
1198 535 1274 577 pro
1325 517 1446 562 bonis
1491 530 1530 560 et

106 593 390 637 salutaribus?
423 606 493 637 aut
527 609 614 646 cur,
640 609 736 654 cum
773 595 836 636 ius
871 609 920 635 ex
945 593 1098 635 iniuria
1121 591 1183 634 lex
1219 590 1354 633 facere
1381 591 1529 648 possit,

106 665 269 710 bonum
304 665 451 710 eadem
487 665 620 709 facere
656 682 739 709 non
777 667 911 723 possit
936 682 984 708 ex
1020 664 1167 707 malo?
1203 665 1333 721 Atqui
1372 680 1450 706 nos
1476 663 1529 706 le-

105 754 204 795 gem
238 737 393 782 bonam
430 754 449 781 a
484 738 592 781 mala
626 738 737 787 nulla
772 738 845 781 alia
881 739 958 780 nisi
1010 750 1182 780 naturae
1217 752 1368 779 norma
1418 736 1531 779 divi-

106 809 204 854 dere
240 825 487 869 possumus;
522 827 597 854 nec
631 809 773 853 solum
810 811 873 852 ius
909 823 947 852 et
983 810 1131 851 iniuria
1156 822 1302 851 natura
1330 808 1531 851 diiudica-

105 895 194 936 tur,
232 882 306 926 sed
340 883 522 926 omnino
547 884 692 925 omnia
727 882 907 925 honesta
941 894 981 924 et
1015 882 1163 938 turpia.
1200 881 1314 924 Nam
1349 894 1388 923 et
1414 895 1531 923 com-

105 954 249 996 munis
284 953 563 1011 intelligentia
589 953 709 997 nobis
734 966 855 996 notas
880 968 946 995 res
969 951 1111 1007 efficit,
1135 967 1288 1008 easque
1313 952 1354 993 in
1378 951 1529 994 animis

104 1025 262 1068 nostris
297 1023 527 1078 inchoavit,
562 1037 608 1067 ut
643 1024 823 1067 honesta
847 1024 888 1065 in
912 1024 1064 1066 virtute
1100 1034 1327 1080 ponantur,
1351 1022 1392 1065 in
1417 1022 1529 1065 vitiis

104 1097 259 1156 turpia.
295 1097 353 1139 Ea
387 1109 528 1140 autem
563 1097 605 1139 in
639 1096 843 1153 opinione
878 1095 1134 1151 existimare,
1170 1109 1256 1137 non
1302 1095 1343 1136 in
1384 1106 1530 1136 natura

104 1169 245 1228 posita
277 1168 489 1212 dementis
524 1181 642 1211 est.»

222 1241 277 1284 II.
312 1241 565 1298 Spectemus
600 1239 768 1284 sectando
803 1254 891 1295 eos,
916 1240 987 1297 qui
1021 1238 1161 1295 legem
1198 1237 1375 1295 quidem
1410 1249 1527 1281 natu-

103 1313 234 1357 ralem
267 1313 476 1366 reiiciunt,
509 1327 596 1355 non
629 1327 731 1356 vero
766 1312 991 1369 positivam
1027 1310 1227 1353 divinam.

228 1385 270 1443 α)
304 1385 351 1428 In
385 1385 460 1427 hac
494 1384 703 1428 sententia
728 1383 831 1426 illud
856 1394 1208 1440 consequeretur,
1235 1382 1379 1424 Deum
1403 1381 1526 1439 quid-

104 1455 207 1515 quid
241 1457 457 1514 praecipit,
491 1457 546 1499 ita
584 1456 845 1514 praecipere,
889 1467 932 1497 ut
974 1466 1119 1513 posset
1152 1469 1238 1497 non
1274 1455 1528 1512 praecipere,

105 1544 178 1572 seu
213 1527 424 1587 quidquid
458 1528 675 1586 praecipit,
727 1528 967 1585 praecipere
1017 1527 1145 1569 libere:
1181 1525 1388 1584 quidquid
1425 1542 1527 1570 vero

104 1599 318 1659 prohibet,
368 1601 422 1644 ita
465 1599 707 1658 prohibere,
757 1611 802 1642 ut
846 1611 991 1657 posset
1040 1614 1124 1641 nou
1178 1598 1419 1655 prohibere,
1453 1615 1526 1642 seu

103 1671 313 1730 quidquid
345 1671 559 1731 prohibet,
594 1670 823 1730 prohibere
857 1670 997 1714 libere.
1023 1670 1105 1714 Sed
1142 1670 1223 1713 hoc
1258 1685 1526 1728 consequens

103 1756 167 1789 est
199 1742 372 1797 falsum,
398 1744 551 1787 utiam
585 1744 781 1801 superius
816 1742 1003 1786 diximus
1037 1742 1121 1800 (1).
1158 1743 1272 1799 Ergo
1307 1759 1402 1785 cum
1436 1744 1527 1786 iure

105 1830 126 1858 a
157 1813 335 1859 falsitate
369 1816 671 1873 consequentis
705 1826 905 1871 arguatur
940 1814 990 1857 ad
1026 1813 1247 1857 falsitatem
1278 1814 1526 1858 anteceden-

103 1887 172 1939 tis,
206 1897 332 1930 restat
364 1887 617 1930 sententiam
652 1886 758 1929 hanc
791 1901 883 1929 esse
918 1884 1075 1928 falsam.

224 1958 270 2017 β)
303 1959 488 2011 Rursus,
514 1957 616 2001 illud
640 1958 766 2001 etiam
801 1970 1146 2015 consequeretur,
1169 1956 1331 2000 bonum
1366 1970 1405 2001 et
1431 1975 1524 2002 ma-

102 2027 193 2072 lum
226 2029 386 2073 morale
420 2028 510 2073 sola
542 2028 723 2072 naturali
757 2029 919 2072 ratione
943 2028 1138 2085 dignosci
1163 2028 1211 2071 ab
1236 2028 1413 2072 homine
1439 2044 1526 2072 non

104 2116 245 2158 posse,
279 2100 352 2145 sed
395 2100 446 2144 ad
488 2100 651 2144 bonum
700 2112 740 2143 et
782 2099 941 2143 malum
992 2100 1153 2143 morale
1194 2099 1523 2144 discernendum

103 2170 294 2216 absoluta
326 2185 366 2216 et
399 2172 574 2231 physica
604 2172 854 2215 necessitate
877 2170 990 2229 (non
1025 2171 1329 2215 tantummodo
1354 2172 1524 2215 relativa

104 2254 145 2286 et
177 2243 351 2303 morali)
388 2259 564 2302 prorsus
598 2244 755 2301 requiri
800 2243 1029 2301 positivam
1080 2245 1160 2286 Dei
1206 2244 1523 2287 revelationem.

104 2313 186 2358 Sed
220 2313 301 2358 hoc
333 2315 461 2358 etiam
511 2329 776 2372 consequens
821 2326 882 2357 est
932 2314 1096 2358 falsum.
1149 2316 1264 2372 Ergo
1317 2314 1414 2358 falsa
1464 2328 1526 2359 est

104 2387 231 2429 etiam
264 2389 483 2444 sententia,
518 2402 567 2430 ex
601 2402 682 2444 qua
717 2387 1005 2444 consequitur.

199 2562 254 2605 (1)
284 2560 337 2595 Cf.
365 2560 495 2595 thesim
522 2559 634 2594 XXII.
664 2570 801 2602 argum,
831 2559 888 2592 lv,
917 2571 995 2605 pag.
1029 2559 1102 2594 186,
