1734 2784
0 0 37 42 Αἲξ

651 99 918 140 -119-

183 177 360 229 Divlsto
395 185 454 240 75Ἰ
488 181 798 227 Voluntarium
832 180 1034 225 dividitur
1065 181 1108 223 in
1140 180 1297 224 actuale
1332 191 1371 224 et
1395 181 1488 224 vlr-

67 259 182 302 timia.
209 255 396 300 —Illud
429 268 492 299 est
525 255 642 314 quod
675 270 696 297 a
728 253 947 297 voluntate
981 252 1138 312 pendet
1190 251 1408 296 actualiter
1443 253 1487 295 in

67 331 207 387 ipsum
241 328 461 372 influente.
484 328 581 370 Hoc
603 339 680 384 est,
704 325 822 384 quod
844 326 885 368 vi
909 338 1025 368 actus
1049 325 1179 383 positi
1203 336 1243 367 et
1267 323 1487 367 moraliter

68 400 241 445 influere
275 400 489 459 pergentis
524 400 723 457 ponitur:
762 409 805 440 ut
838 409 937 440 sunt
969 413 1004 440 e.
1040 412 1080 453 g.
1130 411 1333 454 gressus,
1379 410 1488 452 quos

67 474 201 516 viator
232 473 352 530 ponit
392 488 441 515 ex
482 472 636 514 virtute
685 485 730 513 ac
777 469 907 513 veluti
955 467 1143 527 impulsu
1193 467 1490 526 praecedentis

67 545 316 587 intentionis
349 542 622 601 perveniendi
657 542 706 585 ad
740 542 866 585 talem
901 542 1157 593 terminum,
1195 541 1277 583 etsi
1328 538 1378 582 de
1412 539 1495 582 hoc

66 616 250 658 termino
283 631 371 658 non
404 615 586 672 amplius
621 611 794 672 cogitet,
832 615 969 656 immo
1019 629 1070 656 ne
1127 613 1271 671 ipsum
1320 610 1495 670 quidem

67 688 281 730 incessum
315 703 389 730 seu
424 699 594 729 motum
628 686 814 730 advertat
847 685 930 744 (Ι).

184 774 252 815 41.
288 760 536 803 SCHOLioN.
569 759 670 802 Non
706 758 774 801 abs
810 774 852 801 re
886 759 965 800 erit
1000 772 1130 815 pauca
1165 755 1317 799 addere
1354 755 1494 813 primo

67 831 241 889 quidem
275 831 326 875 de
360 830 521 874 actibus
556 830 701 883 elicitis,
726 842 817 872 tum
852 845 954 872 vero
990 825 1041 872 de
1075 828 1234 871 actibus
1268 828 1492 885 imperatis,

186 904 216 947 Ι.
251 904 382 946 Actus
418 902 544 945 eliciti
579 901 646 944 alii
681 914 779 944 sunt
822 917 913 958 erga
950 901 1112 952 bonnm,
1144 899 1213 942 alii
1242 901 1283 942 in
1317 898 1494 941 malum:

67 990 165 1032 erga
197 973 379 1027 bonum,
414 990 547 1026 amor,
584 973 844 1029 desiderium,
867 981 970 1031 spes,
995 972 1226 1029 gasulium:
1252 971 1294 1012 in
1318 968 1493 1022 malum,

3 1102 6 1105 Ι
67 1046 218 1097 odium,
244 1046 368 1103 fuga,
402 1045 637 1103 desperatio,
677 1046 810 1101 tintus,
831 1045 1014 1088 tristitia.
1036 1045 1246 1086 —Amor
1282 1054 1344 1085 est
1379 1055 1495 1083 mera

68 1116 376 1175 complacentia
408 1115 661 1174 appetibilis,
700 1128 742 1158 ut
777 1132 807 1157 s.
838 1116 1038 1159 Thomas
1074 1115 1127 1157 ait
1162 1114 1249 1172 (2),
1276 1115 1299 1157 i.
1327 1128 1361 1155 e.
1386 1112 1494 1154 sim-

67 1188 162 1246 plex
195 1187 504 1246 complacentia
535 1187 635 1230 boni
670 1187 1007 1245 praescindendo
1049 1185 1096 1229 ab
1134 1187 1223 1228 eius
1260 1183 1495 1243 praesentia

69 1260 132 1302 vel
167 1259 364 1302 absentia.
401 1258 676 1303 Desideriuin
713 1272 774 1301 est
811 1271 954 1301 motus
988 1258 1053 1301 vel
1089 1256 1305 1301 tendentia
1338 1257 1380 1298 in
1414 1255 1495 1298 bo-

67 1347 168 1374 num
205 1331 356 1375 absens.
391 1332 495 1389 Spes
532 1332 838 1389 praesupponit
874 1331 1137 1374 desiderium
1172 1331 1298 1387 eique
1334 1342 1489 1386 super-

67 1403 180 1447 addit
231 1406 566 1462 expectationem,
622 1420 666 1446 ac
722 1403 901 1461 proinde
957 1415 1019 1446 est
1082 1402 1341 1445 desideriunt
1394 1399 1495 1443 boni

67 1475 251 1519 absentis
287 1492 383 1519 cum
419 1477 738 1534 expectatione:
787 1491 892 1533 quae
939 1476 1180 1532 expectatio
1231 1490 1317 1531 quo
1359 1474 1496 1516 maior

67 1560 145 1605 est,
180 1564 230 1608 eo
264 1549 400 1605 magis
445 1563 540 1605 spes
590 1547 749 1590 accedit
798 1547 848 1589 ad
897 1547 1118 1603 gaudium.
1174 1545 1399 1589 Gaudium
1432 1556 1495 1588 est

69 1619 202 1662 vitalis
252 1620 372 1677 quies
422 1619 463 1662 in
498 1618 613 1662 bono
648 1620 730 1662 iam
767 1619 942 1662 obtento
978 1635 1049 1661 seu
1086 1619 1168 1660 iam
1196 1619 1408 1675 praesenti.
1436 1641 1492 1649 -—

69 1689 238 1734 Odium
272 1702 334 1733 est
375 1709 395 1731 «
430 1690 690 1734 dissonantia
725 1690 929 1748 quaedam
967 1691 1183 1747 appetitus
1225 1688 1273 1731 ad
1301 1688 1341 1731 id
1375 1687 1492 1746 quod

66 1763 396 1820 apprehenditur
430 1776 475 1806 ut
510 1778 751 1821 repugnans
787 1776 824 1805 et
850 1764 1052 1805 nocivum
1073 1780 1090 1802 η
1122 1762 1192 1820 (3)
1212 1778 1284 1804 seu
1320 1761 1485 1804 aversio

67 1850 87 1877 a
112 1834 224 1878 malo
248 1834 583 1893 praescindendo
610 1834 655 1878 ab
680 1836 768 1878 eius
796 1836 1031 1892 praesentia
1064 1833 1131 1876 vel
1155 1834 1352 1877 absentia.
1379 1834 1495 1889 Fuga

65 1920 126 1950 est
158 1908 322 1951 aversio
373 1924 392 1950 a
438 1907 549 1950 malo
595 1907 764 1950 absente
815 1906 1007 1964 quidem,
1059 1906 1131 1949 sed
1187 1905 1304 1964 quod
1352 1917 1494 1962 potest

67 1978 188 2023 nobis
223 1979 423 2023 accidere.
459 1981 714 2037 Desperatio
750 1991 811 2021 est
847 1978 1028 2022 deiectio
1063 1979 1194 2022 animi
1233 1977 1285 2020 ob
1322 1978 1492 2034 impos-

160 2166 216 2210 (ι)
245 2164 301 2199 Cf.
328 2166 469 2203 Suarez,
497 2165 539 2199 de
568 2165 636 2198 line
680 2165 838 2198 hominis
878 2164 1006 2209 disput.
1037 2165 1077 2198 Il.
1107 2173 1188 2198 sect⁴
1232 2164 1290 2198 IV.
1322 2174 1419 2198 uum.
1449 2174 1492 2206 4.,

7 2235 10 2238 ·
67 2225 124 2259 ubi
152 2225 243 2259 inter
269 2224 336 2259 alia
365 2224 453 2258 haec
482 2225 601 2258 habet:
635 2237 651 2253 <r
672 2224 794 2257 Virtus
814 2223 936 2257 relicta
966 2236 1007 2258 cx
1037 2224 1145 2269 priori
1174 2225 1376 2259 intentione
1403 2225 1492 2258 nihil

65 2284 158 2318 aliud
188 2296 262 2318 esse
289 2283 438 2322 videtur,
467 2295 572 2330 quam
603 2283 792 2328 applicatio
835 2283 943 2327 ipsius
983 2284 1167 2328 potentiae
1209 2285 1417 2319 executivae
1451 2285 1493 2320 ad

66 2343 242 2378 actualem
270 2343 521 2389 operationem
549 2352 745 2383 externam,
786 2354 874 2388 quae
903 2343 1004 2377 durat
1049 2353 1082 2378 et
1112 2345 1299 2379 continuat
1342 2345 1375 2378 in
1416 2345 1492 2391 ipso

67 2402 208 2444 ellectu,
230 2403 398 2449 quamdiu
427 2415 497 2436 non
528 2411 641 2436 cessat
673 2402 825 2435 omuino
857 2404 898 2436 ab
928 2405 1081 2440 actione.
1110 2415 1173 2438 nec
1195 2415 1257 2449 per
1276 2405 1492 2439 contrariam

69 2463 291 2498 voluntatem
320 2463 550 2509 suspenditur
579 2472 689 2497 actus.
708 2478 721 2493 u

161 2524 285 2567 (2)*In
318 2534 344 2558 1.
377 2533 407 2558 2.
438 2535 467 2569 qi
499 2522 554 2557 26.
587 2536 614 2557 a.
646 2534 675 2557 2.
707 2523 763 2558 Cf.
795 2524 926 2558 thesim
958 2525 1052 2558 YIII.
1082 2536 1168 2558 num
1211 2534 1262 2567 25.
1292 2535 1373 2570 pag.
1405 2535 1459 2569 75.

161 2583 217 2627 (3)
246 2583 296 2617 Ita
325 2594 350 2616 s.
378 2583 460 2625 Th,
497 2593 521 2616 1.
551 2593 579 2616 2.
610 2596 640 2629 q.
672 2593 724 2627 29.
754 2595 782 2617 a.
817 2596 841 2617 1.
