1734 2784
137 191 225 247 sed,
268 203 315 235 ut
355 191 442 234 iam
480 190 685 244 diximus,
730 206 834 248 pure
889 189 1097 232 habemus
1147 187 1437 231 voluntarium
1480 186 1566 245 (1).

137 265 236 307 Huc
267 274 428 321 spectat
460 278 545 305 vox
578 262 659 316 illa,
693 261 947 319 regulariter,
982 276 1112 318 quam
1147 262 1188 303 in
1219 259 1391 303 theseos
1426 274 1568 302 enun-

135 333 318 377 ciatione
345 331 606 376 addidimus.

255 404 473 456 Quaeres:
517 418 660 445 nonne
703 402 851 446 eadem
900 403 1065 445 ratione
1113 401 1196 445 dici
1240 402 1368 444 etiam
1418 413 1561 459 potest

134 474 217 531 illa,
249 490 356 532 quae
387 473 496 518 fiunt
528 491 579 518 ex
613 475 971 532 concupiscentia,
1006 490 1096 517 esse
1130 473 1369 516 voluntaria
1393 473 1562 530 simpli-

133 547 237 589 citer
268 557 308 590 et
341 545 626 589 involuntaria
659 545 897 588 secundum
932 545 1069 603 quid?
1100 571 1156 578 —
1178 545 1320 601 Nego:
1346 558 1407 587 est
1442 545 1563 587 enim

133 616 363 660 discrimen
396 617 507 660 inter
540 633 600 673 ea,
633 613 739 674 quite
773 616 879 659 fiunt
909 633 959 659 ex
994 629 1126 669 metu,
1151 629 1190 659 et
1215 615 1296 671 ilia,
1320 631 1426 673 quae
1450 616 1560 658 fiunt

131 703 184 731 ex
218 689 577 745 concupiscentia.
620 706 639 729 «
673 690 720 731 [n
766 704 832 744 eo,
876 689 1013 746 inquit
1062 704 1093 732 s,
1131 687 1328 731 Thomas
1363 687 1450 745 (2),
1486 687 1559 744 qui

132 775 209 817 per
241 771 406 802 metum
440 759 599 817 aliquid
632 760 732 816 agit,
766 772 908 802 manet
936 759 1215 817 repugnantia
1241 758 1470 801 voluntatis
1507 757 1560 801 ad

131 830 190 883 id,
224 830 341 888 quod
374 831 529 888 agitur,
563 830 803 873 secundum
839 830 955 888 quod
991 833 1032 873 in
1063 847 1106 873 se
1130 831 1434 873 consideratur.
1472 829 1558 873 Sed

131 902 175 945 in
208 917 274 956 eo,
308 903 380 959 qui
415 903 499 959 agit
532 902 692 959 aliquid
726 918 800 959 per
835 903 1242 960 concupiscentiam,
1293 918 1381 945 non
1416 914 1560 945 manet

131 973 249 1031 prior
281 973 496 1026 voluntas,
530 990 636 1031 quae
661 973 907 1031 repudiabat
934 974 1051 1031 illud,
1076 974 1194 1032 quod
1220 974 1558 1031 concupiscitur,

131 1043 206 1088 sed
239 1057 430 1087 mutatur
462 1045 512 1088 ad
546 1044 780 1088 volendum
816 1045 934 1098 illud,
969 1046 1086 1103 quod
1131 1047 1248 1103 prius
1294 1045 1556 1103 repudiabat.

131 1115 184 1159 Et
218 1115 331 1169 ideo,
366 1116 482 1173 quod
516 1132 590 1173 per
625 1129 791 1159 metum
825 1119 980 1174 agitur,
1017 1117 1343 1175 quodammodo
1389 1129 1452 1159 est
1486 1117 1558 1159 in-

130 1185 439 1240 voluntarium,
474 1187 547 1230 sed
572 1187 688 1244 quod
714 1203 786 1245 per
813 1190 1206 1246 concupiscentiam
1241 1190 1399 1245 agitur,
1436 1187 1557 1231 nullo

130 1257 278 1302 modo.
313 1259 425 1302 Nam
468 1259 739 1301 incontinens
787 1261 1135 1318 concupiscentia
1183 1261 1271 1317 agit
1321 1272 1467 1302 contra
1498 1259 1557 1316 id,

127 1327 246 1386 quod
279 1329 394 1386 prius
446 1329 725 1386 proponebat,
776 1345 863 1373 non
908 1344 1049 1374 autem
1100 1344 1246 1373 contra
1295 1331 1392 1384 hoc,
1438 1329 1556 1389 quod

127 1414 242 1443 nunc
273 1400 376 1445 vult.
411 1400 495 1444 Sed
528 1401 705 1443 timidus
740 1403 827 1458 agit
862 1416 1009 1445 contra
1042 1402 1098 1455 id,
1134 1402 1251 1460 quod
1285 1403 1414 1445 etiam
1441 1419 1557 1446 nunc

127 1471 367 1515 secundum
417 1487 462 1514 se
505 1471 662 1515 vult.»
717 1474 864 1531 Itaque
907 1475 985 1516 etsi
1036 1490 1108 1531 per
1157 1475 1557 1531 concupiscentiam

225 1668 282 1713 (1)
310 1668 402 1703 Hinc
431 1669 725 1713 propositionem
754 1668 859 1710 hanc,
891 1680 974 1713 qaue
993 1667 1082 1713 fiunt
1109 1679 1148 1701 ex
1175 1673 1276 1709 mesu,
1303 1672 1378 1700 sunl
1404 1667 1565 1701 involun-

126 1727 232 1769 turia,
259 1727 307 1761 sic
333 1726 554 1773 distinguere
592 1728 709 1762 solent
736 1737 911 1761 auctores:
942 1736 1023 1761 sunt
1064 1727 1302 1760 involuntaria
1343 1727 1560 1772 simpliciter

127 1795 221 1831 nego,
251 1785 448 1819 secundum
469 1786 551 1832 quid
571 1786 812 1832 szcbd.‚quoad
841 1786 1009 1820 affectum
1039 1786 1224 1820 efficacem
1254 1798 1347 1831 nego,
1370 1787 1486 1831 quoad
1509 1786 1559 1821 af-

127 1844 262 1880 fectum
290 1845 513 1880 inefficacem
541 1845 648 1887 subd„
676 1847 703 1879 si
743 1846 891 1880 affectus
919 1847 1025 1879 etiam
1063 1855 1203 1880 tantum
1232 1846 1400 1879 inefficax
1439 1846 1559 1881 obstet

125 1904 191 1939 fini
218 1916 280 1951 per
306 1905 489 1939 actionem
516 1907 572 1940 vel
612 1906 848 1940 omissionem
882 1916 924 1939 ex
965 1914 1060 1940 metu
1101 1905 1314 1951 imperatam
1356 1906 1556 1940 obtinendo

128 1975 222 2010 nego,
242 1965 268 1997 si
296 1974 370 1998 non
397 1965 515 1999 obstet
554 1977 643 2000 conc.
674 1964 727 1999 (js.
758 1966 889 2006 Kilber,
907 1965 948 1998 de
977 1966 1092 1999 virtut.
1134 1965 1243 2000 theol.
1272 1965 1314 1999 de
1354 1977 1414 2011 spe
1442 1965 1557 1999 theol.

125 2034 206 2069 cap.
234 2023 276 2057 II.
304 2035 364 2058 art.
395 2034 426 2058 2.
456 2025 490 2057 in
517 2024 597 2059 fine.
628 2024 685 2059 Cf.
716 2026 823 2058 etiam
854 2025 1032 2066 I'alinieri,
1049 2026 1091 2058 de
1119 2025 1263 2059 Poenit.
1283 2024 1372 2059 thes.
1392 2025 1559 2067 XXVII„

128 2083 188 2117 ubi
218 2091 356 2128 praeter
382 2083 449 2117 alia
476 2083 582 2118 habet
610 2084 709 2118 haec:
744 2085 855 2118 «Dici
882 2084 1029 2130 quidem
1057 2085 1197 2129 poterit,
1227 2085 1331 2130 quod,
1362 2085 1427 2117 nisi
1468 2084 1560 2118 fuis-

123 2151 179 2177 set
205 2143 325 2184 timor,
353 2144 443 2177 forte
470 2144 637 2177 voluntas
665 2144 743 2177 heic
765 2153 797 2177 et
818 2156 912 2178 nunc
933 2156 1006 2178 non
1036 2153 1127 2179 esset
1148 2145 1321 2179 detestata
1349 2154 1553 2189 peccatum:

123 2201 188 2236 sed
217 2201 285 2235 hoc
313 2210 364 2236 est
392 2213 586 2236 commune
626 2204 754 2237 ceteris
782 2204 860 2236 aliis
901 2204 1057 2245 motivis,
1086 2204 1161 2249 spei
1197 2204 1306 2238 etiam
1335 2213 1369 2237 et
1410 2203 1557 2245 amoris,

129 2261 236 2307 idque
262 2269 401 2295 tantum
430 2272 496 2294 nos
525 2262 643 2303 docet,
674 2262 768 2307 quod
799 2264 965 2296 voluntas
992 2263 1035 2296 ad
1062 2263 1244 2309 agendum
1272 2263 1392 2309 aliquo
1423 2263 1560 2308 indiget

126 2320 278 2361 motivo,
305 2332 375 2367 quo
404 2321 662 2355 determinetur
690 2322 732 2354 ad
761 2331 891 2356 actum.
921 2325 966 2356 At
994 2324 1169 2357 existente
1197 2334 1239 2356 eo
1268 2324 1397 2357 timore
1426 2331 1459 2356 et
1489 2333 1560 2356 vo-

125 2377 263 2414 luntate
289 2379 426 2414 vitandi
453 2379 644 2422 inserntnn,
673 2381 784 2415 homo
806 2382 927 2427 nequit
953 2383 1059 2415 simul
1080 2381 1211 2427 aliquid
1232 2382 1335 2423 velle,
1357 2381 1450 2427 quod
1472 2392 1557 2415 cum

125 2437 192 2473 hac
219 2438 405 2474 voluntate
431 2439 623 2473 intrinsece
654 2450 798 2485 pugnat,
828 2441 1036 2486 malumque
1064 2441 1249 2474 vitandum
1283 2440 1428 2474 inducit.
1451 2455 1467 2472 a>

221 2498 278 2544 (2)
307 2499 392 2534 Loc.
421 2499 477 2533 cit.
507 2510 572 2534 art.
602 2499 636 2534 6.
668 2511 758 2544 resp.
787 2500 829 2533 ad
861 2508 912 2533 2¹¹¹.
943 2499 998 2534 Cf.
1027 2501 1169 2541 Suarez,
1199 2501 1233 2533 in
1270 2511 1296 2534 1.
1328 2509 1358 2535 2.
1385 2509 1487 2533 tract.
1518 2499 1548 2533 II

126 2555 220 2602 disp.
252 2557 312 2592 III.
340 2568 424 2592 sect.
457 2568 487 2592 2.
516 2570 549 2592 n.
578 2558 597 2592 8
626 2569 657 2592 et
686 2568 716 2602 9.
