1734 2784
721 53 989 96 „310-

146 140 429 198 perspicuam,
454 138 536 180 hoc
559 151 693 178 unuin
727 133 1020 191 intelligimus,
1048 149 1141 176 eam
1166 133 1360 176 terminis
1384 148 1458 176 seu
1483 148 1564 176 vo-

145 211 262 254 cibus
280 210 383 253 adeo
403 209 520 252 claris
539 208 822 264 conscriptam
840 220 931 248 esse
949 217 1021 248 aut
1048 203 1215 262 publice
1238 203 1563 262 proclamatam,

146 295 191 324 ut
223 283 364 324 statim
399 280 555 336 legenti
589 291 659 322 aut
692 277 878 320 audienti
911 292 1031 319 mens
1065 274 1323 332 legislatoris
1356 273 1426 317 fiat
1458 289 1567 332 per-

146 366 300 411 specta,
334 353 475 395 statim
509 352 570 393 vis
605 366 650 393 ac
682 364 830 393 sensus
874 348 1156 391 ordinationis
1192 347 1245 388 sit
1294 345 1559 389 manifestus.

146 425 309 467 Verum
341 424 418 466 alia
450 435 514 482 est
545 422 835 479 perspicuitas,
869 436 974 478 quae
1007 418 1089 475 legi
1127 417 1333 474 competit
1365 417 1562 460 naturali:

146 495 246 538 haec
278 495 394 537 enim
428 494 579 537 dicitur
601 506 640 536 et
663 505 724 535 est
750 492 984 549 perspicua,
1004 502 1214 547 quatenus
1233 513 1290 520 —
1309 487 1561 545 multiplicia

145 566 235 608 eius
267 577 488 622 praecepta
520 565 646 607 etiam
681 564 771 606 sine
804 562 891 605 ullo
926 574 1099 604 externo
1134 560 1257 617 signo
1309 574 1382 616 per
1419 558 1561 601 solum

144 637 336 677 nativum
369 635 542 688 rationis
578 634 722 676 lumen
755 634 919 690 possint
952 632 1154 687 cognosci
1179 657 1235 664 —
1258 632 1395 673 immo
1430 645 1558 688 prae-

146 718 263 763 cepta
296 707 385 748 eius
419 705 680 762 generaliora
713 715 932 760 nequeant>
957 702 1003 744 ab
1040 702 1217 744 homine
1263 700 1349 743 ullo
1383 701 1558 743 rationis

146 791 273 819 usum
307 775 485 818 habente
519 774 815 818 invincibiliter
848 773 1047 830 ignorari.
1085 773 1197 816 Cum
1235 771 1336 814 haec
1361 770 1446 814 duo
1483 770 1562 813 soli

145 847 225 903 legi
261 846 437 890 naturali
473 858 730 903 competant,
765 846 855 888 iure
889 844 1167 902 perspicuitas
1207 842 1278 885 tali
1325 841 1458 884 modo
1492 842 1562 884 in-

146 918 310 961 tellecta
344 918 498 961 dicitur
532 918 636 974 legis
671 917 797 960 huius
830 915 1028 959 naturalis
1068 915 1323 973 proprietas.

265 991 382 1046 Dixi,
415 1006 503 1033 non
538 1006 663 1048 posse
697 987 993 1032 invincibiliter
1018 987 1204 1043 ignorari
1230 997 1450 1044 praecepta
1471 986 1563 1028 eius

147 1061 296 1104 saltem
310 1061 574 1118 generaliora.
596 1062 686 1103 Hac
710 1061 824 1102 enim
849 1060 890 1101 in
908 1058 1001 1116 lege
1024 1071 1110 1101 tres
1130 1073 1226 1100 cum
1247 1074 1278 1101 s,
1294 1057 1470 1101 Thorna
1487 1055 1560 1115 (1)

147 1144 187 1174 et
219 1147 318 1174 cum
353 1133 551 1176 Suaresio
574 1132 644 1189 (2)
678 1130 966 1188 distinguendi
990 1143 1088 1172 sunt
1111 1129 1282 1172 ordines
1306 1145 1379 1172 seu
1409 1127 1560 1183 classes

147 1215 472 1260 praeceptorum
505 1202 772 1246 naturalium.
793 1229 850 1233 —
873 1202 1030 1245 Classis
1071 1201 1124 1243 Ι.3
1158 1201 1346 1243 continet
1385 1200 1561 1242 univer-

147 1274 355 1317 salissima
387 1276 592 1332 principia
625 1275 821 1332 practica,
857 1287 917 1330 ut,
949 1272 1113 1315 bonum
1148 1285 1209 1314 est
1244 1270 1486 1314 faciendum
1521 1282 1561 1313 et

148 1346 310 1389 malum
344 1360 405 1390 est
437 1347 672 1400 vitandum,
707 1346 815 1389 ordo
849 1344 1048 1388 naturalis
1082 1356 1145 1387 est
1192 1343 1453 1396 servandus,
1488 1357 1563 1385 seu

147 1416 238 1459 talis
272 1418 328 1460 sis
362 1434 436 1475 per
467 1418 697 1461 voluntatis
732 1417 983 1460 electionem
1017 1415 1149 1473 qualis
1184 1426 1351 1457 constas
1385 1428 1459 1470 per
1492 1428 1569 1456 na·

147 1500 375 1532 turam.—
401 1488 559 1532 Classis
595 1490 651 1532 2.²¹
687 1489 875 1531 continet
909 1486 1204 1530 conclusiones
1229 1484 1497 1528 immediatas
1524 1497 1564 1527 et

147 1561 328 1603 omnino
361 1561 589 1603 intrinsece
613 1574 821 1602 connexas
847 1574 945 1602 cum
969 1557 1192 1616 praedictis
1217 1557 1435 1615 principiis
1460 1557 1563 1600 uni-

145 1631 458 1684 versalissimis,
492 1644 553 1688 ut,
588 1631 677 1674 cole
710 1632 867 1688 Deum,
901 1630 1065 1672 honora
1109 1640 1330 1687 parentes,
1364 1627 1481 1686 quod
1515 1627 1563 1670 ab

147 1702 230 1745 alio
264 1702 404 1746 oderis
437 1702 527 1745 fieri
560 1702 646 1756 tibi,
673 1702 782 1756 vide,
806 1718 859 1745 ne
883 1715 928 1745 tu
953 1702 1180 1760 aliquando
1204 1701 1322 1744 alteri
1345 1700 1482 1745 facias.
1501 1727 1560 1732 —

150 1774 309 1818 Classis
346 1776 404 1831 33ι
438 1776 626 1818 continet
659 1775 736 1818 alia
757 1787 991 1832 praecepta,
1013 1790 1120 1832 quae
1143 1773 1280 1817 multo
1304 1774 1440 1830 magis
1465 1785 1563 1816 sunt

149 1858 313 1889 remota
346 1863 368 1889 a
400 1848 547 1905 primis
581 1846 662 1889 illis
696 1859 736 1890 et
768 1845 1140 1889 universalissimis
1172 1846 1406 1903 principiis.
1446 1846 1561 1888 Iam-

149 1934 252 1961 vero
285 1934 359 1976 per
387 1919 637 1976 generaliora
671 1919 761 1975 legis
792 1918 997 1961 naturalis
1031 1930 1250 1976 praecepta
1284 1917 1569 1975 intelligimus-

149 1987 218 2031 illa
249 2005 356 2047 quae
388 1989 439 2032 ad
471 1990 661 2046 primum
696 1988 960 2046 alterumque
993 1988 1190 2031 ordinem
1223 2000 1425 2046 spectant.

268 2060 385 2103 Haec
406 2072 548 2103 autem
572 2058 887 2116 contendimus,
910 2074 997 2102 non
1021 2075 1147 2117 posse
1170 2059 1463 2103 invincibiliter
1485 2075 1560 2102 seu

151 2130 456 2188 inculpabiliter
487 2131 675 2188 ignorari
707 2129 755 2173 ab
790 2130 965 2174 homine
997 2132 1169 2174 rationis
1211 2146 1327 2174 usum
1374 2131 1562 2174 habente:

151 2201 304 2244 eodem
327 2215 451 2259 pacto
469 2218 500 2246 s.
521 2202 794 2259 Augustinus
811 2236 822 2254 ,
844 2213 890 2244 ut
914 2202 997 2244 iam
1019 2201 1222 2259 vidimus,
1240 2201 1344 2246 dixit
1365 2221 1385 2243 ‹<
1404 2202 1567 2245 nullam

244 2445 301 2489 (1)
329 2445 370 2479 In
399 2455 427 2480 1.
457 2456 487 2480 2.
515 2458 546 2492 q.
573 2455 630 2493 94.
656 2458 685 2481 a.
715 2456 757 2489 2.‚
785 2459 820 2494 q.
850 2457 934 2483 100.
962 2458 994 2481 a.
1025 2457 1050 2481 1.

245 2503 301 2548 (2)
328 2504 384 2538 De
409 2504 478 2550 leg.
504 2505 526 2539 l.
554 2505 595 2539 Π.
623 2516 653 2539 c.
686 2514 736 2548 15.
765 2517 800 2540 n.
828 2515 862 2540 2.
908 2540 927 2559 „V

1698 2559 1702 2562 '
1708 2482 1722 2506 ss}
1708 2413 1725 2472 maes
1703 2315 1720 2390 καθ-ι
1714 2282 1718 2289 ..
1707 2237 1719 2264 μ),
1712 2214 1714 2217 -
