1734 2784
149 230 217 274 det
240 248 288 273 ex
308 243 422 286 parte
443 229 630 271 hominis
656 228 860 283 obligatio
880 227 1104 272 obediendi
1124 229 1234 286 Deo,
1254 230 1289 271 si
1321 229 1422 287 quid
1441 231 1561 274 Deus

148 303 388 358 praecipiat,
426 299 611 357 ponendi
646 300 708 342 vel
736 300 963 342 omittendi
988 300 1146 357 aliquas
1171 301 1373 357 actiones,
1396 301 1430 343 si
1462 317 1569 359 quas

147 371 363 429 ponendas
396 371 458 414 vel
486 370 744 413 omittendas
770 372 886 413 Deus
913 370 1194 428 praescribat:
1230 387 1337 428 quae
1361 370 1567 429 obligatio
1698 371 1717 424 5

151 444 230 486 dici
264 455 405 500 potest
440 442 643 499 obligatio
679 444 719 485 in
749 458 887 498 genere
920 454 959 485 et
993 444 1033 485 in
1066 452 1161 486 actu
1189 444 1338 500 primo.
1373 445 1427 486 At
1460 443 1565 486 obli·
1696 450 1713 503 {J

149 517 262 573 gatio
299 518 338 558 in
372 517 491 573 specie
526 528 565 558 et
599 517 638 558 in
672 524 765 558 actu
811 514 980 558 secundo
1016 515 1147 573 (hanc
1195 528 1334 558 autem
1383 517 1573 559 maxime

149 659 406 703 ordinationi
443 659 624 712 divinae,
660 658 707 700 ab
742 674 873 715 eaque
907 658 1060 715 pendet
1108 671 1147 701 et
1203 657 1417 716 procedit,
1450 671 1496 702 ut
1528 659 1573 702 in

148 731 316 774 theseos
351 730 648 772 enunciatione
683 744 882 785 expresse
918 728 1194 772 affirmamus.

699 913 866 955 TiffisIs
901 913 1015 956 XLI.

154 1040 223 1081 Vis
257 1038 494 1095 obliquum,
527 1053 628 1095 quac
663 1038 735 1093 legi
770 1039 864 1080 inest
899 1038 1083 1081 naturali
1113 1073 1123 1090 ‚
1179 1039 1316 1095 nequit
1367 1039 1575 1096 procedere

265 1109 315 1152 ab
350 1110 601 1152 ordinatione
636 1110 836 1152 lmtmznae
869 1111 1056 1162 rationis,
1108 1125 1207 1167 qnae
1255 1112 1320 1163 sit,
1355 1119 1398 1153 ut
1428 1111 1577 1155 Ratio-

268 1182 438 1224 nalistclc
471 1181 730 1232 contendunt,
767 1181 987 1238 legislalrix
1024 1183 1156 1238 ipsius
1189 1181 1428 1224 voluntatis.

271 1313 364 1342 121.
398 1301 770 1343 PRAENOTIONES.
797 1299 931 1352 Quod
965 1300 1132 1357 passiva
1159 1298 1226 1342 illa
1255 1299 1466 1356 obligatio
1488 1317 1572 1358 po-

147 1370 274 1413 nendi
307 1371 493 1413 actiones
527 1369 732 1427 quasdam
768 1386 816 1412 ex
849 1386 892 1412 se
924 1369 1055 1412 bonas
1096 1369 1159 1413 vel
1193 1370 1423 1413 omittendi
1471 1371 1572 1414 alias

147 1457 196 1484 ex
230 1457 274 1484 se
308 1441 453 1498 malas,
487 1458 614 1499 quam
659 1458 708 1484 ex
741 1440 918 1484 naturali
952 1441 1042 1498 lege
1087 1442 1125 1483 in
1163 1441 1362 1484 cordibus
1404 1443 1561 1485 nostris

145 1513 269 1555 insita
303 1514 558 1570 experimur,
593 1513 794 1570 procedat
826 1513 874 1555 ab
909 1514 1041 1555 activa
1087 1513 1354 1556 ordinatione
1402 1514 1561 1557 mentis

144 1599 218 1625 seu
254 1584 426 1625 rationis
461 1582 652 1636 alicuius,
687 1596 905 1640 tamquam
939 1599 960 1625 a
992 1599 1070 1626 suo
1104 1583 1219 1626 fonte
1242 1583 1308 1626 vel
1332 1584 1565 1641 principio,

146 1654 230 1695 hoc
263 1666 324 1696 est
359 1655 457 1696 satis
493 1653 785 1697 manifestum.
812 1655 974 1697 Verum
999 1669 1203 1711 quaenam
1228 1667 1291 1697 est
1313 1654 1414 1696 haec
1436 1670 1535 1697 men
1552 1669 1575 1696 s

145 1740 220 1766 seu
254 1726 374 1778 ratio,
409 1741 430 1767 a
463 1726 580 1768 cuius
623 1725 849 1769 dictamine
883 1727 1045 1783 passiva
1093 1725 1160 1769 illa
1206 1727 1309 1783 legis
1358 1726 1557 1769 naturalis

146 1794 354 1851 obligatio
389 1795 610 1840 dimanat?
644 1798 732 1850 Est,
766 1810 812 1840 ut
846 1799 887 1840 in
920 1797 1029 1840 thesi
1064 1798 1336 1855 praecedente
1371 1797 1558 1841 ostendi-

147 1882 258 1919 mim,
278 1868 382 1908 ratio
417 1880 584 1911 aeterna
617 1869 711 1921 Dei,
746 1870 864 1911 cuius
898 1870 1005 1911 ratio
1039 1869 1225 1912 humana
1257 1884 1344 1912 non
1380 1882 1442 1912 est
1475 1863 1572 1911 nisi

145 1953 262 1980 mera
296 1938 597 1983 manifestatio.

264 2007 393 2051 Aliud
441 2011 620 2053 omnino
669 2012 907 2067 quaestioni
954 2010 1010 2053 illi
1059 2024 1271 2068 reponunt
1320 2010 1556 2055 Rationali-

145 2091 231 2121 stae
264 2078 349 2136 (1):
399 2094 475 2138 est,
509 2082 640 2138 aiunt,
691 2082 779 2138 ipsa
814 2082 1148 2139 uniuscuiusque
1197 2081 1384 2124 hominis
1432 2081 1557 2137 ratio,

237 2300 293 2344 (1)
322 2300 578 2334 Rationalistae
607 2300 734 2334 ducem
762 2309 958 2346 sequuntur
985 2300 1090 2342 Kant,
1118 2300 1217 2334 cuius
1257 2311 1299 2333 en
1326 2301 1446 2345 paucis
1482 2300 1553 2335 do-

143 2358 265 2400 ctrina,
294 2359 437 2404 qualem
465 2360 540 2404 ipse
567 2360 713 2405 exponit
742 2360 777 2392 in
805 2360 972 2405 operibus
1002 2358 1245 2404 Grundlegung
1278 2370 1340 2404 zur
1377 2360 1552 2406 Metaphy-
1679 2405 1683 2408 .

142 2417 192 2449 silc
219 2415 277 2450 der
302 2418 418 2455 Sitten,
437 2426 471 2452 et
498 2417 613 2452 Kritile
639 2418 696 2452 der
717 2418 930 2463 pralftischen
951 2417 1112 2462 Vernunst
1135 2437 1174 2442 —
1203 2419 1335 2464 Legem
1365 2418 1550 2461 moralem,
1677 2409 1698 2467 ἐ

143 2485 248 2519 quam
275 2486 341 2508 nos
369 2475 486 2521 legem
514 2477 579 2510 Dei
608 2476 807 2510 naturalem
833 2477 995 2519 dicimus,
1014 2488 1053 2511 ex
1079 2477 1225 2511 rationis
1246 2477 1420 2523 practicae
1444 2477 1553 2511 dicta·
1688 2471 1697 2485 l

140 2534 229 2567 mine
248 2545 335 2568 mere
355 2533 502 2578 formali
521 2540 550 2569 et
568 2536 752 2570 universali
776 2544 961 2581 tamquam
988 2548 1030 2571 ex
1048 2537 1157 2570 unico
1176 2535 1274 2570 fonte
1302 2544 1335 2570 et
1357 2535 1553 2582 adaequato

141 2592 320 2638 principio
348 2594 578 2638 repetendam
607 2605 683 2628 esse
711 2595 827 2629 docet.
857 2595 1035 2628 Rationem
1049 2595 1241 2640 practicam
1257 2601 1403 2628 eatenus
1424 2599 1549 2639 puram
