1734 2784
81 225 127 269 In
163 224 287 268 altera
319 239 421 267 vero
454 225 550 280 vita,
585 225 650 266 cui
683 224 939 267 meritorum
983 222 1311 266 retributionem
1356 237 1496 265 reser-

82 297 208 354 vavit,
242 297 451 339 iustitiam
485 311 605 338 suam
641 296 682 338 in
731 295 954 354 improbos
988 307 1172 351 exercet,
1204 310 1255 338 ne
1304 309 1385 338 una
1434 310 1506 338 ea-

82 367 268 426 demque
300 383 392 411 sors
426 368 606 426 excipiat
638 380 731 411 tum
765 383 857 421 eos,
893 369 965 426 qui
999 367 1075 410 hac
1110 368 1151 409 in
1194 369 1278 410 vita
1326 368 1501 410 miseri-

86 440 232 484 cordia
264 439 381 483 abusi
413 451 530 493 sunt,
556 451 647 482 tum
672 455 763 492 eos,
789 440 862 497 qui
895 439 1043 482 eadem
1079 451 1191 482 recte
1224 450 1323 481 sunt
1347 438 1424 482 usi.
1451 464 1508 471 —-

82 511 150 556 Ad
184 510 289 555 illud
321 523 479 574 autem,
504 510 620 570 quod
655 510 706 554 de
740 510 925 554 humana
959 510 1207 554 infirmitate
1231 510 1416 564 additur,
1442 526 1507 554 re-

85 582 388 642 spondendum
423 594 502 638 est,
535 582 651 641 quod
685 584 762 626 etsi
798 582 983 626 humana
1016 582 1214 626 voluntas
1247 584 1302 626 sit
1344 581 1509 627 infirma

86 670 158 699 seu
194 654 396 713 proclivis
431 653 481 698 ad
515 646 751 712 peccatum,
787 670 873 698 non
919 667 1060 698 tamen
1095 668 1157 699 est
1205 654 1379 713 physice
1427 671 1507 698 ne-

87 727 280 771 cessitata
313 742 386 770 seu
424 725 703 770 determinata
739 726 787 770 ad
836 726 1114 785 peccandum,
1149 728 1202 770 ita
1236 740 1281 770 ur
1330 728 1371 769 in
1419 727 1510 770 eius

87 810 298 857 potestate
333 813 419 841 non
454 798 507 840 sit
541 797 681 855 legem
716 813 894 851 servare,
930 813 1066 856 neque
1116 798 1267 841 mediis
1302 810 1342 841 et
1386 798 1509 841 adiu-

87 871 244 914 mentis
279 869 330 914 ad
363 886 456 914 eam
493 869 743 914 servandam
777 881 839 913 est
875 870 1083 914 destituta.

213 942 444 987 OBIECTIO
480 943 531 986 V.
565 942 793 1000 Numquid
827 957 911 985 non
947 954 1087 1000 potest
1120 944 1239 986 Deus
1283 941 1404 985 alieni
1450 957 1511 985 re-

88 1016 263 1059 mittere
296 1015 509 1073 poenam?
544 1013 769 1072 Numquid
804 1030 891 1057 non
916 1026 1055 1072 potest
1080 1014 1316 1072 impiorum
1352 1015 1511 1056 animas

86 1088 281 1146 redigere
315 1088 357 1131 in
389 1086 608 1131 nihilum?
642 1113 699 1119 -—
722 1087 787 1130 Ad
812 1087 999 1145 priorem
1026 1087 1324 1145 quaestionem
1358 1086 1417 1129 sic
1452 1103 1512 1129 re-

89 1159 285 1219 spondeo
319 1175 418 1203 cum
451 1175 482 1203 s.
524 1158 701 1203 Thoma
732 1159 816 1217 (1):
860 1177 879 1199 «
903 1163 1054 1203 Potest
1078 1157 1251 1216 quidem
1277 1157 1513 1201 secundum

90 1232 289 1277 ordinem
325 1232 552 1290 sapientiae
587 1246 703 1285 suae,
739 1231 813 1275 sed
847 1243 995 1275 contra
1043 1230 1238 1274 ordinem
1288 1231 1513 1289 sapientiae

85 1317 126 1349 et
161 1304 360 1359 iustitiae,
393 1318 540 1347 non.»
576 1330 635 1337 ——
666 1302 734 1347 Ad
768 1303 939 1346 alteram
974 1303 1269 1360 quaestionem
1306 1317 1401 1345 cum
1437 1318 1515 1345 ροι-

88 1376 187 1421 dem
221 1374 415 1434 angelico
450 1376 641 1419 Doctore
675 1374 746 1433 (2)
796 1375 853 1417 sic
902 1374 1157 1432 respondeo:
1203 1374 1363 1416 «Licet
1397 1374 1514 1416 Deus

88 1448 139 1492 de
172 1447 330 1491 iustitia
365 1459 580 1509 creaturae
614 1459 761 1490 contra
795 1462 838 1488 se
872 1446 1060 1504 peccanti
1098 1458 1241 1502 posset
1287 1461 1376 1487 esse
1411 1444 1514 1487 snb-

87 1519 256 1563 trahere
289 1531 329 1562 et
363 1535 455 1562 eam
491 1519 533 1562 in
565 1517 750 1560 nihilum
785 1518 991 1575 redigere,
1016 1530 1158 1560 taimen
1188 1517 1515 1559 convenientior

89 1591 274 1635 iustitiae
309 1590 466 1634 modus
501 1602 581 1644 est,
617 1601 663 1632 ut
698 1605 787 1633 eam
827 1590 866 1632 in
902 1605 993 1632 esse
1028 1602 1211 1631 reservet
1246 1589 1295 1630 ad
1331 1604 1513 1646 poenam

171 1663 270 1722 quia
304 1663 381 1706 ista
406 1663 565 1706 iustitia
588 1663 894 1720 congruentius
921 1660 1149 1719 respondet
1175 1660 1318 1717 culpae
1343 1660 1384 1700 in
1409 1659 1516 1702 dno-

87 1734 178 1780 bus.
214 1760 270 1768 —
304 1735 353 1778 In
388 1749 476 1778 uno
511 1733 701 1792 quidem,
737 1734 834 1791 quia
869 1735 909 1775 in
958 1734 1077 1789 eulpa
1127 1732 1320 1774 voluntas
1371 1744 1515 1774 contra

89 1808 233 1851 Deum
268 1807 369 1865 agit,
402 1821 489 1850 non
523 1816 668 1849 autem
701 1816 862 1858 natura,
888 1820 994 1861 quae
1028 1803 1224 1846 ordinem
1263 1802 1338 1845 sibi
1374 1819 1393 1844 a
1421 1803 1515 1845 Deo

89 1877 275 1921 inditum
308 1889 460 1931 servat3
494 1889 534 1920 et
564 1876 663 1919 ideo
697 1876 787 1918 talis
823 1874 945 1918 debet
978 1890 1069 1917 esse
1104 1889 1254 1931 poena,
1289 1888 1395 1930 quae
1431 1888 1512 1914 vo-

89 1949 299 1993 luntatem
334 1948 505 2007 affligat,
538 1960 711 1992 naturae
745 1947 956 2004 nocendo,
982 1962 1062 2004 qua
1095 1946 1290 1988 voluntas
1316 1944 1514 1987 abutitur.

91 2021 135 2066 Si
170 2032 314 2065 autem
348 2033 539 2064 creatura
573 2020 754 2063 omnino
792 2020 830 2062 in
866 2018 1049 2061 nihilum
1091 2017 1371 2074 redigeretur,
1406 2028 1516 2059 esset

90 2104 256 2136 tantum
290 2105 604 2136 nocumentum
637 2103 828 2148 naturae,
862 2103 901 2134 et
937 2106 1022 2133 non
1060 2088 1229 2133 afflictio
1275 2088 1517 2131 voluntatis.

89 2190 146 2196 —
180 2165 228 2208 In
260 2164 391 2208 altero
425 2179 542 2221 vero,
576 2165 673 2221 quia
709 2178 806 2206 cum
842 2163 882 2205 in
919 2174 1089 2219 peccato
1124 2161 1211 2204 duo
1236 2162 1332 2216 sint,
1358 2159 1531 2208 scilicet

186 2388 240 2434 (1)
267 2387 475 2424 Comment.
502 2387 537 2421 in
578 2397 633 2432 ep.
673 2385 715 2421 11.
743 2384 786 2419 ad
827 2385 910 2420 Tim
951 2395 1027 2430 cap.
1059 2384 1099 2417 ΙΙ.
1135 2382 1216 2418 lect.
1248 2392 1275 2416 2.
1328 2384 1372 2418 [b.
1415 2380 1520 2428 patilo

91 2457 208 2494 super.
235 2446 385 2482 dixerat:
431 2446 560 2481 «Deus
587 2456 662 2480 non
688 2455 809 2491 potest
843 2456 976 2491 negare
1006 2455 1104 2477 sunm
1145 2443 1311 2478 virtutem
1353 2451 1385 2477 et
1417 2444 1519 2477 iusti-

90 2505 180 2540 tiam
208 2506 292 2553 quin
319 2505 488 2552 puniat.»
520 2503 577 2541 Cf.
606 2514 636 2539 2.
665 2514 695 2540 2.
728 2516 759 2551 q.
786 2503 842 2548 67.
871 2515 902 2538 a.
933 2514 965 2546 4.

186 2566 244 2612 (2)
271 2567 326 2602 De
353 2575 427 2613 pot.
455 2578 486 2613 q.
510 2574 538 2609 5.
567 2575 596 2601 a.
616 2575 646 2609 4.
668 2565 709 2600 ad
738 2563 794 2599 6³¹¹
822 2563 876 2600 Cf.
906 2565 1048 2605 Suara,
1069 2563 1111 2597 de
1139 2563 1292 2608 Angelis
1314 2562 1333 2596 l.
1362 2572 1388 2597 1.
1416 2561 1520 2596 oxi

98 2635 200 2661 num.
233 2635 265 2671 5.
1336 2675 1352 2702 2

1357 2679 1378 2712 4
