1734 2784
601 510 1003 566 PROLOGUS

230 662 560 694 PHILOSOPHIAE
594 661 788 690 MORALIS
825 657 1062 689 DEFINITIO
1096 656 1154 685 ET
1191 655 1377 685 DIVISIO.

212 1280 457 1337 Antequam
492 1278 626 1322 varias
677 1276 979 1335 philosophiae
1022 1272 1197 1318 moralis
1247 1271 1531 1330 quaestiones:

93 1355 412 1415 aggrediamur,
444 1367 626 1414 praestat
659 1356 702 1398 in
726 1356 820 1412 ipso
856 1353 982 1397 huius
1017 1352 1216 1396 scientiae
1240 1350 1386 1393 limine
1415 1365 1522 1407 pau-

92 1434 229 1478 lulum
264 1434 511 1488 consistere,
545 1446 585 1477 et
628 1432 714 1476 duo
763 1432 945 1476 breviter
982 1431 1196 1489 inquirere
1229 1455 1285 1462 —
1320 1426 1423 1486 quid
1467 1428 1520 1470 sit

94 1511 369 1571 philosophia
400 1510 576 1554 moralis
609 1536 667 1544 —
699 1523 739 1554 et
774 1523 880 1568 quot
913 1511 997 1552 sint
1031 1509 1122 1552 eius
1156 1519 1310 1565 parteS.

214 1589 245 1633 I.
282 1589 340 1632 Ut
373 1604 395 1631 a
427 1588 679 1632 definitione
717 1588 1002 1640 exordiamur,
1037 1584 1312 1644 philosophia
1345 1581 1521 1626 moralis

92 1678 157 1710 est
189 1667 367 1719 scientia,
400 1680 501 1724 quae
534 1665 579 1709 de
617 1667 819 1709 actionum
867 1665 1145 1707 Immanarzmz
1194 1660 1425 1705 moralitate
1457 1673 1530 1701 se-

92 1744 268 1788 cundum
299 1743 490 1786 naturale
520 1743 693 1786 rationis
726 1741 859 1784 lmnrn
887 1748 1127 1799 pertractat.
1158 1737 1356 1796 Singulas
1389 1736 1520 1779 huius

94 1819 357 1863 definitionis
391 1834 518 1863 voces
552 1818 881 1877 perpendamus.

214 1897 386 1950 Dicitur
423 1896 502 1955 1⁰.)
534 1897 711 1940 scientia.
746 1896 805 1938 Ut
829 1906 994 1938 constat
1018 1910 1068 1937 ex
1089 1893 1268 1950 Logica,
1295 1888 1521 1948 multiplex

95 1986 158 2019 est
189 1975 310 2017 vocis
359 1973 502 2031 huius,
548 1974 728 2030 scientia,
773 1973 974 2030 acceptio:
1025 1972 1159 2016 modo
1199 1972 1313 2015 enim
1347 1969 1526 2023 latiore,..

96 2051 230 2095 modo
265 2052 477 2110 pressiore
499 2067 627 2095 sensu
651 2063 893 2108 usurpatur.
919 2075 975 2083 -
998 2050 1171 2093 Latiore
1195 2064 1320 2091 sensu
1346 2045 1519 2089 scientia

95 2128 250 2172 dicitur
283 2130 455 2187 quaevis
490 2129 701 2184 cognitio,
727 2130 815 2171 sive
839 2128 893 2170 sit
927 2127 1053 2170 unius
1087 2126 1294 2184 simplicis
1328 2124 1518 2168 veritatis

101 2207 189 2250 sive
223 2206 413 2263 plurium
446 2207 674 2250 veritatum
708 2207 818 2249 inter
851 2222 894 2249 se
929 2220 1216 2248 connexarum
1251 2202 1301 2246 ad
1335 2215 1522 2260 systema

96 2283 315 2342 quoddam
350 2284 638 2338 efficiendum,
672 2284 760 2326 sive
794 2284 848 2326 sit
898 2283 1087 2340 cognitio
1122 2297 1195 2339 per
1244 2280 1519 2324 demonstra-

97 2361 259 2404 tionem
293 2360 432 2405 habita
463 2362 552 2405 sive
586 2377 688 2415 non,
723 2362 811 2404 sive
862 2361 915 2403 sit
950 2360 1141 2416 cognitio
1175 2374 1273 2401 vera
1324 2369 1363 2400 et
1411 2367 1523 2399 certa

96 2438 162 2481 vel
197 2455 335 2483 secus.
359 2440 495 2483 Sensu
530 2451 673 2482 autem
707 2439 919 2497 pressiore
954 2449 1017 2481 est
1049 2449 1237 2495 systema
1276 2433 1523 2478 conclusio-

100 2531 203 2558 num
239 2516 645 2570 demonstratarum,
680 2531 786 2574 quae
820 2531 971 2559 omnes
1006 2515 1114 2558 circa
1147 2529 1282 2557 unum
1322 2512 1523 2570 idemque

100 2592 315 2636 obiectum
349 2606 588 2645 versantur,
623 2592 905 2650 eiusdemque
939 2608 1082 2635 veram
1117 2604 1156 2634 et
1191 2603 1348 2633 certam
1397 2605 1534 2648 prae-⁷
