1734 2784
724 142 988 198 —383—

142 246 205 278 est
238 235 428 293 primurn
461 236 505 279 in
538 251 814 296 unoquoque.
850 239 1044 283 Iamvero
1078 241 1112 282 si
1148 242 1202 284 ita
1237 258 1302 286 res
1335 258 1380 287 se
1414 243 1564 298 habet,

141 307 270 350 nimis
303 318 366 351 est
415 307 721 363 manifestum,
755 309 872 368 quod
915 310 982 354 lex
1029 312 1215 369 positiva
1261 315 1570 374 praesupponit

140 378 409 423 naturalem:
450 379 688 424 secundum
724 381 838 425 enim
887 384 1195 441 praesupponit
1244 386 1433 443 primum
1456 423 1466 441 ,
1502 388 1568 430 cui

142 449 352 494 succedat.

262 521 400 565 Porro
434 523 602 568 secundo
636 524 702 568 lex
755 525 937 583 positiva
984 528 1290 585 praesupponit
1331 529 1567 574 naturalem

140 605 362 652 tamquam
391 593 739 651 fundamentum,
764 597 807 639 in
840 613 927 656 quo
952 598 1162 657 innititur,
1185 600 1251 643 vel
1286 599 1436 644 saltem
1459 614 1566 645 tam-

140 680 268 724 quam
303 667 600 712 conditionem
636 669 929 713 necessariam.
956 670 1125 714 Etenim
1149 671 1214 715 lex
1239 673 1420 729 positiva
1442 689 1567 732 prae—

140 740 346 798 supponit
380 739 481 784 haec
515 740 602 784 duo
647 742 869 800 principia:
915 743 1009 786 Deo
1059 743 1443 803 obtemperandum
1488 757 1566 800 est,

138 823 241 855 tunc
272 813 398 856 etiam
434 828 531 856 cum
567 813 771 872 praecipit
802 812 885 871 illa,
909 830 1015 872 quae
1049 830 1122 873 per
1154 831 1197 859 se
1231 831 1318 860 non
1351 817 1566 875 pertinent

139 882 190 927 ad
222 884 455 928 naturalem
502 884 792 938 honestatem,
838 886 1027 945 itemque
1072 886 1456 946 obtemperandum
1502 902 1565 933 est

136 954 343 1013 legitimis
366 957 446 1000 Dei
481 957 688 1001 ministris
727 969 935 1016 potestate
971 957 1049 1001 sibi
1082 975 1103 1002 a
1137 960 1234 1003 Deo
1269 975 1468 1004 concessa
1500 959 1565 1004 le-

140 1028 293 1086 gitime
326 1027 559 1072 utentibus.
592 1028 675 1074 Sed
710 1029 810 1073 haec
845 1040 943 1072 sunt
980 1030 1186 1089 principia
1219 1031 1326 1089 legis
1350 1031 1565 1076 naturalis.

138 1100 255 1158 Ergo
294 1099 360 1144 lex
385 1102 570 1160 positiva
604 1102 912 1159 praesupponit
942 1100 1080 1159 legem
1106 1102 1339 1146 naturalem
1365 1103 1568 1147 alterutro

139 1170 231 1225 illo,
268 1188 396 1231 quem
433 1173 624 1216 diximus
659 1171 792 1216 modo
825 1173 908 1231 (1).

263 1245 388 1298 Quae
440 1247 591 1289 veritas
628 1245 778 1289 clarius
829 1246 954 1288 etiam
991 1259 1174 1303 apparet,
1224 1248 1257 1289 si
1307 1247 1565 1291 nominatim

137 1315 366 1375 loquamur
401 1317 452 1361 de
485 1318 578 1375 lege
614 1318 799 1362 humana
834 1318 957 1375 civili,
987 1334 1094 1376 quae
1122 1317 1206 1362 fere
1232 1334 1317 1362 non
1352 1331 1413 1363 est
1438 1319 1566 1375 aliud,

232 1552 289 1596 (1)
319 1549 418 1586 Haec
448 1551 553 1586 valde
581 1552 678 1586 utilia
717 1551 848 1586 addam
876 1562 918 1586 ex
957 1552 1139 1594 Suaresio,
1169 1552 1212 1586 de
1249 1551 1313 1598 leg.
1344 1552 1365 1586 1.
1393 1551 1438 1586 ΙΙ.
1470 1563 1501 1588 c.
1531 1562 1563 1598 9.

134 1622 232 1645 num.
267 1620 331 1655 13.:
364 1626 380 1642 «
398 1612 577 1657 Respectu
596 1611 831 1657 obligationis
851 1611 1132 1657 supernaturalis
1152 1612 1399 1657 provenientis
1418 1622 1459 1646 ex
1481 1612 1560 1658 lege

133 1670 253 1705 divina
280 1670 434 1716 positiva
463 1670 756 1717 distinguendum
785 1671 930 1706 ulterius
958 1680 1010 1706 est
1038 1671 1155 1718 quoad
1183 1670 1385 1707 naturalem
1426 1671 1558 1718 legem.

130 1729 225 1764 Nam
253 1731 281 1765 si
308 1730 499 1777 loquamur
528 1731 570 1765 de
596 1730 656 1764 illa
686 1731 766 1777 lege
796 1731 960 1773 naturali,
989 1742 1079 1777 quae
1107 1731 1338 1766 connaturalis
1356 1735 1402 1765 est
1427 1733 1561 1777 gratiae

131 1789 230 1835 (vide
248 1802 337 1838 quae
356 1791 424 1825 dix.
445 1791 479 1824 in
507 1801 585 1837 pag.
611 1799 671 1835 375
694 1789 814 1825 adnot.
840 1791 899 1834 1.)‚
921 1790 1048 1825 eodem
1075 1791 1187 1825 modo
1217 1790 1486 1837 comparabitur
1515 1791 1557 1825 ad

133 1862 399 1898 quamcumque
428 1852 546 1897 legem
573 1850 765 1897 positivam
793 1850 930 1884 ordinis
957 1849 1252 1896 supernaturalis,
1284 1861 1354 1897 quo
1383 1850 1439 1885 lex
1459 1862 1556 1886 mere

130 1911 302 1945 naturalis
330 1911 371 1944 ad
402 1910 520 1956 legem
549 1910 704 1944 civilem:
747 1922 831 1945 nam
859 1919 910 1945 cst
951 1910 1075 1944 eadem
1105 1910 1305 1957 proportiO.
1341 1910 1420 1946 Irno
1461 1910 1555 1946 idem

132 1969 324 2005 dicendum
353 1979 405 2004 est
434 1969 474 2004 de
503 1970 582 2015 lege
610 1970 767 2004 humana
799 1969 989 2004 canonica,
1007 1969 1102 2004 Nam
1131 1979 1307 2016 quatenus
1335 1970 1498 2016 procedit
1517 1983 1559 2006 ex

130 2039 311 2076 potestate
342 2029 615 2076 supernaturali,
644 2041 706 2075 per
732 2041 767 2064 se
797 2028 965 2065 fundatur
992 2029 1026 2063 in
1055 2029 1241 2076 principiis
1274 2030 1555 2077 supernaturali-

129 2090 194 2125 bus
223 2090 517 2125 connaturalibus
545 2090 611 2135 ipsi
638 2089 786 2135 gratiae3
809 2098 843 2124 et
872 2087 952 2123 ideo
980 2089 1135 2123 mediate
1163 2089 1320 2136 quidem,
1343 2098 1464 2124 tamen
1494 2101 1557 2136 per

129 2160 167 2185 se
193 2158 226 2185 et
255 2149 481 2185 connaturali
510 2143 621 2183 rno'do
651 2159 693 2183 ex
713 2148 772 2183 illa
800 2149 923 2191 oritur,
951 2157 987 2184 ut
1008 2161 1050 2184 cx
1068 2159 1175 2184 causa
1202 2149 1464 2184 universaliori.
1484 2149 1555 2185 Lo-

129 2209 272 2256 quendo
301 2219 420 2244 autem
449 2208 491 2242 de
519 2208 671 2243 naturali
698 2208 776 2254 lege.¹
806 2209 918 2254 magis
945 2208 1078 2250 stricte,
1107 2217 1144 2243 ut
1171 2217 1224 2243 est
1251 2220 1270 2243 a
1299 2208 1379 2244 solo
1416 2209 1555 2244 lumine

128 2277 293 2311 naturae,
322 2268 370 2303 sic
399 2267 545 2316 quidem
574 2268 680 2303 etiam
709 2267 884 2314 obligatio
912 2268 1189 2314 supernaturalis
1218 2277 1268 2303 est
1295 2268 1416 2316 aliquo
1436 2269 1550 2304 modo

129 2327 280 2364 effectus
307 2329 400 2376 legis
427 2328 534 2371 illius,
575 2339 648 2362 non
687 2337 807 2362 tamen
836 2333 899 2374 per
926 2340 974 2371 se,
1002 2327 1064 2362 sed
1104 2338 1242 2363 tantum
1272 2340 1335 2374 per
1374 2328 1552 2364 accidens.

127 2386 290 2424 Priorem
317 2395 458 2434 partem
485 2387 636 2434 probant
665 2387 828 2433 superius
855 2385 1019 2422 adducta.
1047 2387 1153 2422 Ratio
1181 2396 1301 2423 autem
1340 2388 1552 2434 posterioris

127 2447 236 2494 partis
263 2455 328 2490 cst,
359 2447 438 2494 quia
466 2446 634 2481 naturalis
664 2446 826 2492 cognitio
855 2458 929 2481 non
957 2455 1075 2493 potest
1103 2458 1180 2481 esse
1208 2458 1315 2482 causa
1344 2458 1406 2493 per
1433 2458 1471 2482 se
1490 2459 1552 2482 su-

126 2507 364 2553 pernaturalis
392 2507 622 2554 cognitionis,
643 2517 723 2541 cum
751 2507 794 2541 sit
814 2505 995 2556 inferioris
1022 2505 1172 2542 ordinis:
1194 2516 1313 2553 potest
1333 2516 1454 2542 autem
1475 2518 1552 2542 esse

126 2567 272 2603 conditio
297 2568 498 2608 necessaria,
527 2577 562 2602 ut
590 2566 787 2613 applicetur
813 2567 998 2603 obiectum
1026 2567 1243 2602 sufficienter
1264 2567 1466 2614 cognitioni
1494 2578 1550 2601 su-

125 2627 355 2674 pernaturali,
383 2637 419 2662 ut
447 2638 487 2662 ex
516 2627 663 2662 materia
692 2626 734 2662 dc
761 2626 829 2662 fide
857 2636 1011 2662 constat.
1040 2628 1119 2663 Hoc
1162 2639 1248 2674 ergo
1278 2627 1388 2662 modo
1429 2634 1549 2673 potest
