1734 2784
773 131 829 140 -
865 120 948 162 354
980 132 1039 138 ‘-

312 202 437 246 Unde
472 201 552 244 hoc
585 202 712 243 statui
747 213 885 258 potest
920 201 1190 259 principium:
1225 200 1360 245 fidelis
1393 201 1498 260 legis
1532 218 1611 246 na-

189 274 334 317 turalis
369 272 561 316 custodia
584 271 634 314 ad
659 272 822 314 exitum
858 287 993 330 usque
1028 272 1220 315 mortalis
1254 271 1381 315 huius
1413 273 1524 316 vitae
1547 285 1611 317 est

191 345 382 388 medium
417 344 612 400 sufficiens
645 356 684 385 et
719 344 985 386 necessarimn
1018 341 1069 386 ad
1103 342 1457 400 consequendum
1480 342 1613 388 finem

191 417 407 459 ultimum.
440 416 572 473 Atqui
607 415 679 472 qui
712 413 881 458 adhibet
917 414 1111 458 medium
1154 414 1351 472 sufficiens
1384 414 1434 458 ad
1466 414 1614 473 finem,

191 490 225 530 is
261 486 451 545 profecto
484 484 612 528 finem
648 486 939 543 consequitur.
973 486 1045 543 qui
1077 500 1164 528 non
1198 484 1368 529 adhibet
1416 485 1613 529 medium

191 559 453 603 necessarium
487 556 536 600 ad
568 555 713 613 finem,
747 557 779 598 is
814 572 912 600 sane
945 555 1073 600 finem
1107 557 1276 600 amittit:
1321 557 1394 615 qui
1427 556 1614 601 ambulat

190 631 232 673 in
265 631 331 671 via
364 640 487 681 recta,
527 629 560 670 is
595 629 801 685 pervenit,
836 629 909 685 qui
942 629 1146 671 avertitur
1179 627 1227 671 ab
1261 629 1384 671 unica
1426 641 1466 672 et
1499 641 1613 673 recta

189 703 269 758 via,
303 702 336 743 is
370 715 457 743 non
490 700 682 757 pervenit
716 698 766 742 ad
798 700 1045 742 terminum.
1085 700 1200 757 Ergo
1244 699 1463 744 custodiae
1505 700 1611 759 legis

190 771 388 817 naturalis
422 771 652 829 respondet
685 772 949 827 consecutio,
983 771 1160 829 eiusque
1187 770 1408 814 violationi
1431 787 1610 830 respon-

190 844 259 887 det
277 843 451 886 amissio
474 842 568 885 finis
591 841 744 885 ultimi.
762 866 821 874 —
837 842 938 884 Dixi
969 843 1135 885 amissio
1153 842 1180 884 i.
1199 857 1233 885 e.
1258 841 1446 885 exclusio
1469 857 1492 885 a
1513 841 1611 900 fine,

188 932 276 959 non
310 930 425 958 mera
457 913 553 956 finis
588 913 747 956 dilatio:
782 928 919 970 neque
953 913 1067 955 enim
1101 912 1273 956 allatum
1307 926 1610 970 argumentum

189 986 339 1044 probat
374 1000 536 1028 meram
571 983 836 1039 dilationem,
870 982 943 1026 sed
977 982 1278 1027 omnimodam
1305 999 1327 1027 a
1348 982 1433 1027 fine
1456 983 1609 1028 ultimo

189 1057 495 1109 exclusionem,
529 1070 602 1098 seu
638 1055 772 1112 ipsius
806 1055 1100 1098 amissionem.

307 1129 359 1172 II.
394 1127 587 1171 Exclusio
620 1125 672 1169 ab
704 1126 846 1169 ultimo
871 1125 957 1184 fine
991 1125 1229 1183 respondens
1256 1126 1381 1182 gravi
1412 1125 1506 1182 legis
1536 1141 1609 1169 na-

189 1199 335 1243 taralis
369 1198 582 1241 violationi
614 1206 667 1240 est
699 1211 797 1239 vera
830 1198 982 1239 sanctio
1011 1195 1208 1254 poenalis,
1239 1195 1452 1254 eademque
1479 1204 1608 1254 pror-

187 1287 255 1315 sus
286 1272 406 1314 insta.
443 1295 494 1301 -—
532 1267 667 1322 Quod
701 1268 754 1310 sit
787 1283 887 1311 vera
919 1268 1070 1311 sanctio
1098 1267 1295 1324 poenalis,
1337 1279 1462 1324 patet.
1495 1267 1608 1311 Nam

188 1340 560 1401 quemadmodum
594 1339 764 1397 adeptio
798 1338 909 1391 finis,
945 1354 1051 1396 quae
1085 1338 1302 1381 confertur
1336 1339 1490 1382 intuitu
1524 1338 1606 1382 bo—

186 1428 345 1456 norum
379 1426 575 1469 operum,
609 1409 732 1453 habet
766 1411 975 1453 rationem
1004 1410 1197 1466 praemii;
1221 1410 1275 1452 ita
1298 1409 1474 1453 amissio
1496 1408 1607 1467 finis,

187 1500 292 1541 quae
325 1483 556 1526 incurritur
588 1482 746 1524 intuitu
780 1480 994 1524 malorum
1028 1495 1224 1538 operum,
1248 1479 1370 1524 habet
1397 1481 1606 1525 rationem

186 1570 362 1613 poenae.

305 1623 441 1678 Quod
473 1636 617 1667 autem
650 1623 703 1665 sit
736 1624 900 1666 sanctio
936 1623 1045 1666 iusta
1080 1639 1129 1665 ex
1152 1638 1203 1665 eo
1226 1621 1373 1680 liquet,
1396 1622 1513 1680 quod
1535 1622 1606 1667 ille

185 1697 257 1753 qui
291 1695 475 1752 graviter
496 1694 635 1751 legem
658 1693 842 1751 aliquam
874 1693 1018 1745 violat,
1054 1692 1230 1736 offendit
1256 1695 1440 1750 Regem,
1473 1710 1495 1737 a
1518 1709 1605 1752 quo

183 1766 250 1809 lex
283 1767 362 1808 lata
395 1778 474 1818 est,
510 1780 696 1822 eumque
730 1765 979 1807 contemnit.
1016 1764 1131 1807 Cum
1155 1765 1293 1821 itaque
1316 1763 1382 1806 lex
1404 1764 1605 1807 naturalis

183 1839 237 1879 sit
273 1837 428 1889 divina,
462 1837 725 1894 quicumque
758 1851 851 1878 eam
874 1836 1057 1892 graviter
1079 1834 1404 1892 transgreditur,
1428 1834 1605 1879 offendit

182 1909 429 1966 spernitque
462 1909 607 1951 Deum
640 1906 750 1949 illius
785 1906 891 1964 legis
926 1919 1163 1959 auctorem,
1209 1905 1500 1964 eumdemque
1534 1905 1602 1949 ul-

180 1982 338 2022 timum
371 1979 561 2022 hominis
609 1977 752 2022 finem.
801 1979 932 2035 Atqui
965 1978 1014 2031 is,
1063 1979 1135 2035 qui
1178 1977 1339 2020 bonum
1387 1976 1603 2035 finemque

182 2052 357 2109 spernit,
390 2050 592 2107 indignus
626 2065 726 2093 sane
758 2062 821 2093 est
855 2050 928 2107 qui
961 2049 1011 2092 ad
1044 2048 1147 2092 boni
1178 2048 1291 2092 illius
1329 2049 1602 2092 consecutio-

181 2138 281 2166 nem
315 2122 579 2175 admittatur,
615 2121 769 2178 dignus
804 2136 902 2164 sane
951 2133 1014 2164 est
1047 2122 1118 2178 qui
1161 2135 1212 2164 eo
1245 2121 1434 2178 privetur
1476 2132 1602 2177 atque

180 2193 227 2236 ab
262 2195 351 2236 eius
386 2194 653 2237 assecutione
687 2191 860 2235 excidat.
898 2193 1012 2250 Ergo
1047 2193 1309 2250 quicumque
1348 2190 1487 2247 legem
1520 2206 1599 2233 na-

179 2265 359 2308 turalem
393 2266 577 2322 graviter
614 2264 759 2321 violat,
802 2265 835 2306 is
881 2263 1036 2320 dignus
1083 2278 1181 2306 sane
1230 2274 1306 2319 est,
1345 2262 1417 2320 qui
1451 2277 1472 2304 a
1504 2260 1600 2304 finis

178 2336 318 2378 ultimi
351 2337 618 2379 assecutione
651 2334 910 2378 excludatur.
945 2335 1093 2392 Itaque
1127 2334 1301 2376 amissio
1334 2332 1430 2375 finis
1455 2331 1596 2375 ultimi

178 2421 315 2462 poena
349 2419 410 2448 est
445 2422 521 2463 pro
546 2406 689 2463 impiis
724 2406 905 2448 omnino
939 2405 1060 2447 iusta.

298 2476 372 2519 III.
407 2477 496 2518 Etsi
527 2478 578 2519 sit
605 2485 734 2533 poena
767 2477 890 2531 iusta,
924 2491 1004 2518 non
1038 2484 1171 2518 tamen
1204 2483 1261 2518 est
1291 2473 1486 2531 sufficiens
1515 2473 1597 2515 im-

170 2546 337 2602 piorum
365 2547 540 2603 punitio,
573 2545 640 2588 sed
672 2546 897 2603 requiritur
932 2553 977 2587 nt
1008 2545 1230 2589 exclusioni
1260 2543 1310 2586 ab
1342 2543 1487 2587 ultimo
1512 2541 1597 2600 fine
