1734 2784
783 61 1046 115 —316—

201 160 266 202 lex
301 160 399 201 haec
433 157 553 200 habet
584 156 740 200 librum
772 154 837 198 vel
872 153 1078 210 codicem,
1112 153 1155 195 in
1189 167 1276 210 quo
1311 151 1510 208 inscripta
1559 159 1623 192 est

205 246 330 272 manu
366 230 496 287 ipsius
530 229 629 284 Dei,
652 228 793 284 ipsum
828 240 982 282 nempe
1017 239 1090 267 cor
1123 223 1325 279 hominis,
1348 220 1465 279 quod
1499 235 1620 264 secus

203 318 247 345 ac
272 302 396 344 ceteri
431 299 598 343 codices
634 311 695 342 est
729 297 863 341 codex
887 298 1085 350 internus,
1120 297 1243 339 vivus
1277 307 1401 352 atque
1425 294 1546 336 vivus
1579 293 1621 334 in

203 388 350 416 aevum
373 372 457 430 (1).

684 535 851 577 TiffisIs
885 533 1139 577 XXXVIII.

211 669 357 711 Utzitas
390 669 509 709 etiam
544 667 629 708 inre.
662 673 881 709 recensetur
913 665 1017 707 inter
1038 664 1143 707 dotes
1165 663 1256 720 legis
1280 662 1500 706 naturalis.
1520 663 1623 707 Pri-

322 753 433 780 mum
465 746 599 779 aulem
633 738 675 779 in
707 735 846 779 ordine
892 736 1127 792 cognitionis
1170 734 1432 792 principium,
1466 734 1509 776 in
1541 748 1616 791 quo

320 818 443 852 cetera
497 808 703 851 naturalis
757 807 850 862 legis
897 814 1107 864 praecepta
1157 806 1369 859 unimam,
1410 805 1549 848 merito
1597 819 1622 847 a

320 896 348 923 5.
393 879 548 923 Thomu
581 889 617 922 et
648 894 674 921 a
711 879 957 922 Scholasticis
989 879 1219 935 assignatur
1250 879 1329 921 hoc:
1369 878 1529 920 Bonum
1562 885 1616 920 est

312 951 550 1008 jaciendum
583 961 616 994 et
652 951 806 993 malum
839 950 1070 993 vitandum.

327 1097 419 1137 113.
445 1083 824 1125 DffiioNsTRA’rio.
850 1082 880 1124 I.
906 1082 993 1124 Lex
1015 1081 1216 1124 naturalis
1241 1092 1303 1124 est
1327 1095 1426 1123 una.
1452 1081 1621 1133 Quam-

203 1155 264 1195 vis
300 1155 413 1196 enim
450 1152 700 1210 multiplicia
733 1154 947 1196 contineat
980 1164 1214 1210 praecepta,
1238 1152 1339 1195 hacc
1361 1164 1505 1195 tamen
1530 1167 1623 1193 om-

202 1226 269 1266 nia
316 1237 409 1267 tum
459 1224 703 1267 conducunt
750 1223 800 1267 ad
834 1240 970 1266 unum
1004 1223 1290 1281 eumdemque
1339 1222 1482 1276 finem,
1527 1235 1621 1265 tum

203 1295 439 1353 procedunt
472 1295 520 1338 ab
557 1311 644 1338 uno
679 1296 920 1353 eodemque
954 1308 1141 1338 auctore.
1175 1295 1289 1351 Ergo
1316 1295 1539 1347 uniuntur,
1576 1306 1622 1336 ut

203 1368 423 1411 Suaresius
468 1367 646 1424 explicat
678 1367 764 1425 (2),
819 1385 838 1408 «
871 1368 913 1410 in
948 1383 1035 1410 uno
1082 1366 1179 1420 fine,
1214 1379 1253 1409 et
1287 1368 1329 1409 in
1362 1382 1448 1409 uno
1492 1367 1620 1410 etiam

204 1451 375 1481 auctore
408 1455 481 1481 seu
517 1437 773 1495 legislatore.
809 1457 831 1478 ›>
871 1440 996 1492 Quae
1041 1438 1126 1482 duo
1172 1439 1255 1481 iam
1300 1438 1539 1482 sufficerent
1571 1437 1623 1481 ad

203 1509 410 1552 moralem
447 1510 666 1553 unitatem.
701 1535 757 1543 —
790 1512 955 1555 Verum
1003 1510 1138 1552 unitas
1181 1509 1286 1567 legis
1325 1509 1527 1552 naturalis
1571 1524 1622 1552 ex

203 1580 284 1623 alio
318 1581 445 1623 etiam
480 1581 613 1638 capite
646 1580 870 1638 dependet,
905 1582 930 1624 i.
966 1596 1001 1624 e.
1036 1597 1085 1624 ex
1124 1580 1374 1624 reductione
1423 1581 1622 1623 omnium

203 1665 527 1708 praeceptorum
562 1652 817 1695 naturalium
851 1652 901 1696 ad
936 1668 1071 1696 unum
1120 1653 1310 1710 primum
1345 1653 1619 1710 principium:

204 1723 285 1765 hoc
319 1735 460 1766 autem
495 1723 615 1780 quale
648 1724 719 1776 sit,
755 1740 804 1766 ex
838 1736 952 1781 parte
986 1737 1189 1781 sequente
1224 1724 1394 1781 patebit.

322 1795 374 1837 Π.
408 1796 598 1838 Nomine
622 1796 818 1853 principii
843 1796 970 1852 primi
995 1795 1259 1852 intelligitur,
1285 1807 1330 1837 ut
1355 1807 1478 1852 patet,
1501 1793 1619 1847 illud,

200 1865 320 1922 quod
354 1866 463 1908 inter
496 1866 743 1923 multiplicia
775 1866 880 1922 legis
914 1866 1042 1908 huius
1073 1878 1292 1923 praecepta
1316 1878 1430 1908 tenet
1464 1866 1621 1922 prima-

203 1950 307 1979 tum.
342 1936 589 1980 Videndum
623 1950 765 1980 autem
814 1950 877 1980 est
911 1937 962 1980 de
995 1952 1184 1994 quonam
1233 1938 1417 1994 primatu
1468 1936 1545 1979 hac
1578 1937 1622 1978 in

202 2007 312 2050 thesi
345 2021 505 2064 agatur.
540 2034 596 2041 —
618 2009 721 2052 Non
756 2008 823 2051 hic
857 2009 996 2066 agitur
1031 2008 1081 2052 de
1115 2010 1299 2067 primatu
1334 2010 1375 2052 in
1398 2009 1536 2052 ordine
1560 2008 1621 2050 di-

299 2228 355 2272 (1)
382 2227 472 2262 Vide
500 2227 621 2262 locum
661 2240 687 2262 s.
715 2228 908 2274 Augustini
938 2239 1054 2274 super.
1097 2229 1245 2263 allatum
1273 2240 1356 2274 pag.
1397 2237 1492 2273 274:
1528 2227 1620 2262 «Ne

203 2287 267 2319 sibi
295 2287 462 2321 homines
484 2287 617 2334 aliquid
644 2286 796 2322 defuisse
823 2297 1064 2334 quererentur,
1092 2289 1260 2334 scriptum
1279 2297 1331 2322 est
1351 2289 1386 2321 in
1413 2287 1540 2322 tabulis
1567 2287 1622 2332 (in

204 2345 421 2391 Decalogo),
444 2347 539 2393 quod
566 2347 601 2380 in
629 2347 797 2381 cordibus
815 2358 890 2381 non
911 2348 1090 2392 legebant.
1109 2347 1194 2382 Non
1221 2347 1318 2381 enim
1344 2346 1518 2392 scriptum
1545 2357 1619 2380 non

204 2405 394 2447 habebant,
417 2406 478 2440 sed
505 2406 623 2452 legere
651 2406 826 2442 nolebant
852 2415 951 2441 etc.»
983 2405 1037 2442 Cf.
1056 2408 1166 2442 etiam
1196 2407 1231 2441 in
1258 2419 1336 2453 pag.
1356 2417 1428 2452 seq.
1448 2405 1620 2440 testimo-

204 2463 262 2496 nia
290 2476 314 2497 s.
343 2465 558 2510 Hieronymi
586 2474 620 2500 et
647 2477 676 2501 S.
704 2465 806 2501 Pauli
823 2466 950 2511 Apost.

299 2522 355 2566 (2)
383 2523 437 2557 De
465 2523 533 2568 leg.
561 2524 582 2557 1.
611 2524 650 2557 ΙΙ,
681 2535 708 2558 c.
738 2523 768 2558 8.
798 2535 832 2559 n.
861 2533 890 2558 2.

1696 825 1722 909 ..aspa—3
1702 769 1713 780 o

1702 1042 1716 1071 '‹

1705 1076 1715 1108 ἕ

1707 1115 1711 1124 ,
