1734 2784
688 104 952 147 -217-

105 186 299 231 liberum:
317 201 423 243 ergo
450 187 618 240 minuit,
636 201 723 230 non
749 199 892 230 tamen
915 186 1025 231 tollit
1048 187 1423 246 imputabilitatem
1443 188 1528 248 (1).

105 257 300 313 Coactio,
335 258 370 300 si
401 256 593 302 absoluta
624 259 694 311 sit,
729 258 840 302 tollit
872 258 1079 302 liberum:
1105 275 1209 317 ergo
1238 259 1375 303 aufert
1399 261 1528 304 etiam

105 327 492 387 imputabilitatem.
528 330 629 373 Non
663 331 767 373 item
801 330 1070 373 consuetudo
1104 346 1178 373 seu
1230 330 1422 385 habitus,
1456 333 1529 390 qui

104 399 477 458 quemadmodum
510 415 598 443 non
622 400 777 444 tollunt
810 400 1006 459 liberum,
1024 403 1080 445 itit
1102 417 1155 445 ne
1173 401 1329 446 tollunt
1354 402 1527 460 quidem

104 470 491 529 imputabilitatem.
528 473 708 529 Egimus
742 473 792 516 de
817 472 883 515 his
908 473 1108 516 omnibus
1139 475 1335 531 superius
1353 474 1439 532 (2),
1458 474 1529 517 ubi

103 542 310 584 nimirum
344 543 641 600 quaestionem
676 545 940 586 instituimus
989 544 1040 587 de
1087 545 1151 597 iis,
1186 560 1293 602 quae
1341 544 1528 588 influunt

104 614 149 656 in
169 613 463 657 voluntarium
500 627 538 657 et
571 614 780 659 liberum:
816 631 862 658 ea
894 631 1024 673 vero,
1058 631 1164 674 quae
1211 615 1266 658 ibi
1316 615 1529 672 diximus,

103 685 221 729 facile
263 699 447 744 possunt
491 701 532 730 et
567 688 745 730 omnino
782 687 933 731 debent
982 688 1080 731 huic
1123 688 1242 731 alteri
1288 688 1529 745 quaestioni

109 756 322 815 applicari.

220 830 272 872 II.
309 829 508 886 Effectus,
542 832 613 888 qui
647 847 745 873 cum
778 832 943 874 actione
968 844 1293 885 connectuntur,
1319 848 1369 874 ex
1393 846 1525 888 eaque

104 900 256 953 fluunt,
274 913 376 943 tunc
410 914 509 944 sunt
533 902 803 959 imputabiles
828 902 899 956 illi,
923 903 994 960 qui
1020 903 1228 945 actionem
1255 918 1328 945 seu
1356 917 1527 945 causam

104 973 266 1029 posuit,
303 972 472 1029 quando
508 975 674 1030 possint
707 990 752 1016 ac
786 974 962 1017 debeant
1007 976 1167 1017 censeri
1213 974 1441 1017 voluntarii
1485 985 1525 1017 et

102 1042 222 1085 liberi
265 1043 413 1087 saltem
463 1046 504 1087 rin
537 1046 617 1088 aliu
656 1062 729 1088 seu
774 1047 814 1087 in
858 1060 995 1089 causa.
1041 1045 1098 1088 Ea
1147 1045 1215 1088 hic
1264 1043 1524 1096 recolantur,

104 1130 211 1172 quae
243 1115 328 1157 iam
363 1117 561 1174 superius
596 1117 795 1173 diximus,
831 1116 901 1159 ubi
935 1116 1165 1159 voluntarii
1196 1117 1453 1159 divisionem
1488 1116 1529 1157 in

102 1186 397 1229 voluntarium
431 1189 474 1230 in
506 1203 542 1230 se
575 1201 615 1231 et
648 1188 943 1231 voluntarium
982 1191 1021 1231 in
1046 1189 1125 1231 cilio
1151 1187 1420 1231 tradebamus
1443 1186 1528 1245 (3).

222 1258 292 1301 III.
330 1258 434 1301 Non
471 1259 603 1302 modo
636 1262 700 1302 sui
732 1262 884 1317 cuique
928 1273 1075 1317 actim,
1126 1259 1199 1302 sed
1232 1260 1359 1302 etiam
1408 1259 1532 1301 alieni

104 1328 360 1386 quandoque
395 1341 509 1372 actus
544 1330 815 1387 imputabiles
848 1346 940 1374 esse
983 1344 1178 1388 possunt.
1230 1331 1378 1373 Potest
1413 1330 1528 1372 enim

104 1400 208 1444 alter
241 1403 464 1460 cooperari
502 1404 656 1446 actioni
691 1403 878 1455 alterum,
914 1420 987 1446 seu
1025 1419 1114 1446 esse
1139 1419 1261 1445 causa
1286 1402 1531 1446 voluntaria

102 1608 220 1644 parata
247 1598 457 1635 inferuntur.
487 1600 564 1633 Huc
592 1609 753 1644 spectant
783 1612 858 1640 eae,
888 1611 975 1644 quae
1022 1599 1088 1632 dici
1134 1599 1252 1633 solent
1295 1601 1529 1632 circumstan-

104 1659 174 1693 tiae
198 1659 442 1701 immimcmtes,
472 1670 633 1705 quaeque
661 1668 781 1692 tamen
809 1671 883 1692 non
904 1667 996 1700 sunt,
1013 1668 1050 1693 ut
1077 1658 1242 1692 nonnulli
1264 1657 1356 1692 falso
1384 1666 1524 1703 putant,

103 1719 391 1753 circumstantiae
417 1719 676 1754 determinantes
703 1719 746 1752 ad
773 1731 892 1753 unum.

200 1779 256 1824 (1)
285 1780 367 1823 Qua
394 1780 429 1814 in
457 1791 493 1814 re
520 1781 645 1813 erravit
673 1779 883 1821 Pufeiidorf‚
911 1779 952 1812 de
980 1778 1041 1813 oli'.
1072 1778 1172 1812 hom.
1200 1787 1233 1813 et
1253 1778 1320 1812 civ.
1348 1777 1370 1811 l.
1395 1788 1421 1811 1.
1447 1788 1476 1811 c.
1495 1788 1523 1813 1.

115 1838 144 1883 §.
165 1847 244 1880 24:
268 1853 285 1868 «
304 1838 474 1884 Imputari
503 1850 645 1884 quoque
664 1850 737 1872 non
757 1847 916 1883 possunt,
943 1850 1030 1883 quae
1059 1838 1136 1883 quis
1166 1845 1290 1871 coacte
1316 1838 1446 1882 patitur
1465 1846 1525 1871 aut

106 1898 191 1943 agit.
217 1897 321 1932 Talia
349 1898 446 1932 enim
474 1898 614 1932 amoliri
643 1907 702 1932 aut
729 1897 898 1943 defugere
937 1909 1040 1943 supra
1076 1898 1186 1943 ipsius
1230 1898 1323 1931 vires
1369 1898 1527 1942 positum

106 1956 326 2002 intelligitur.
354 1956 446 2003 Cogi
475 1967 595 1992 autem
623 1958 778 1990 dicimur
799 1956 932 2002 duplici
952 1957 1084 1991 modo:
1108 1977 1149 1981 —
1171 1968 1245 1990 uno
1273 1956 1416 2002 quando
1438 1956 1529 1990 alius

108 2015 283 2050 valentior
308 2028 369 2062 per
395 2016 607 2052 violentiam
636 2024 757 2050 nostra
787 2018 949 2050 membra
985 2017 1026 2050 ad
1070 2016 1204 2062 aliquid
1249 2016 1429 2061 agendum
1469 2025 1529 2049 aut

108 2076 314 2121 patiendum
343 2076 501 2122 applicat
530 2077 721 2116 -altero,
751 2077 777 2110 si
822 2078 1004 2122 potentior
1047 2088 1156 2123 grave
1201 2077 1347 2123 aliquod
1392 2076 1529 2110 malum

105 2136 269 2169 cominus
294 2135 445 2170 intentet
473 2137 598 2182 (idque
635 2137 758 2170 statim
798 2135 1090 2181 repraesentandi
1119 2136 1327 2171 facultatem
1369 2136 1529 2179 habeat),

105 2195 173 2229 nisi
200 2194 293 2229 ultro
321 2206 389 2229 nos
415 2196 458 2229 ad
485 2196 618 2242 aliquid
648 2195 854 2229 faciendum
884 2207 1096 2230 moveamus
1142 2206 1199 2231 aiut
1229 2209 1246 2230 a
1277 2195 1442 2230 faciendo
1470 2196 1531 2229 ab·

105 2254 343 2289 stineamus.»
364 2255 421 2290 Cf.
448 2256 608 2289 eiusdem
636 2255 793 2289 auctoris
820 2266 920 2300 opus,
948 2255 990 2289 de
1019 2255 1092 2289 iure
1136 2264 1207 2289 nat.
1237 2265 1269 2290 et
1311 2264 1409 2300 gent.
1450 2255 1474 2289 l.
1503 2256 1528 2288 Ι.

106 2325 138 2349 ε.
167 2324 195 2357 5.
224 2314 253 2360 §-
281 2324 313 2359 9.
341 2315 504 2349 Iamvero
533 2326 717 2360 perperam
746 2326 798 2355 ea,
826 2326 915 2360 quae
945 2315 1032 2349 siunt
1061 2326 1102 2349 ex
1130 2315 1334 2353 coactione,
1358 2315 1530 2360 aequipa-

108 2381 229 2408 rantur
254 2373 308 2416 iis,
337 2386 426 2420 quae
444 2386 485 2408 ex
504 2384 602 2408 metu
629 2374 728 2409 siunt.
746 2375 837 2409 Vide
865 2386 917 2417 ea,
939 2387 1027 2421 quae
1057 2374 1214 2409 diximus
1233 2375 1267 2408 in
1287 2375 1380 2408 thesi
1401 2374 1529 2410 XVII..

107 2433 316 2479 praesertim
342 2445 443 2469 num.
471 2443 526 2478 53.
558 2435 590 2467 iu
620 2434 726 2469 solut.
752 2435 884 2470 obiect.

204 2493 261 2538 (2)
290 2492 350 2528 Cf.
379 2505 458 2539 cap.
487 2494 529 2528 ΙΙ.
557 2503 620 2529 art.
649 2494 708 2528 ΙΙΙ.
737 2506 818 2540 pag.
849 2494 1018 2538 136-163.

205 2551 262 2597 (3)
289 2550 345 2586 Cf.
372 2551 463 2588 thes.
492 2552 586 2588 XIII.
615 2553 717 2589 divis.
745 2560 800 2596 4¹¹¹
826 2553 1033 2590 voluntarii.
