1734 2784
0 2423 18 2488 '’F-‘⁷

120 202 254 230 unum
289 185 450 244 recipit,
473 201 508 229 e.
527 200 567 243 g.
602 183 807 242 studium,
832 184 1011 228 alterum
1037 197 1217 244 recusat,
1250 203 1284 230 e.
1309 202 1350 244 g.
1383 186 1550 242 ludum,

118 258 176 301 ita
208 270 253 301 ut
284 268 430 316 posset
463 256 655 300 studium
689 271 775 299 non
807 256 1011 314 recipere,
1040 255 1191 300 ludum
1216 272 1301 301 non
1331 273 1540 302 recusare.

118 329 326 388 Apposite
375 343 406 372 s.
441 327 638 371 Thomas
687 327 770 387 (1):
809 344 831 368 «
853 328 1081 386 Proprium
1114 328 1235 372 liberi
1269 329 1426 372 arbitrii
1480 342 1543 373 est

118 400 261 444 electio.
296 399 358 443 Ex
390 398 473 442 hoc
507 400 621 443 enim
669 399 787 443 liberi
823 399 983 443 arbitrii
1030 416 1121 444 esse
1170 399 1354 444 dicimur
1378 437 1388 455 ,
1424 402 1541 460 quod

118 486 351 529 possumus
385 486 519 513 unum
554 471 767 529 recipere,
791 471 872 515 alio
908 484 1115 529 recusato,
1133 472 1249 531 quod
1276 487 1337 516 est
1371 472 1540 530 eligere:

119 555 159 586 et
190 541 288 586 ideo
320 555 514 586 naturam
547 542 665 586 liberi
711 544 869 586 arbitrii
919 559 968 587 ex
1015 543 1220 588 electione
1271 545 1537 589 considerare

120 626 341 672 oportet.»
366 613 491 659 Unde
524 613 637 658 idem
673 630 703 658 s.
740 615 906 658 Doctor
938 615 1172 659 libertatem
1222 632 1346 675 saepe
1394 615 1540 660 definit

119 701 212 730 esse
245 688 332 730 vim
363 687 582 730 electivum.
1062 684 1066 687 ’

237 759 348 802 Hinc
397 757 511 802 vides
561 758 803 817 multiplex,
852 760 968 818 quod
1018 761 1255 815 intercedit,
1310 760 1543 805 discrimen

118 833 227 875 inter
247 831 532 875 voluntarium
550 843 589 874 et
613 830 864 875 libe›·mn.-
894 832 934 890 7.)
968 833 1028 875 Ex
1047 833 1112 875 his
1147 833 1314 877 duobus
1353 835 1541 892 primum

119 906 144 947 i.
180 920 214 947 e.
248 901 539 946 voluntarium
572 916 685 960 patet
707 903 843 960 latius,
867 920 995 961 quam
1027 903 1204 948 alterum
1231 906 1255 950 i.
1285 921 1318 950 e.
1344 904 1540 950 liberum.

121 974 348 1019 Manifeste
381 975 497 1018 enim
532 990 684 1018 omnes
718 975 892 1033 quidem
945 977 1129 1020 actiones
1180 977 1407 1021 voluntatis
1443 991 1542 1021 sunt

98 1047 397 1103 voluntariae,
431 1045 505 1089 sed
538 1061 625 1089 non
660 1062 811 1090 omnes
848 1063 979 1105 aeque
1013 1059 1111 1091 sunt
1145 1048 1308 1093 liberae.
1346 1050 1458 1093 Hinc
1491 1065 1544 1093 ex

120 1134 172 1163 eo
206 1120 323 1178 quod
357 1131 473 1163 actus
523 1119 576 1161 sit
610 1118 891 1175 voluntarius,
942 1136 1161 1178 perperam
1214 1121 1545 1166 concluderetur

123 1207 222 1236 eum
256 1206 348 1235 esse
382 1192 511 1235 etiam
546 1191 742 1248 liberum,
786 1193 1025 1250 pariterque
1074 1210 1121 1235 ex
1171 1209 1221 1236 eo
1265 1193 1382 1252 quod
1426 1206 1542 1237 actus

120 1279 208 1308 non
242 1265 294 1307 sit
329 1263 447 1321 liber,
483 1278 701 1322 perperam
740 1263 1065 1307 concluderetur
1114 1281 1213 1308 eum
1254 1281 1305 1308 ne
1338 1265 1540 1309 volunta-

122 1338 233 1380 rium
254 1335 429 1394 quidem
451 1336 676 1395 esse—5)
690 1335 891 1379 Liberum
913 1338 1219 1395 praesupponit
1238 1337 1543 1395 voluntarium,

121 1410 245 1467 eique
279 1407 439 1466 aliquid
471 1407 730 1466 superaddit,
766 1409 944 1451 activam
980 1425 1134 1467 nempe
1169 1426 1218 1453 ex
1252 1422 1368 1468 parte
1392 1411 1542 1454 volun-

121 1481 233 1538 tatis,
266 1497 287 1524 a
321 1496 403 1539 qua
435 1480 604 1538 pendet,
640 1479 967 1524 indifferentiam
1002 1483 1043 1523 in
1078 1482 1260 1539 agendo,
1294 1499 1375 1541 qua
1410 1483 1543 1528 indif-

121 1553 295 1597 ferentia
315 1554 347 1596 si
365 1552 561 1597 voluntas
583 1553 624 1596 in
643 1566 734 1596 actu
770 1552 913 1611 aliquo
949 1565 1096 1611 careat,
1118 1555 1199 1596 iam
1223 1567 1340 1598 actus
1374 1555 1440 1599 ille
1464 1557 1545 1599 erit

121 1626 383 1670 necessarius
417 1642 491 1669 seu
514 1626 729 1669 naturalis.
754 1625 977 1669 Manifeste
1012 1627 1143 1683 igitur
1183 1642 1312 1670 omne
1361 1627 1541 1672 liberum

122 1712 184 1742 est
216 1716 236 1742 a
271 1699 439 1743 fortiori
473 1699 777 1742 voluntarium.
815 1700 926 1742 Hinc
960 1700 992 1741 si
1027 1711 1143 1742 actus
1178 1715 1264 1742 non
1304 1701 1356 1744 sit
1392 1700 1545 1744 volun-

121 1772 265 1829 tarius,
298 1789 318 1815 a
353 1772 522 1815 fortiori
560 1770 754 1814 concludi
790 1770 912 1814 debet
947 1771 1147 1815 eumdem
1183 1787 1269 1815 non
1311 1789 1404 1816 esse
1438 1772 1545 1816 libe-

124 1860 237 1897 rum,
258 1845 498 1902 pariterque
533 1845 565 1886 si
590 1856 705 1887 actus
732 1844 784 1885 sit
807 1843 924 1896 liber,
950 1859 969 1886 a
993 1843 1160 1886 fortiori
1194 1843 1392 1888 concludi
1423 1844 1545 1889 debet

123 1910 324 1959 cumdem
345 1931 434 1959 esse
454 1915 759 1959 voluntarium.
783 1941 838 1947 —
866 1915 909 1972 γ)
944 1915 1079 1968 Quod
1097 1917 1206 1959 actio
1225 1916 1457 1960 voluntatis
1493 1919 1545 1960 sit

123 1986 374 2041 voluntaria,
394 1987 476 2031 hoc
509 2001 571 2031 est
605 1987 760 2044 aliquid
788 1988 942 2030 actioni
968 1987 1197 2032 voluntatis
1224 1989 1278 2032 ita
1303 1990 1542 2043 essentiale,

123 2072 169 2103 ut
203 2059 251 2103 ab
286 2075 331 2103 ea
364 2072 544 2118 nequeat
578 2058 748 2102 abesse:
784 2058 899 2117 quod
934 2072 1074 2102 autem
1109 2061 1161 2102 sit
1196 2059 1338 2114 libera,
1374 2060 1455 2104 hoc
1480 2075 1541 2104 cst

122 2131 278 2190 aliquid
303 2132 458 2175 actioni
481 2131 711 2174 voluntatis
737 2130 1001 2185 accidentale,
1026 2144 1234 2189 quatenus
1264 2132 1311 2175 ab
1331 2148 1375 2176 ea
1400 2144 1541 2190 potest

123 2202 280 2247 abesse.
320 2221 340 2244 «
375 2202 648 2260 Exemplum,
684 2215 728 2244 ut
763 2203 900 2260 inquit
934 2204 1122 2246 Becanus
1155 2204 1244 2262 (2),
1272 2203 1475 2247 habemus
1504 2205 1548 2246 in

124 2291 270 2319 amore
303 2275 423 2334 (erga
460 2274 627 2332 Deum)
675 2276 766 2317 viae
811 2287 850 2317 et
896 2276 1065 2332 patriae,
1107 2277 1175 2333 qui
1184 2310 1265 2319 ......
1302 2277 1342 2318 in
1386 2277 1451 2318 via
1485 2288 1548 2319 est

122 2346 240 2404 liber,
273 2348 315 2390 in
350 2347 481 2405 patria
515 2346 801 2399 necessarius,
838 2364 856 2386 υ
898 2359 935 2390 at
968 2359 1058 2390 tum
1096 2348 1132 2390 in
1171 2348 1234 2390 via
1268 2360 1357 2391 tum
1400 2349 1439 2391 in
1477 2364 1546 2406 pa-

123 2420 200 2462 tria
232 2432 294 2462 est
328 2434 497 2476 semper
531 2417 810 2461 voluntarius.

221 2571 278 2614 (1)
308 2570 346 2602 ln
383 2579 408 2603 1.
436 2579 468 2612 p.
499 2580 529 2614 q.
559 2567 610 2610 85.
642 2580 672 2603 a.
706 2579 734 2611 3.

220 2629 276 2674 (2)
302 2629 390 2664 Loc.
422 2639 534 2675 nuper
561 2629 615 2664 cit.
644 2640 741 2662 num.
772 2637 800 2672 3.
