1734 2784
124 174 190 220 vel
222 190 311 220 non
342 191 435 220 esse
467 175 648 231 furtum,
684 188 724 221 et
757 175 936 235 proinde
985 189 1080 220 esse
1114 175 1294 219 omnino
1345 174 1544 217 omitten-

126 247 223 292 dam
255 247 323 292 vel
354 263 490 293 secus.

245 321 362 364 Haec
379 319 504 364 altera
527 320 703 365 directio
737 323 872 379 magis
907 321 1187 365 determinata
1205 337 1251 364 ac
1284 319 1546 379 particularis

124 404 187 436 est
219 391 431 436 dictamen
465 393 747 437 conscientiae
771 393 962 447 moralis,
988 393 1104 452 quod
1128 392 1311 451 proinde
1335 391 1548 436 dictamen

124 475 187 506 est
223 463 266 523 α)
299 464 444 522 regula
475 467 714 523 necessaria,
749 482 847 509 cum
880 467 963 519 lex,
984 478 1134 524 utpote
1173 466 1302 508 nimis
1335 465 1547 523 generica,

125 535 180 578 sit
210 535 483 581 insufficiens:
509 537 554 596 β)
587 537 732 595 regula
759 539 971 596 proxima,
1007 539 1214 581 nimirum
1239 537 1450 580 humanae
1472 550 1547 579 vo-

122 605 272 650 luntati
305 609 443 666 magis
475 609 713 667 propinqua
746 625 874 667 quam
897 608 980 653 lex:
1008 609 1052 668 7)
1075 610 1218 667 regula
1252 607 1474 653 sithiectiva
1497 619 1540 649 et

124 680 303 732 interna,
353 694 475 723 secus
523 695 568 723 ac
602 679 685 736 lex,
721 696 829 739 quae
883 680 1029 739 regula
1065 693 1127 724 est
1162 680 1352 725 obiectivcz
1401 690 1441 722 et
1473 694 1547 722 ex-

125 760 240 796 terna
271 750 356 811 (1).
392 750 513 796 Talis
556 768 686 811 porro
729 753 873 810 regula
917 766 980 797 est
1013 754 1269 797 conscientia
1301 750 1546 804 antecedens,

123 837 212 867 non
245 836 388 867 autem
419 839 668 883 consequens,
718 841 823 883 quae
858 825 1016 868 scilicet
1065 825 1372 883 praesupponit
1405 834 1547 867 actum

124 897 208 939 iam
242 896 449 955 positum,
468 897 638 955 iamque
671 897 833 941 bonum
868 897 1148 941 determinate
1178 896 1245 941 vel
1269 895 1546 940 determinate

125 966 304 1027 malum,
322 984 515 1027 quaeque
548 969 675 1028 proin
707 968 812 1013 nihil
847 969 1008 1014 confert
1042 969 1091 1013 ad
1115 969 1348 1013 bonitatem
1370 968 1435 1012 vel
1460 983 1546 1010 ma-

124 1040 257 1085 litiam
291 1054 408 1086 actus
441 1040 672 1086 voluntatis
708 1041 794 1100 (2).

244 1114 296 1157 II.
337 1113 590 1157 Conscientia
624 1123 677 1157 est
709 1114 847 1172 regula
881 1129 1055 1166 mor'cm,
1086 1113 1300 1157 dammodo
1325 1114 1375 1156 sit
1400 1112 1547 1156 saltem

126 1186 333 1229 moraliter
365 1195 480 1230 certa.
518 1210 574 1219 —
606 1185 689 1229 Ubi
726 1184 811 1230 duo
846 1185 1122 1239 affirmamus,
1152 1184 1348 1229 videlicet
1382 1184 1433 1227 ad
1466 1183 1548 1226 hoc

127 1269 170 1300 ut
224 1259 481 1301 conscientia
515 1258 567 1300 sit
599 1258 745 1315 regula
797 1272 997 1311 morum,
1047 1272 1174 1315 quam
1228 1271 1457 1314 sequamur
1505 1256 1547 1297 in

125 1329 314 1387 agendis,
356 1330 434 1389 1.0)
467 1332 620 1390 requiri
654 1330 735 1389 20)
769 1330 952 1387 sufficere,
974 1343 1016 1373 ut
1052 1331 1101 1372 sit
1139 1342 1248 1373 certa
1297 1327 1547 1372 certitudine

126 1400 205 1459 illa,
224 1417 330 1460 quae
365 1402 520 1446 dicitur
555 1402 741 1446 moralis.

250 1474 327 1532 1.⁰)
365 1474 500 1528 Quod
549 1477 783 1533 requiratur
831 1476 1134 1518 conscientiam
1186 1490 1278 1518 esse
1330 1474 1546 1517 moraliter

126 1560 299 1605 certam,
317 1548 376 1591 sic
395 1547 648 1591 ostenditur.
670 1548 744 1591 Est
764 1547 844 1590 hoc
863 1549 1150 1591 necessarium
1171 1574 1226 1580 -—-
1256 1547 1296 1605 a.)
1321 1560 1365 1589 ut
1389 1547 1545 1605 positio

124 1618 187 1663 vel
221 1621 402 1663 omissio
437 1619 611 1663 alicuius
656 1620 838 1662 actionis
874 1621 925 1662 sit
961 1620 1147 1662 licita-—
1173 1620 1218 1678 3)
1254 1633 1297 1662 ut
1332 1621 1439 1662 actio
1474 1618 1544 1662 ali-

124 1708 205 1750 qua
239 1692 303 1736 vel
338 1693 518 1736 omissio
553 1692 728 1736 alicuius
753 1693 930 1736 actionis
952 1693 1004 1735 sit
1027 1708 1123 1736 vere
1146 1692 1393 1749 obligatoria.
1429 1693 1545 1736 Haec

125 1763 211 1808 duo
246 1766 388 1823 paucis
423 1765 742 1823 explicabimus.

221 1955 277 1999 (1)
299 1968 316 1984 «
331 1952 522 1995 Voluntas,
543 1954 656 1999 inquit
671 1953 810 1995 §uate-2,
830 1953 875 1987 de
892 1963 990 1998 prox.
1004 1952 1193 1997 regbonit.
1215 1961 1248 1987 et
1269 1952 1381 1988 malit.
1400 1952 1545 1987 human.

124 2023 192 2049 act.
222 2013 352 2058 disput.
380 2013 458 2047 XII.
485 2021 568 2048 sect.
596 2012 670 2054 HL,
701 2021 751 2046 est
780 2012 941 2058 potentia
961 2024 1077 2046 caeca.
1108 2013 1246 2057 indiget
1265 2025 1349 2059 ergo
1371 2013 1546 2060 dirigente

125 2083 159 2109 et
184 2075 420 2121 gubernante,
451 2082 487 2107 ut
515 2083 607 2107 recta
636 2072 770 2107 tendat.
790 2074 867 2107 Hoc
896 2081 1016 2107 autem
1044 2084 1114 2107 non
1143 2082 1193 2107 est
1222 2073 1288 2106 nisi
1317 2082 1412 2108 recta
1439 2074 1544 2116 ratio,

125 2146 211 2181 quac
239 2135 308 2169 hoc
335 2143 489 2180 praestat
517 2145 578 2179 per
605 2132 777 2166 iudicium
806 2133 1057 2167 conscientiae
1090 2147 1106 2164 ι)

221 2195 278 2239 (2)
308 2208 324 2225 «
355 2194 435 2237 Qua
463 2193 504 2227 de
533 2205 580 2229 re.
611 2202 646 2227 ut
675 2203 799 2227 monet
828 2192 1006 2235 ballerini,
1026 2193 1060 2227 in
1082 2202 1153 2227 not.
1175 2192 1217 2227 ad
1243 2202 1344 2228 tract.
1365 2193 1406 2227 de
1427 2204 1546 2227 consc.

123 2253 195 2290 fere
220 2256 262 2290 ab
290 2255 402 2297 initio,
431 2254 592 2288 docenda
621 2264 705 2287 sane
732 2262 784 2287 est
812 2253 909 2299 plebs
937 2253 1140 2295 christiana,
1180 2253 1364 2298 formalem
1399 2262 1544 2288 actuum

124 2314 325 2349 bonitatem
353 2313 409 2348 vel
436 2313 609 2347 malitiam
636 2323 710 2346 non
739 2324 757 2346 a
784 2313 991 2358 consequenti
1016 2313 1236 2347 conscientia
1256 2312 1407 2353 desumi,
1426 2313 1485 2347 sed
1505 2314 1546 2348 ab

123 2373 333 2409 antecedenti.
360 2374 597 2418 Decipiuntur
624 2374 720 2406 enini
749 2374 886 2417 saepius
916 2374 1030 2415 rudes,
1060 2374 1116 2419 qui
1145 2373 1230 2406 duni
1267 2373 1319 2407 vei
1351 2374 1460 2407 libros
1489 2374 1544 2408 lc—

122 2443 221 2480 gunt,
249 2434 304 2467 vel
335 2433 480 2466 audiunt
509 2432 715 2469 conciones,
758 2432 925 2471 iudicant,
966 2443 1001 2466 se
1035 2433 1067 2466 in
1107 2433 1317 2479 quibusdam
1360 2445 1541 2478 peccasse,

123 2493 265 2539 quando
306 2493 347 2528 tie
375 2492 509 2526 malitia
550 2492 695 2526 illorum
731 2502 872 2529 :ictuum
915 2502 972 2526 aut
1008 2503 1102 2526 certe
1137 2493 1180 2527 tie
1216 2494 1382 2539 quapiam
1418 2494 1544 2537 culpae

124 2554 296 2599 gravitate
324 2563 522 2599 numquam
561 2552 652 2586 inter
686 2552 866 2597 agendum
893 2552 1139 2595 cogitaverant
1180 2562 1238 2587 aut
1266 2552 1437 2598 suspicati
1465 2551 1544 2586 sue-

124 2622 211 2648 rant.
231 2627 248 2643 v»
280 2611 336 2649 Cf.
367 2624 392 2647 s.
421 2612 616 2654 Thomam,
644 2623 778 2646 comm.
806 2612 841 2646 in
870 2624 922 2658 ep.
951 2612 992 2646 ad
1022 2613 1126 2648 Rom.
1155 2624 1229 2659 cap.
1258 2613 1354 2648 XIV.
1390 2613 1471 2647 lect.
1501 2612 1544 2646 11.
