1734 2784
831 111 1064 153 -53-

238 208 468 249 Intrinsece
502 206 674 247 satiatur
699 220 771 262 per
793 206 1003 248 actionem
1028 203 1206 252 finitam,
1224 205 1458 248 extrinsece
1482 205 1656 249 nonnisi

239 295 311 335 per
345 278 559 320 obiectum
596 275 808 318 inlinitum
843 275 929 334 (Ι).

355 350 406 391 II.
442 347 740 404 Explicizmiitm
774 362 879 389 nnnc
912 355 981 402 est,
1014 347 1146 404 qualis
1177 348 1228 389 sit
1262 346 1353 389 haec
1385 348 1552 402 cognitio
1574 348 1656 391 Du*

235 418 428 476 lwiilisica,
461 418 593 476 quillis
628 419 676 459 sil
708 417 766 459 hic
787 417 862 459 Dei
893 431 1007 458 amor
1041 416 1243 475 beatificus
1271 425 1304 459 el
1332 416 1448 474 quale
1470 419 1522 460 sit
1551 432 1655 474 gatt-

236 498 349 539 dimn
381 497 448 538 hcc
481 494 879 552 beatificum—De
927 493 1104 536 homine
1152 495 1327 551 eiusque
1371 493 1657 538 destinatione

238 570 301 624 agi
346 579 487 625 potest
536 565 786 622 dupliciter:
822 565 963 622 primo
1011 565 1222 617 historice,
1273 581 1372 608 eum
1422 565 1657 623 spectando

237 653 363 698 prout
398 654 541 695 reapse
574 635 862 689 est,videlicct
892 649 1018 693 prout
1050 652 1098 679 ex
1127 636 1266 679 divina
1299 636 1493 694 largitate
1526 637 1655 681 donis

235 729 320 755 non
355 711 504 754 debitis
552 722 613 752 est
661 708 815 751 ditatus
864 721 904 751 et
946 707 996 750 ad
1038 708 1405 766 supernaturalem
1455 708 1653 752 ordinem

236 797 432 828 evectus:
467 781 654 825 secundo
690 781 922 838 htx-potlwtiae
943 817 952 833 ,
988 796 1088 823 eum
1123 780 1433 824 considerando
1483 793 1528 824 ut
1561 796 1655 824 esse

236 868 392 913 posset,
426 852 619 896 videlicet
652 853 694 894 in
729 851 952 909 hypothesi
987 864 1097 894 certe
1146 851 1360 909 possibili,
1395 852 1511 909 quod
1558 866 1654 909 gra-

234 928 337 969 tuita
369 924 418 967 ad
451 922 816 981 supernaturalem
850 923 1048 965 ordinem
1083 921 1262 965 elevatio
1296 923 1440 966 locum
1464 938 1550 966 non
1579 921 1653 965 ha·-

233 998 405 1040 buisset.
439 997 634 1038 Lunvero
669 995 849 1037 historice
882 993 932 1036 de
967 994 1142 1036 homine
1167 995 1343 1051 eiusque
1367 993 1652 1038 destinatione

234 1081 364 1125 agunt
397 1067 606 1123 theologi,
655 1078 695 1108 et
730 1064 884 1108 docent
933 1065 1227 1121 cognitionem
1279 1066 1372 1122 Dei,
1421 1064 1471 1108 ad
1519 1080 1648 1123 quam

234 1139 369 1181 homo
404 1137 454 1180 ad
480 1135 845 1193 supernaturalem
869 1134 1067 1178 ordinem
1091 1148 1261 1178 evectus
1287 1136 1538 1190 destinatur,
1560 1151 1656 1179 esse

235 1211 469 1254 intitilivam
502 1210 579 1265 (2),
614 1224 687 1250 seu
722 1223 813 1250 esse
848 1207 1141 1263 cognitionem
1175 1210 1382 1252 essentiae
1412 1208 1576 1252 divinae
1608 1209 1655 1251 in

326 1395 382 1439 (ι)
410 1394 466 1429 Cf.
493 1395 687 1431 Remmium,
717 1392 782 1427 loc.
811 1392 872 1427 cit.
902 1403 933 1438 q.
963 1402 993 1426 2.
1031 1404 1130 1426 num.
1161 1392 1193 1427 6.
1221 1393 1263 1427 Et
1302 1392 1504 1439 Taparelli‚
1534 1393 1657 1438 saggio

232 1460 344 1490 teorct.
370 1454 506 1488 dissert.
541 1464 566 1487 1.
595 1464 624 1486 c.
654 1462 683 1487 2.
714 1464 817 1486 num.
844 1462 916 1495 40„
945 1453 1069 1498 inquit:
1107 1467 1124 1484 α
1142 1453 1282 1495 Questo
1311 1460 1387 1488 atto
1415 1453 1450 1486 di
1483 1462 1655 1498 perpetua

231 1513 457 1559 intelligenza
485 1512 650 1546 evidente
678 1522 696 1545 c
723 1511 758 1545 di
786 1520 961 1556 perpetuo
1003 1511 1121 1557 riposo
1159 1511 1255 1546 della
1283 1511 1430 1546 volout-21
1457 1511 1515 1546 nel
1554 1513 1659 1546 Bene

232 1573 381 1611 infinito,
409 1578 475 1606 atto
504 1572 538 1604 in
564 1572 594 1605 ςὲ
621 1571 782 1611 limitato,
810 1581 866 1603 ma
894 1570 1065 1604 illimitczto
1092 1571 1145 1605 nal
1169 1582 1226 1604 suo
1254 1571 1399 1605 oblrietto
1427 1583 1442 1606 e
1473 1571 1562 1605 nella
1590 1582 1650 1606 sua

229 1631 365 1671 durata,
395 1630 551 1665 former&
576 1630 609 1663 la
636 1629 841 1675 perfezione
868 1628 995 1663 ultima
1022 1641 1040 1663 e
1068 1629 1100 1663 la
1127 1630 1313 1675 compiuta
1338 1628 1472 1664 felicita
1499 1629 1661 1665 dell'uo-

231 1703 292 1726 mo
320 1690 413 1725 nelle
440 1690 623 1724 essenziali
651 1701 712 1723 sue
737 1688 869 1723 facoltii
897 1688 1116 1734 spirituali.»

326 1751 382 1794 (2)
412 1749 619 1784 Concilium
645 1747 892 1784 Florentinum
922 1748 1065 1782 actione
1091 1748 1194 1781 XXII
1221 1748 1256 1781 in
1284 1747 1412 1782 decreto
1438 1748 1571 1782 unionis
1590 1747 1655 1783 de-

231 1807 355 1849 finivit,
383 1807 520 1840 animas
548 1805 704 1852 perfecte
732 1819 836 1852 puras
864 1809 897 1840 in
923 1807 1053 1841 caelum
1078 1807 1185 1853 recipi
1210 1815 1239 1841 ιε
1266 1807 1391 1841 intueri
1424 1808 1514 1841 clare
1539 1807 1651 1854 ipsum

231 1867 339 1901 Deum
366 1867 491 1899 trinum
519 1872 548 1900 et
574 1878 676 1900 imum
703 1867 804 1900 sicuti
830 1872 888 1900 est.
915 1867 982 1901 Hic
1011 1875 1132 1900 autem
1159 1865 1240 1900 fidei
1267 1866 1437 1901 articulus
1465 1866 1654 1913 colligitur

230 1935 369 1970 praeter
394 1925 461 1958 alia
488 1926 579 1966 10:21,
610 1938 650 1959 ex
677 1924 738 1959 illo
765 1936 781 1959 s
819 1926 923 1960 Pauli
949 1924 1130 1970 Apostoli,
1157 1925 1182 1959 I.
1211 1925 1294 1959 Cor.
1321 1926 1420 1960 XIII.
1456 1936 1517 1968 12„
1545 1925 1651 1960 loco.-

232 1997 250 2015 «
270 1985 443 2018 Videmus
470 1996 564 2018 nunc
592 1995 652 2029 per
690 1985 877 2029 speculum
905 1984 940 2018 in
968 1984 1184 2030 aenigmate,
1212 1992 1297 2019 tunc
1336 1994 1457 2019 autem
1487 1985 1577 2021 facie
1602 1986 1650 2020 ad

231 2042 373 2076 faciem.
400 2042 501 2076 Nunc
528 2054 714 2088 cognosco
743 2055 783 2077 ex
811 2052 921 2088 parte3
958 2052 1042 2077 tunc
1070 2052 1189 2078 autem
1232 2055 1456 2089 cognoscam
1487 2045 1578 2080 sicut
1613 2053 1652 2080 et

229 2102 396 2147 cognitus
421 2113 545 2135 sum.»
567 2103 658 2136 Hinc
678 2113 703 2136 s.
724 2103 976 2148 HieronymuS,
996 2114 1132 2138 comm.
1167 2103 1202 2136 in
1233 2114 1308 2149 cap.
1340 2114 1364 2138 1.
1401 2104 1479 2138 Isai.
1514 2115 1547 2138 ν.
1575 2114 1651 2145 10.,

228 2159 316 2194 haec
343 2159 524 2205 praeclara
551 2159 669 2194 habet:
705 2161 860 2195 «Homo
889 2161 955 2195 Dei
983 2158 1113 2195 faciem
1140 2162 1260 2196 videre
1286 2172 1359 2195 non
1389 2170 1521 2207 potest.
1564 2163 1649 2197 An-

230 2217 299 2263 geli
327 2227 446 2252 autem
474 2219 582 2252 etiam
609 2219 845 2253 minimorum
875 2219 909 2253 in
936 2219 1087 2255 ecclesia
1115 2231 1258 2265 semper
1283 2220 1405 2255 vident
1432 2220 1562 2255 faciem
1580 2220 1652 2255 Dea*

229 2277 374 2321 (Matth.
402 2278 531 2312 XVIII.
566 2279 646 2322 10.).
674 2279 716 2312 Et
742 2290 836 2313 nunc
864 2279 897 2312 in
926 2278 1074 2324 speculo
1101 2278 1274 2321 videmus,
1302 2288 1386 2314 tunc
1413 2288 1534 2313 autem
1559 2279 1653 2314 facie

226 2336 268 2369 ari
297 2334 437 2377 faciem,
467 2336 608 2382 quando
636 2336 679 2370 de
707 2336 918 2372 hominibus
937 2338 972 2372 in
1001 2338 1161 2384 Angelos
1188 2337 1450 2383 profecerimus
1469 2347 1502 2373 et
1521 2347 1653 2383 potue-

227 2394 337 2427 rimus
365 2405 446 2428 cum
474 2395 652 2439 Apostolo
681 2396 744 2439 (II.
777 2396 860 2430 Cor.
889 2397 949 2431 III.
978 2396 1049 2441 18.)
1077 2396 1208 2430 dicere:
1239 2396 1317 2430 Nos
1356 2406 1476 2432 autem
1516 2406 1653 2431 omnes

227 2452 380 2487 revelata
406 2453 494 2488 facie
520 2454 676 2499 gloriam
703 2455 769 2489 Dei
798 2455 1024 2500 speculantes
1050 2455 1085 2489 in
1116 2455 1282 2490 eamdem
1309 2456 1507 2502 imaginem
1546 2464 1647 2490 tran·

227 2510 425 2545 formamur
443 2524 462 2546 a
480 2512 594 2558 gloria
623 2514 656 2546 in
675 2513 843 2558 gloriam,
866 2515 963 2560 quasi
982 2526 1001 2548 a
1019 2514 1172 2549 Domini
1191 2515 1330 2560 spiritu.
1348 2531 1364 2547 »
1389 2516 1491 2557 Quae
1510 2526 1540 2550 s.
1561 2516 1651 2550 Hie·
1699 2524 1711 2531 ·

225 2571 371 2614 ronymi
399 2572 505 2605 verba
531 2572 636 2606 refert
662 2585 686 2607 s.
717 2574 951 2620 Augustinus,
979 2573 1075 2620 epist.
1110 2575 1184 2616 148.
1211 2574 1302 2609 alias
1333 2587 1409 2611 111.
1438 2588 1473 2610 n.
1500 2587 1532 2621 7.
