1734 2784
168 171 248 201 test
277 171 438 213 autem,
463 156 578 200 nullo
613 158 738 200 etiam
772 158 979 201 exteriore
1012 158 1136 215 signo
1159 158 1486 211 interveniente,
1509 174 1585 201 vo-

167 229 374 270 luntatem
401 229 480 270 Dei
516 243 790 286 cognoscere,
814 244 921 287 quae
954 230 1188 272 necessaria
1211 230 1263 271 sit
1296 241 1336 272 et
1368 228 1584 275 naturalis.

288 300 341 341 ΙΙ.
381 300 510 341 Immo
540 298 793 355 generaliora
816 300 907 356 legis
929 300 1137 343 naturalis
1155 308 1362 358 praecepta
1383 309 1584 358 nequeunt

167 370 218 411 ab
253 370 408 412 homiui:
443 371 612 413 rationis
645 385 762 413 usum
794 370 955 414 habente
989 370 1275 415 invincibiliter
1306 372 1502 428 ignorari.
1538 394 1583 400 —

168 442 303 484 Cuius
339 443 395 484 rei
435 441 658 499 multiplex
690 442 827 485 afferri
861 455 1001 500 potest
1033 443 1154 487 ratio.

288 514 412 558 Ratio
448 513 672 556 deducitur
700 513 742 572 α.)
776 531 827 557 ex
858 516 944 572 ipsa
992 524 1146 558 natura
1194 513 1367 558 illorum
1409 529 1583 572 praece-

171 597 359 641 ptorum.
406 585 514 627 Sunt
547 585 659 628 enim
685 585 893 642 facillima
925 588 1096 643 cognitu:
1121 598 1234 641 sunt,
1272 598 1358 628 «ut
1390 586 1446 628 ait
1481 586 1585 629 Sua-

166 671 235 697 rez
271 655 360 712 (Ι),
405 671 453 697 cx
477 657 671 698 terminis
695 657 918 700 notissima
941 670 980 700 et
1004 657 1108 700 adeo
1133 657 1369 700 conformia
1402 668 1442 700 et
1465 657 1584 714 quasi

166 727 401 784 adaequata
423 728 601 769 naturali
627 727 888 770 inclinationi
914 729 1087 771 rationis
1111 740 1151 772 et
1173 728 1417 784 voluntatis,
1436 739 1481 770 ut
1503 739 1584 771 ter-

166 800 370 855 giversari
404 815 491 841 non
526 800 663 857 possit
687 816 724 842 >›.
760 800 955 842 Iamvcro
989 816 1095 858 quae
1127 812 1225 843 sunt
1257 799 1521 857 huiusmodi,
1539 815 1586 843 ea

170 870 217 912 ab
253 870 427 913 homine
462 871 634 913 rationis
668 887 792 913 usum
839 871 1015 914 habente
1049 884 1280 929 nequeunt,
1314 871 1462 914 saltem
1511 887 1585 929 per

171 942 349 997 longum
386 955 571 999 tempus,
602 943 787 999 ignorari
824 943 1131 987 invincibiliter:
1165 945 1411 1001 praesertim
1444 944 1479 986 si
1502 945 1585 986 sint

170 1014 389 1054 nri-cssaria
424 1012 474 1055 ad
508 1014 834 1073 convenientem
859 1014 1046 1056 hominis
1070 1014 1375 1072 perfectionem
1405 1027 1445 1058 et
1467 1030 1584 1073 prae-

168 1084 365 1125 stitutum
401 1083 609 1127 humanae
642 1098 811 1128 naturae
844 1085 974 1128 finem
1020 1086 1400 1143 consequendum,
1451 1086 1585 1144 qualia

176 1154 367 1211 profecto
402 1169 499 1198 sunt
533 1156 793 1212 generaliora
828 1156 942 1213 hacc,
967 1157 1017 1200 de
1041 1157 1191 1215 quibus
1215 1156 1447 1215 loquimur,
1468 1174 1586 1216 prae—

169 1239 298 1282 cepta.

289 1299 410 1341 Ratio
451 1298 676 1341 deducitur
701 1299 746 1357 β)
782 1317 831 1341 ex
878 1316 929 1343 co
968 1300 1083 1358 quod
1125 1313 1272 1343 natura
1303 1301 1390 1358 ipsa
1424 1313 1464 1344 et
1497 1301 1585 1358 ipsa

169 1369 427 1411 conscientia
465 1370 518 1411 ita
553 1370 719 1426 pulsant
739 1371 778 1412 in
798 1370 957 1413 actibus
976 1387 1143 1428 eorum,
1162 1383 1206 1414 ut
1228 1386 1315 1414 non
1339 1372 1584 1428 permittant

165 1454 211 1481 ea
240 1438 547 1495 inculpabiliter
584 1442 782 1497 ignorari.
809 1442 943 1494 Quod
977 1443 1161 1485 maxime
1193 1441 1335 1485 Videre
1358 1454 1421 1485 est
1451 1443 1495 1485 in
1519 1443 1585 1499 iis,

172 1511 250 1551 «in
289 1511 441 1567 quibus
475 1523 691 1569 tamquam
728 1514 768 1555 in
794 1512 975 1570 speculis
1002 1526 1150 1556 natura
1175 1515 1359 1556 cernitur
1380 1531 1413 1570 »‚
1431 1529 1585 1572 nempe

166 1583 208 1623 in
244 1584 403 1640 pueris,
438 1584 579 1641 quoad
613 1584 883 1627 mendacium
909 1602 943 1628 e.
977 1602 1016 1642 g.
1054 1599 1121 1628 aut
1145 1585 1320 1630 furtum.

284 1656 334 1696 l3t
369 1670 467 1698 sane
495 1655 538 1713 γ)
567 1676 586 1695 «
607 1669 790 1714 oportet,
828 1658 882 1700 ita
912 1674 943 1700 S.
971 1657 1168 1701 Thomas
1192 1658 1278 1717 (2),
1314 1674 1405 1701 esse
1439 1660 1582 1715 cogni-

164 1725 326 1767 tionem
363 1727 555 1769 veritatis
590 1729 680 1771 sine
715 1729 988 1786 inquisitione
1024 1742 1062 1772 et
1096 1730 1137 1772 in
1171 1730 1439 1787 speculativis
1472 1742 1513 1773 et
1542 1732 1583 1772 in

164 1798 369 1853 practicis,
403 1811 442 1840 et
478 1798 583 1841 hanc
618 1799 792 1857 quidem
826 1801 1120 1856 cognitionem
1145 1813 1314 1858 oportet
1343 1816 1434 1844 esse
1467 1803 1580 1860 prin-

165 1869 324 1925 cipium
362 1872 495 1912 totius
531 1873 785 1928 cognitionis
819 1874 1054 1930 sequentis,
1080 1874 1168 1916 sive
1190 1872 1470 1931 speculativae
1494 1875 1582 1917 sive

164 1941 386 1995 practicae,
413 1956 511 1981 cuin
543 1943 745 1999 principia
770 1956 939 2000 oportet
964 1959 1055 1986 esse
1079 1943 1292 1988 stabiliora
1325 1957 1364 1987 et
1389 1945 1580 1988 certiora:

164 2009 275 2052 unde
325 2024 363 2053 et
412 2011 517 2054 hanc
569 2015 860 2069 cognitionem
910 2028 1080 2072 oportet
1128 2016 1292 2059 homini
1340 2015 1581 2059 naturaliter

164 2081 319 2135 inesse,
355 2098 454 2125 cum
504 2083 585 2126 hoc
634 2086 806 2142 quidem
845 2100 1090 2144 cognoscat,
1141 2088 1259 2145 quasi
1303 2088 1580 2130 seminarium

165 2153 300 2194 totius
337 2155 594 2210 cognitionis
629 2160 859 2214 sequentis.
893 2176 913 2198 »

284 2225 399 2267 Haec
431 2238 573 2268 autem
608 2230 750 2271 omnia
778 2230 823 2288 θ’)
857 2229 1118 2274 validissime
1152 2247 1201 2274 ex
1233 2230 1344 2274 sacto
1379 2231 1580 2275 historice

259 2482 316 2523 (1)
345 2482 399 2515 De
428 2482 498 2528 leg,
530 2484 550 2517 1.
580 2484 622 2517 ΙΙ.
651 2496 680 2518 c.
708 2484 739 2518 8.
766 2496 799 2518 n.
828 2483 857 2518 6.

258 2540 311 2583 (2)
338 2542 392 2574 De
422 2543 521 2576 verit.
551 2555 581 2588 q.
615 2543 663 2577 16.
691 2556 722 2578 a.
755 2555 781 2578 1.
810 2543 866 2579 Cf.
898 2555 975 2589 cap.
1004 2545 1066 2580 ΙΙΙ.
1093 2553 1159 2580 art.
1189 2545 1250 2579 IV.
1278 2544 1369 2578 thes.
1397 2543 1529 2578 XXIII.

1682 2336 1730 2784 maneas-*25:20⁸*
1710 2315 1716 2318 =
1719 2269 1722 2272 ,
1713 2235 1721 2253 ,»
1708 2214 1710 2216 <
