1734 2784
328 249 623 292 Nihilominus
646 247 934 291 animadverte
969 246 1256 290 voluntarium
1282 246 1323 289 in
1347 245 1541 290 familiari
1576 260 1614 290 et

213 322 432 364 communi
468 320 669 377 loquendi
706 318 971 362 scribendive
1006 317 1137 361 modo
1169 317 1413 376 frequenter
1446 317 1631 362 adhiberi

212 409 289 450 pro
314 392 461 445 libero,
486 393 541 434 ita
570 404 612 434 ut
635 391 809 433 nomine
832 402 948 433 actus
972 389 1197 432 voluntarii
1222 404 1345 447 saepe
1369 388 1627 447 intelligatur

212 476 328 506 actus
364 479 449 506 non
483 462 616 506 modo
650 462 915 505 voluntarius
939 460 1012 505 sed
1046 461 1171 504 etiam
1195 460 1312 504 liber.
1337 462 1385 505 In
1419 463 1627 519 praesenti

214 536 373 578 etenim
408 536 506 588 vita,
542 547 586 577 ut
619 533 871 591 plurimum,
906 533 1007 576 haec
1041 532 1126 576 duo
1151 533 1377 576 coniuncta
1405 534 1447 576 in
1470 532 1629 577 actibus

213 608 497 664 reperiuntur.

328 680 380 721 ΙΙ.
416 678 685 735 Praecipuae,
719 692 822 735 quas
858 678 899 719 in
934 677 1044 720 thesi
1078 676 1355 735 praecedente
1400 693 1626 721 enumera-

211 750 369 802 vimus,
404 749 630 791 voluntarii
664 749 910 806 partitiones
955 748 1086 806 aptari
1128 747 1282 791 debent
1330 747 1479 806 libero,
1512 748 1628 807 quod

210 833 249 863 et
283 822 426 878 ipsum
466 820 741 877 distinguitur
783 820 825 862 in
859 819 1078 877 perfeclmn
1116 831 1156 862 et
1180 819 1468 878 imperfectum,
1504 834 1630 879 prout

210 892 489 936 indifferentia
521 891 751 935 voluntatis
786 904 847 934 est
880 891 1000 949 plena
1038 892 1103 934 vel
1146 907 1259 945 non,
1293 892 1334 934 in
1361 891 1555 936 directum
1588 906 1630 936 ct

213 963 463 1016 indirectum,
497 963 539 1005 in
572 961 749 1006 liberum
786 963 825 1005 in
858 977 896 1006 513
930 974 969 1005 et
996 961 1176 1005 liberum
1201 964 1242 1005 in
1275 962 1370 1020 alio,
1389 963 1431 1005 in
1453 963 1628 1007 elicitum

208 1048 247 1079 et
281 1037 522 1094 imperatum
556 1048 631 1078 etc.

329 1108 540 1161 Quaere8‚
574 1106 800 1165 quomodo
835 1118 951 1149 actus
976 1106 1188 1163 imperati,
1214 1121 1250 1149 e.
1267 1122 1308 1163 g.
1342 1105 1626 1150 deambulatio

208 1190 276 1220 aut
310 1178 488 1232 locutio,
522 1179 689 1236 possint
722 1194 814 1221 esse
847 1177 1002 1221 liberi?
1037 1179 1146 1221 Sunt
1177 1177 1296 1221 liberi
1321 1194 1406 1221 non
1438 1178 1626 1222 libertate

209 1252 418 1295 intrinseca
453 1265 492 1294 et
526 1250 770 1294 inhaerente
818 1250 874 1292 illi
918 1250 1147 1307 potentiae,
1193 1267 1213 1293 a
1248 1265 1328 1308 qua
1379 1250 1625 1294 immediate

208 1322 445 1380 procedunt
479 1336 524 1366 ut
558 1323 718 1381 proprii
754 1322 946 1365 eiusdem
980 1334 1112 1378 actus,
1136 1321 1208 1365 sed
1253 1321 1444 1365 libertate
1474 1323 1623 1366 extrin-

206 1410 292 1438 seca
339 1396 551 1452 potentiae
585 1394 641 1436 illi
677 1406 717 1437 et
750 1395 792 1436 in
826 1409 918 1437 eam
952 1392 1138 1436 derivata
1170 1409 1192 1436 a
1224 1392 1352 1437 libera
1389 1393 1627 1450 voluntate,

207 1482 288 1524 qua
320 1466 370 1509 ad
404 1483 512 1525 opus
556 1468 746 1524 potentia
791 1465 858 1509 illa
891 1477 1102 1509 movetur.
1147 1465 1388 1510 Recolenda
1429 1465 1623 1510 videlicet

205 1552 267 1582 est
299 1538 538 1596 distinctio>
571 1555 676 1596 quae
710 1537 889 1582 traditur
923 1538 965 1580 in
998 1536 1307 1595 Metaphysica,
1342 1537 1544 1581 libertatis
1579 1538 1619 1579 in

205 1612 465 1655 intrinsecam
498 1624 537 1654 et
570 1610 995 1654 extrinsecam.Prior
1033 1622 1109 1664 est,
1143 1625 1249 1667 quae
1292 1610 1399 1653 inest
1426 1610 1505 1667 ipsi
1539 1625 1622 1667 po-

205 1686 370 1736 tentiae,
405 1698 509 1740 quae
544 1681 697 1726 dicitur
733 1681 1020 1725 indifferenter
1055 1696 1128 1724 seu
1162 1680 1289 1724 libere
1322 1697 1460 1739 agere,
1484 1693 1523 1724 et
1546 1680 1622 1724 hac

203 1754 391 1797 libertate
424 1754 541 1797 liberi
576 1766 674 1797 sunt
708 1766 823 1797 actus
860 1753 1008 1797 eliciti:
1061 1752 1189 1796 altera
1221 1765 1298 1807 est,
1351 1768 1456 1810 quae
1499 1752 1618 1796 alicui

204 1826 417 1882 potentiae
451 1824 662 1880 tribuitur,
684 1836 894 1883 quatenus
934 1823 982 1867 ab
1016 1823 1095 1867 alia
1128 1824 1332 1882 potentia,
1366 1839 1471 1881 quae
1504 1839 1618 1881 prae-

204 1897 286 1939 dita
320 1909 382 1940 est
414 1897 599 1940 libertate
633 1895 711 1939 sibi
746 1896 985 1948 intrinseca,
1019 1910 1175 1953 nempe
1214 1910 1235 1937 a
1268 1894 1500 1948 voluntate,
1530 1895 1617 1937 im-

203 1966 370 2024 pellitur
404 1967 453 2010 ad
488 1983 611 2024 opus,
660 1979 699 2010 et
733 1967 809 2010 hac
852 1965 1038 2009 libertate
1073 1965 1190 2010 liberi
1241 1979 1340 2009 sunt
1383 1978 1498 2009 actus
1532 1967 1618 2010 im-

203 2039 345 2096 perati.

318 2124 387 2166 44.
423 2112 671 2155 SCHoLloN.
708 2109 1095 2163 Quemadmodum
1130 2126 1150 2154 a
1172 2111 1421 2154 necessitate
1455 2111 1617 2169 physica

201 2181 406 2239 distingui
440 2181 561 2225 debet
595 2184 822 2225 necessitas
862 2182 1045 2238 moralis,
1079 2183 1133 2224 ita
1167 2197 1187 2224 a
1220 2181 1409 2225 libertate
1436 2182 1616 2240 physica,

202 2254 251 2297 de
284 2269 365 2311 qua
399 2253 603 2297 hactenus
637 2255 823 2311 egimus,
856 2253 1156 2312 distinguenda
1188 2254 1368 2297 omnino
1402 2266 1463 2296 est
1487 2252 1608 2296 liber-

201 2337 261 2367 tas
311 2325 488 2368 moralis.
537 2324 611 2368 Illa
664 2326 898 2383 opponitur
951 2324 1167 2383 physicae,
1224 2324 1325 2368 haec
1374 2325 1614 2368 necessitati

201 2396 363 2439 morali:
386 2396 484 2439 hinc
504 2396 567 2439 illa
588 2395 782 2440 definitur
804 2397 1053 2439 immunitas
1072 2413 1092 2439 a
1111 2396 1358 2440 necessitate
1380 2396 1553 2454 physica
1571 2397 1612 2438 in

200 2467 379 2523 agendO,
399 2467 498 2511 haec
522 2467 721 2511 definitur
746 2468 996 2510 immunitas
1021 2483 1043 2510 a
1065 2468 1313 2511 necessitate
1337 2466 1500 2510 morali.
1525 2468 1614 2511 Ne-

203 2538 369 2580 cessitas
389 2538 488 2581 haec
508 2538 680 2582 moralis
700 2539 877 2596 proprio
897 2539 1073 2582 nomine
1098 2537 1250 2581 dicitur
1274 2536 1475 2594 obligatio,
1499 2536 1609 2580 obli-

200 2610 313 2665 gatio
331 2622 472 2653 autem
498 2609 684 2654 dimanat
707 2623 746 2654 et
770 2611 906 2653 oritur
929 2626 949 2653 a
968 2610 1055 2667 lege.
1072 2610 1215 2653 Restat
1234 2607 1608 2665 igiturlibertatem
