1734 2784
680 131 946 191 '—225—

103 237 190 269 tam
221 226 446 270 victoriam
478 226 658 271 diversis
691 228 845 273 diversi
878 229 1040 274 ordinis
1087 229 1295 274 militibus
1332 233 1521 290 praemia

103 296 319 341 distribuit
349 313 428 356 pro
460 300 573 343 varia
604 315 849 359 munerum,
869 301 1022 359 quibus
1054 300 1306 360 funguntur,
1342 318 1416 346 seu
1458 303 1530 347 di-

101 369 310 425 gnitatum
343 370 640 427 proportione,
675 371 868 416 retribuit
915 372 1153 416 secundum
1197 373 1380 417 modum
1412 390 1527 432 pro-

103 440 314 498 portionis
342 443 615 498 geometricae.

220 512 289 555 81.
321 512 702 557 DEMONSTRATIO.
739 515 854 557 Haec
886 515 1017 558 thesis
1064 514 1167 558 duas
1207 514 1331 559 habet
1366 530 1519 574 partes.

218 583 249 627 Ι.
282 584 484 627 Actiones
518 585 701 639 morales
735 599 833 629 sunt
867 602 1038 644 capaces
1071 588 1213 630 meriti
1237 587 1302 631 vel
1325 588 1524 632 demeriti

100 669 199 711 erga
230 653 335 698 alios
368 654 579 700 homines.

220 725 271 768 Et
302 740 401 769 sane
433 728 620 770 actiones
653 743 690 771 v,
726 744 767 785 g.
801 728 995 771 servandi
1026 729 1158 772 vitam
1191 730 1397 786 proximi,
1419 729 1524 774 libe-

100 796 217 840 randi
250 798 429 855 patriam
463 810 539 842 etc.
576 810 675 841 sunt
709 815 836 857 opera
870 799 1089 843 moraliter
1122 799 1249 854 bona,
1274 800 1403 845 libere
1438 818 1523 860 po-

97 868 188 921 sita,
222 884 329 926 quae
371 867 534 912 bonum
568 869 748 912 afferunt
780 870 1001 913 individuo
1035 871 1100 913 vel
1135 874 1452 929 communitati,
1473 885 1515 916 et

96 939 145 982 ab
179 940 401 983 individuo
425 940 490 983 vel
514 957 534 983 a
558 943 885 994 communitate,
912 944 977 984 cui
1001 942 1163 985 bonum
1198 942 1397 1000 afferunt,
1421 957 1521 986 sunt

96 1023 308 1068 acceptata
340 1011 391 1055 ad
426 1012 685 1064 mercedem,
721 1028 797 1056 nec
831 1028 928 1055 sunt
962 1013 1098 1056 debita
1131 1030 1179 1056 ex
1211 1015 1406 1058 mercede
1434 1016 1517 1058 iam

97 1080 147 1124 ad
180 1081 222 1125 id
255 1095 373 1139 pacta
419 1095 458 1126 et
492 1096 670 1140 recepta.
712 1085 843 1141 Atqui
893 1084 1063 1141 quando
1117 1085 1192 1128 hae
1245 1085 1518 1130 conditiones

94 1154 250 1196 actioni
283 1154 441 1210 insunt,
474 1155 582 1196 actio
617 1166 679 1196 est
713 1156 885 1211 exigens
934 1155 1262 1199 retributionem
1308 1158 1521 1200 mercedis

95 1241 170 1268 seu
203 1238 266 1269 est
298 1227 531 1269 meritoria.
566 1227 680 1282 Ergo
715 1226 868 1269 dantur
903 1229 1091 1270 actiones
1126 1229 1370 1272 meritoriae
1406 1229 1519 1286 apud

94 1296 369 1340 individuum
415 1297 482 1340 vel
513 1299 900 1355 communitatem,
936 1300 960 1342 i.
995 1316 1029 1342 e.
1065 1299 1177 1357 apud
1212 1300 1410 1344 homines
1454 1301 1521 1344 vel

94 1367 345 1425 singillatim
376 1369 443 1411 vel
476 1369 603 1411 simul
638 1371 679 1411 in
716 1371 1035 1412 consociatione
1086 1371 1314 1428 inspectos.
1353 1373 1402 1415 ln
1438 1372 1522 1415 hoc

94 1438 348 1497 syllogismo
367 1441 513 1484 onmia
530 1453 628 1483 sunt
646 1442 745 1484 satis
766 1440 1067 1485 manifesta.—
1091 1441 1157 1485 Ad
1177 1444 1518 1500 acceptationem

95 1511 213 1568 quod
245 1524 422 1569 spectat,
458 1511 687 1555 recolendo
721 1529 768 1555 ea
801 1529 905 1570 quae
955 1513 1138 1555 diximus
1186 1515 1228 1556 in
1262 1516 1515 1571 praenotio-

93 1581 233 1639 nibus,
265 1583 495 1640 acceptatio
529 1598 652 1640 saepe
686 1583 802 1625 adest
827 1600 1021 1641 expressa
1046 1596 1085 1625 et
1110 1583 1315 1627 formalis:
1342 1585 1515 1642 quando

93 1666 235 1697 autem
269 1669 356 1697 non
388 1667 450 1697 est
481 1670 678 1712 expressa
710 1667 749 1697 et
783 1654 985 1710 formalis,
1033 1667 1134 1697 tunc
1170 1655 1282 1698 haud
1318 1671 1412 1698 raro
1447 1669 1511 1699 est

92 1724 298 1783 implicita
319 1737 358 1769 et
381 1725 585 1780 virtualis,
605 1738 812 1783 quatenus
831 1726 1104 1768 individuum
1131 1726 1195 1768 Vel
1220 1728 1513 1770 communitas

92 1811 142 1838 ex
174 1795 353 1839 naturali
385 1795 492 1853 lege,
525 1798 589 1839 cui
635 1796 889 1853 subduntur,
931 1809 1128 1840 tenentur
1180 1796 1422 1840 mercedem
1461 1796 1515 1840 ob

92 1866 254 1910 bonum
289 1881 509 1925 receptum
544 1868 733 1923 reddere,
767 1882 805 1910 et
842 1870 941 1910 haec
976 1867 1191 1924 obligatio,
1229 1880 1273 1910 ut
1309 1868 1513 1925 diximus,

92 1940 143 1983 ad
175 1940 288 1983 hunc
320 1941 519 1984 effectum
552 1942 667 1998 quod
701 1943 863 1997 attinet,
897 1954 957 1983 est
993 1941 1197 1998 implicita
1247 1954 1286 1984 et
1320 1941 1512 1984 virtualis

91 2014 335 2069 acceptatio.
371 2014 457 2056 Lex
490 2029 588 2056 sane
622 2012 835 2061 naturalis,
856 2028 961 2069 quae
999 2012 1128 2068 iubet,
1154 2025 1196 2054 ut
1221 2028 1373 2055 onmes
1406 2012 1510 2056 alios

91 2084 303 2141 homines,
337 2101 410 2128 eos
444 2086 567 2128 etiam
604 2086 673 2141 qui
709 2085 828 2125 nobis
864 2101 947 2125 non
985 2097 1174 2140 prosunt,
1199 2086 1362 2126 sincere
1386 2100 1508 2126 ame—

90 2172 185 2199 mus
219 2157 326 2199 sicut
358 2157 663 2213 nosmetipsog
699 2156 774 2197 illis
825 2156 1001 2211 bonum,
1036 2157 1066 2196 si
1117 2157 1352 2211 possimus,
1403 2155 1514 2197 elar-

90 2227 263 2284 giend03
297 2229 434 2270 multo
469 2229 603 2283 magis
640 2228 853 2283 praecipit,
901 2239 944 2268 ut
989 2226 1082 2267 illos
1129 2227 1199 2283 qui
1246 2227 1369 2269 nobis
1414 2242 1514 2284 pro-

90 2311 189 2340 sunt
224 2298 287 2342 vel
328 2315 349 2341 a
383 2299 536 2356 quibus
585 2298 693 2341 bona
739 2299 985 2355 accipimus,
1032 2297 1254 2340 efficaciter
1301 2313 1512 2350 amemus,

91 2371 191 2427 ipsis
225 2370 348 2424 bona,
382 2372 416 2412 si
452 2371 668 2426 possimus
690 2406 698 2421 ‚
734 2385 809 2425 pro
843 2368 962 2411 bonis
1003 2369 1184 2425 acceptis
1221 2367 1514 2424 retribuendo,

89 2443 153 2483 sin
186 2443 327 2484 minus
361 2453 529 2497 gratum
565 2442 754 2482 animum
780 2440 863 2498 (1).
902 2441 1013 2481 llaec
1050 2440 1330 2496 potissimum
1368 2441 1507 2483 valent

185 2605 241 2649 (1)
271 2604 370 2649 Quod
396 2605 458 2640 tibi
477 2603 557 2649 fieri
584 2615 648 2638 nou
675 2605 737 2637 ¹vis.
767 2602 866 2636 alteri
903 2614 940 2636 ne
969 2601 1100 2647 seceris:
1130 2603 1198 2637 hoc
1239 2612 1293 2637 est
1321 2613 1432 2636 unum
1473 2614 1515 2635 ex

1334 2682 1368 2715 15
