1734 2784
142 142 278 186 rimus
311 151 453 183 autem
486 151 634 185 utrum
667 142 721 185 sit
766 143 876 186 actio
923 142 1141 196 humana,
1174 159 1280 202 quae
1322 160 1460 203 neque
1509 162 1563 189 ex

143 213 324 267 obiecto,
356 228 494 270 neque
526 229 576 256 ex
608 213 716 272 fine,
749 230 888 273 neque
910 231 961 259 ex
984 216 1298 259 circumstantia
1322 215 1405 259 ulla
1427 217 1562 276 (quae

140 287 221 329 tria
253 285 452 329 dicuntur
485 296 525 328 et
557 297 657 328 sunt
680 285 818 343 fontes
843 301 917 330 seu
933 287 1137 344 principia
1161 287 1435 346 moralitatis)
1459 304 1562 346 spe-

144 358 251 400 ciem
284 357 468 415 aliquam
501 356 756 400 moralitatis
790 357 967 401 hauriat.
1004 359 1105 411 Qua
1138 357 1188 401 de
1222 374 1267 401 re
1311 359 1469 417 duplex
1500 372 1566 403 est

142 429 373 482 sententia,
405 426 482 470 alia
512 427 754 485 affirmans,
805 428 882 472 alia‘
926 445 1030 473 vero
1077 443 1242 486 negans,
1287 431 1564 488 Exponemus

141 499 339 557 inprimis
371 512 624 556 argumenta
655 501 887 544 sententiae
921 500 1184 558 affirmantis,
1216 513 1313 544 tum
1357 517 1459 544 vero
1491 518 1565 545 ar-

141 582 344 628 gumenta
362 572 593 613 sententiae
610 572 817 628 negantiS,
836 587 881 614 ac
900 571 1076 615 demum
1100 588 1313 630 quaenam
1333 589 1384 615 ex
1402 572 1565 616 duabus

146 641 262 685 hisce
287 642 509 686 sententiis
536 641 796 700 probabilior
820 642 943 686 nobis
967 642 1160 686 videatur
1182 645 1437 701 aperiemus,

263 715 295 757 Ι.
330 714 592 757 SENTENTIA
628 728 893 757 AFFIRMANS.
938 716 1259 771 Argumentum
1285 716 1561 772 praecipuum

141 786 201 828 sic
234 797 378 843 potest
412 787 613 843 proponi.

258 858 400 913 Actio,
432 871 539 914 quae
571 872 648 900 nec
681 857 858 900 honesta
890 870 967 910 est,
1001 873 1078 900 nec
1112 857 1349 910 inhonesta,
1368 870 1430 900 est
1464 873 1560 900 mo-

140 927 280 971 raliter
312 927 570 970 indifferens,
605 929 738 986 Atqui
773 928 934 985 aliquae
968 941 1066 970 sunt
1099 929 1310 983 actiones,
1344 944 1450 985 quae
1483 943 1562 970 nec

141 999 346 1042 honestae
380 1012 493 1056 sunt,
510 1016 649 1057 neque
678 1000 947 1052 inhonestae,
968 1016 1002 1043 e.
1023 1016 1062 1056 g.
1083 999 1263 1042 olfacere
1297 1015 1453 1054 rosam,
1488 1014 1564 1041 co-

141 1070 313 1114 medere
346 1086 558 1128 pomum,
592 1087 636 1114 se
671 1071 893 1114 calefacere
927 1084 1002 1114 etc.
1028 1086 1116 1113 non
1150 1071 1203 1113 ob
1227 1070 1391 1113 bonum
1426 1070 1561 1113 hone-

141 1155 254 1185 stum
288 1157 334 1184 ac
365 1141 555 1195 morale,
590 1142 664 1185 sed
697 1141 750 1184 oh
784 1142 947 1184 honum
982 1142 1224 1185 delectabile
1248 1154 1287 1184 et
1322 1141 1563 1199 physicum.

140 1215 257 1269 Ergo
291 1212 452 1270 aliquae
500 1225 599 1255 sunt
646 1214 833 1256 actiones
884 1213 1101 1255 moraliter
1144 1212 1438 1256 indifferentes
1487 1227 1561 1254 seu

141 1283 307 1327 mediae
338 1285 448 1327 inter
481 1286 667 1327 actiones
702 1284 833 1327 bonas
868 1297 908 1326 et
940 1286 1127 1327 actiones
1163 1284 1308 1327 malas.

259 1354 468 1398 Probatur
500 1356 643 1398 minor
677 1355 817 1413 quoad
842 1365 904 1398 11¹¹
931 1371 1105 1412 partem.
1133 1357 1213 1398 Eae
1247 1356 1436 1398 actiones
1470 1369 1559 1397 non

140 1438 240 1469 sunt
260 1426 535 1469 honestae.—
554 1427 604 1469 Et
623 1442 720 1469 sane
748 1426 790 1484 α)
809 1427 978 1483 quoties
1004 1428 1113 1468 actio
1137 1439 1199 1469 est
1224 1426 1415 1482 honesta,
1434 1427 1561 1469 toties

140 1510 203 1541 est
235 1497 360 1554 digna
383 1497 505 1541 laude
529 1511 569 1541 et
592 1499 797 1555 praemio.
832 1500 962 1555 Atqui
987 1514 1058 1541 eae
1082 1500 1270 1541 actiones
1301 1499 1417 1540 iuxta
1441 1514 1560 1540 com-

141 1584 320 1612 munem
350 1584 525 1612 sensum
549 1585 636 1612 non
660 1582 758 1612 sunt
782 1569 933 1625 dignae
958 1570 1107 1612 morali
1132 1569 1253 1612 laude
1276 1582 1317 1612 et
1349 1570 1558 1626 praemio.

140 1641 255 1698 Ergo
289 1656 376 1684 non
409 1653 509 1684 sunt
543 1641 760 1684 honestae.
794 1643 974 1698 Insuper
1000 1641 1044 1698 β)
1078 1642 1111 1683 si
1147 1643 1228 1683 sint
1263 1640 1480 1693 honestae,
1515 1640 1558 1683 id

141 1714 219 1756 erit
252 1729 302 1756 ex
333 1713 476 1771 aliquo
509 1730 559 1756 ex
591 1713 724 1756 tribus
758 1713 837 1755 illis
872 1712 1076 1769 fontibus,
1100 1729 1149 1755 ex
1173 1712 1327 1770 quibus
1362 1712 1563 1755 honestas

140 1783 232 1826 fluit
265 1785 307 1827 in
341 1784 569 1839 actionem,
605 1785 809 1826 nimirum
844 1783 886 1826 id
918 1785 994 1826 erit
1027 1783 1092 1826 Vel
1117 1785 1212 1841 quia
1245 1800 1295 1826 ex
1318 1800 1392 1826 sua
1415 1784 1559 1840 specie

142 1856 166 1897 i.
201 1871 235 1898 e.
270 1872 319 1898 ex
352 1854 519 1898 obiecto
553 1868 652 1898 sunt
685 1855 801 1911 taleS,
834 1856 899 1898 vel
932 1856 1029 1912 quia
1062 1856 1137 1897 etsi
1172 1872 1221 1897 ex
1270 1855 1438 1898 obiecto
1477 1856 1559 1897 sint

143 1925 446 1981 indifferentes,
466 1938 607 1970 tamen
627 1928 659 1969 si
681 1926 772 1969 finis
792 1928 1006 1984 operantis
1032 1927 1290 1983 inspiciatur,
1311 1926 1561 1969 ordinantur

140 2119 176 2153 in
204 2120 365 2154 bonitate
392 2128 425 2154 et
452 2119 599 2162 malitia,
629 2131 700 2153 non
731 2121 763 2153 in
793 2121 922 2154 merito
950 2120 1082 2165 gratiae
1110 2128 1168 2153 aut
1197 2118 1345 2165 gloriae:
1376 2130 1460 2151 nain
1488 2119 1558 2151 hoc

140 2179 320 2224 posterius
346 2179 476 2225 pendet
505 2192 547 2213 ex
579 2179 764 2224 principiis
792 2179 834 2213 de
862 2180 989 2225 gratia,
1019 2190 1108 2225 quae
1135 2179 1193 2212 hic
1223 2189 1295 2212 non
1324 2186 1404 2211 sunt
1432 2177 1558 2222 dispu—

139 2239 288 2273 tanda.»
318 2239 441 2286 Itaque
468 2251 541 2273 non
572 2239 791 2285 inquirimus,
820 2248 937 2273 utrum
965 2239 1056 2273 inter
1083 2248 1203 2273 actum
1231 2239 1369 2271 bonum
1407 2248 1561 2282 eumque

141 2308 183 2332 ex
209 2299 322 2344 gratia
349 2299 510 2344 positum
539 2309 578 2332 ac
618 2298 754 2344 gloriae
791 2298 1068 2344 supernaturalis
1098 2298 1333 2339 meritorium,
1362 2306 1396 2331 et
1439 2305 1560 2331 actum

142 2356 290 2399 malum,
315 2358 360 2392 sit
387 2358 525 2392 medius
551 2366 652 2391 actus
679 2357 887 2392 naturaliter
913 2367 1052 2392 tantum
1081 2358 1210 2399 bonus,
1242 2357 1298 2402 qui
1340 2368 1404 2391 nec
1443 2355 1563 2391 malus

142 2416 186 2450 sit
209 2426 277 2450 nec
304 2417 418 2450 bonus
446 2417 480 2450 in
510 2428 615 2450 sensu
645 2417 843 2451 christiano
873 2417 1006 2463 (qualis
1034 2430 1064 2450 e.
1094 2429 1126 2462 g
1157 2415 1248 2449 foret
1276 2424 1375 2450 actus
1401 2414 1561 2449 hominis

141 2475 295 2510 infidelis
320 2487 436 2523 egeno
465 2477 594 2522 stipem
622 2477 833 2523 erogantis).
855 2477 923 2511 Sed
952 2477 1179 2522 inquirimus,
1200 2484 1318 2510 utrum
1336 2475 1380 2509 sit
1399 2475 1558 2509 medium

143 2535 236 2570 inter
262 2545 383 2570 actum
410 2536 546 2570 bonum
574 2537 736 2571 bonitate
765 2536 919 2570 naturali
949 2545 981 2570 et
1009 2545 1126 2571 actum
1158 2536 1307 2570 malum.
