1734 2784
786 113 1052 168 —338-

310 314 325 359 s,
354 314 429 354 111,
454 314 512 347 De
539 298 828 347 essentialibus
854 313 1058 356 positivae
1085 313 1188 357 legis
1223 312 1533 348 conditionibus.

793 450 958 493 TruzsIs
993 450 1039 494 L.

219 546 410 602 Qitatnor
455 555 548 589 sunt
593 545 818 589 essentiales
862 546 955 602 Iegis
998 546 1199 589 humanae
1239 546 1494 590 conditiones.
1544 546 1629 590 Lex

332 619 473 663 scilicet
506 619 686 662 lmmana
719 617 826 661 debet
860 618 934 676 1.⁰)
968 618 1072 661 nulli
1103 617 1267 661 divinae
1300 618 1373 674 legi
1404 618 1628 663 adversari:

332 691 411 749 2⁰)
440 691 516 745 fini
547 691 859 744 communitatis,
883 690 1113 748 cicifertur,
1145 689 1365 734 conducere.-
1389 689 1468 748 3.⁰)
1500 689 1629 733 ambi-

330 773 415 807 tum
442 763 651 822 potestatis
690 762 862 820 ferentis
894 777 972 805 non
1006 762 1201 806 excedere:
1234 761 1316 820 40)
1364 776 1486 806 onera
1528 761 1628 805 sub-

330 836 424 880 ditis
455 835 672 881 secundum
695 834 981 894 aequalilatem
998 834 1271 893 proportionis
1298 834 1509 892 imponere.

337 945 430 987 142.
464 932 830 975 PRAENOTtousss.
864 931 1054 974 Nomine
1087 929 1375 973 essentialium
1409 927 1626 972 conditio-

213 1018 317 1046 num
351 1002 457 1060 legis
491 1001 782 1060 intelliguntur
816 1001 896 1055 illa,
931 1001 1084 1060 quibus
1107 1000 1235 1045 silex
1259 1000 1527 1058 destituatur,
1544 1000 1628 1044 iam

211 1073 394 1133 amplius
428 1089 515 1118 non
549 1086 611 1117 est
644 1073 855 1117 ordinatio
890 1073 1079 1127 rationis,
1113 1071 1187 1116 sed
1220 1071 1520 1130 deordinatio,
1552 1086 1629 1114 nec

214 1146 393 1204 proinde
426 1146 510 1189 iam
544 1145 725 1203 amplius
760 1158 822 1188 est
845 1145 925 1202 lex,
949 1145 1023 1189 sed
1045 1145 1261 1203 iniquitaS‚
1281 1143 1483 1187 violentia
1505 1155 1629 1202 atque

214 1216 409 1275 legiferae
433 1217 587 1260 abusus
612 1218 844 1275 potestatis
868 1217 968 1270 Qua
991 1233 1041 1259 ex
1069 1215 1318 1262 definitione
1350 1214 1454 1259 illud
1486 1215 1628 1258 statim

214 1301 398 1347 apparet,
433 1289 726 1346 quaestionem
776 1288 881 1332 lianc
928 1303 1013 1332 non
1064 1288 1244 1345 institui,
1276 1303 1414 1345 neque
1467 1286 1630 1330 institui

214 1376 341 1418 posse
375 1359 425 1403 de
456 1359 548 1417 iege
581 1359 665 1412 illa,
702 1375 807 1417 quae
857 1360 1001 1403 Deum
1052 1360 1194 1417 ipsum
1242 1358 1364 1402 habet
1412 1370 1629 1402 auctorem

215 1448 287 1475 seu
313 1444 375 1475 est
406 1430 558 1475 divina.
585 1433 697 1476 Nam
723 1433 763 1473 in
788 1431 898 1485 Deo,
924 1432 995 1489 qui
1020 1432 1109 1489 ipsa
1143 1431 1345 1488 sapientia
1368 1442 1430 1473 est
1456 1430 1631 1488 ipsaque

214 1503 438 1560 rectitudo,
472 1501 631 1561 quique
666 1519 763 1546 cum
798 1504 850 1545 sit
885 1502 1104 1546 absolutus
1138 1502 1328 1545 hominis
1359 1501 1563 1545 dominus
1586 1515 1631 1543 ac

214 1575 392 1633 proinde
416 1591 642 1633 supremus
666 1573 896 1632 legislator,
918 1574 1039 1618 habet
1060 1576 1100 1618 in
1120 1590 1157 1618 se
1175 1586 1215 1617 et
1239 1590 1287 1618 ex
1303 1588 1340 1617 se
1357 1572 1631 1631 obligativam

214 1659 488 1704 potestatem,
524 1662 651 1704 quam
686 1645 734 1689 ab
770 1646 863 1703 ipso
899 1647 1025 1689 ceteri
1062 1660 1228 1702 omnes,
1247 1656 1459 1703 quotquot
1483 1658 1632 1686 recen-

214 1730 374 1775 sentur,
398 1718 575 1761 humani
607 1717 910 1775 legumlatores
953 1719 1218 1775 participant,
1242 1718 1283 1758 in
1307 1717 1417 1769 Deo,
1441 1717 1629 1774 inquam,

214 1789 326 1832 nulla
360 1802 499 1847 potest
534 1806 625 1833 esse
658 1790 860 1847 iniquitas
894 1789 980 1847 (1),
1014 1788 1153 1831 nullus
1189 1789 1353 1846 concipi
1389 1799 1527 1846 potest
1568 1786 1631 1830 le-

216 1860 430 1917 gislativae
454 1862 673 1919 potestatis
699 1861 864 1904 abusus.
890 1862 1035 1919 Itaque
1060 1861 1229 1904 nonnisi
1253 1859 1304 1903 de
1327 1858 1420 1916 lege
1447 1858 1632 1901 humana

215 1945 357 1990 potest
391 1933 492 1976 haec
524 1933 715 1991 quaestio
750 1933 939 1976 institui:
974 1947 1185 1991 quaenam
1219 1931 1300 1973 sint
1338 1929 1563 1987 illa‚quae
1596 1928 1630 1971 si

216 2004 296 2062 ipsi
330 2020 415 2048 non
450 2005 596 2058 insint,
622 2020 667 2048 ea
690 2005 845 2063 poterit
869 2003 1045 2059 quidem
1073 2003 1247 2048 abusive
1270 2002 1411 2046 vocari
1444 2001 1525 2055 leX,
1559 1998 1631 2044 sed

216 2092 313 2121 vera
346 2076 412 2121 lex
446 2093 536 2121 esse
570 2078 729 2135 nequit.

309 2299 365 2342 (1)
395 2297 451 2334 Cf.
477 2297 521 2332 de
548 2297 612 2333 hac
640 2310 676 2332 re
703 2299 843 2338 Suarez,
864 2296 906 2330 de
934 2295 1003 2341 leg.
1026 2296 1092 2330 1.1.
1113 2306 1143 2329 c.
1171 2304 1202 2339 9.
1222 2305 1322 2328 num.
1347 2300 1387 2335 3.,
1408 2291 1466 2326 ubi
1494 2299 1633 2338 praeter

217 2356 284 2393 alia
302 2358 408 2393 habet
435 2358 535 2392 haec:
558 2374 572 2388 α
591 2357 821 2404 Impossibile
842 2366 902 2400 est,
924 2365 960 2391 ut
979 2357 1035 2391 lex
1055 2355 1175 2389 divina
1194 2353 1348 2400 positiva
1367 2351 1500 2398 aliquid
1517 2355 1633 2386 contra

218 2418 417 2452 naturalem
449 2418 621 2453 iustitiam
651 2419 846 2457 contineat,
876 2417 958 2451 licet
986 2423 1088 2463 supra
1115 2414 1217 2449 illam
1243 2413 1355 2449 multa
1396 2412 1507 2458 possit
1534 2421 1635 2457 prae-

219 2478 345 2522 cipere,
374 2489 463 2524 quae
490 2480 525 2512 in
553 2489 617 2513 suo
646 2477 772 2512 ordine
800 2487 881 2511 sunt
909 2475 1172 2511 honestissima⁴
1193 2488 1209 2506 >›
1242 2474 1284 2508 Et
1312 2472 1488 2507 rationem
1527 2469 1634 2516 paulo

219 2546 300 2571 ante
327 2537 469 2572 exhibet
495 2538 594 2572 hisce
621 2539 747 2573 verbis:
789 2553 805 2567 «
820 2538 926 2573 Ratio
954 2545 1005 2571 est
1032 2534 1208 2571 rectitudo
1248 2544 1310 2580 per
1342 2529 1535 2566 essentiam
1578 2529 1632 2563 di-

218 2597 321 2632 vinae
348 2597 553 2633 voluntatis.
574 2612 591 2630 »
