1734 2784
659 111 712 117 -··
746 99 828 142 431
864 111 921 119 ’-

78 179 221 224 diam.-
254 179 349 235 quis
381 179 548 222 miseris
581 194 711 237 opem
744 179 882 224 feret?
917 179 1044 224 Tolle
1092 188 1221 238 spem:
1272 195 1379 237 quae
1428 179 1501 222 iu-

78 250 271 294 cunditas
303 250 348 293 in
379 250 492 294 vita?
526 250 654 294 Tolle
685 267 863 296 amorem
895 253 938 294 in
971 251 1107 295 filios:
1144 267 1250 310 quae
1285 267 1383 295 cura
1419 267 1496 310 pa-

62 333 249 365 v*rentum
279 321 323 364 in
341 332 452 364 recta
468 322 664 379 ipsorum
682 322 962 366 educatione?
984 323 1172 376 Quoties
1193 334 1498 381 quantumque

78 392 248 436 homini
279 391 455 450 prodest
488 394 552 436 ira
584 392 635 436 ad
667 392 832 437 fortiter
878 410 922 437 se
975 393 1234 451 gerendum,
1280 395 1401 438 timor
1449 393 1499 437 ad

79 464 295 521 agendum
325 464 575 522 prudenter,
593 465 730 522 pudor
760 481 834 509 seu
869 465 1125 508 verecundia
1158 465 1209 509 ad
1244 478 1356 509 caste
1388 478 1498 509 tem-

79 548 305 594 perateque
350 535 600 579 vivendum.
650 537 960 580 Verumtamen
1004 538 1223 594 passiones
1275 537 1352 580 hae
1400 548 1499 580 sunt

80 608 203 652 nobis
237 607 460 652 utilissima
491 607 763 666 adminicula,
797 608 1038 653 dummodo
1073 622 1119 653 ut
1152 610 1237 653 iam
1270 611 1313 652 in
1337 624 1499 667 prooe-

82 681 174 723 mio
206 679 333 723 huius
368 680 516 738 capitis
550 679 756 734 diximus,
781 680 951 724 easdem
978 683 1234 738 castigemus
1258 694 1298 724 et
1321 696 1395 738 per
1416 681 1501 724 vir—

56 748 193 795 ‘tutes
240 751 532 795 moderemur.
568 752 613 795 Si
646 751 729 795 hoc
761 752 1094 810 neglexerimus,
1129 754 1163 796 si
1207 767 1274 795 eas
1318 751 1369 795 ad
1412 753 1501 794 im-

82 822 396 866 moderantiam
418 824 639 880 pervenire
672 824 914 877 siverimus,
949 837 1049 867 tunc
1084 840 1134 867 ex
1168 836 1314 867 nostra
1363 824 1500 881 culpa,

81 894 195 938 haud
226 910 347 940 secus
377 910 422 938 ac
445 896 543 953 equi
566 894 767 938 indomiti
790 908 830 938 et
854 895 1050 947 effrenes,
1076 897 1206 939 exitio
1231 895 1354 938 nobis
1378 909 1503 939 erunt

81 982 127 1010 ac
159 968 322 1019 ruinae,
358 978 398 1009 et
445 965 495 1009 ad
529 982 706 1010 omnem
753 966 1071 1024 infringendam
1106 968 1294 1011 divinam
1343 968 1501 1011 huma—

21 1093 26 1096 ·
80 1052 266 1096 namque
297 1037 439 1094 legem
472 1036 694 1081 adducent.
736 1039 840 1082 «Ne
864 1038 1031 1096 culpam
1056 1054 1159 1095 ergo
1184 1039 1227 1081 in
1249 1055 1340 1082 rem
1364 1041 1502 1098 ipsam

81 1109 367 1163 conferamus,
401 1109 476 1152 sed
499 1125 669 1166 semper
702 1111 744 1152 in
792 1122 983 1152 nostram
1020 1123 1254 1153 mentem»
1297 1111 1382 1170 (Ι).

198 1183 380 1233 Verum,
415 1181 598 1238 inquies,
632 1182 665 1223 si
699 1182 917 1238 passiones
944 1182 1183 1225 secundum
1208 1198 1252 1226 se
1277 1196 1504 1241 spectatae,

81 1267 159 1295 nec
190 1251 327 1295 bonae
359 1263 458 1294 sunt
490 1267 568 1294 nec
603 1251 737 1295 malae
770 1253 1004 1305 moraliter,
1042 1269 1218 1296 curnam
1263 1253 1504 1311 ftequenter

81 1322 281 1366 dicuntur
314 1323 484 1366 malae?
518 1323 636 1376 Quia
683 1323 840 1366 scilicet
886 1325 1136 1381 passionum
1185 1326 1361 1368 nomine
1409 1338 1503 1368 tum

79 1407 243 1438 veteres
275 1407 367 1437 tum
391 1396 649 1437 recentiores
673 1411 761 1437 non
786 1408 932 1438 motus
957 1397 1168 1453 appetitus
1204 1412 1504 1455 quoscumque

81 1465 336 1523 significant,
368 1466 442 1509 sed
476 1466 555 1509 hos
589 1479 733 1509 motus
767 1480 812 1510 ut
846 1482 1062 1510 recessum
1096 1484 1117 1510 a
1149 1469 1325 1511 rationis
1361 1469 1507 1524 regula

82 1538 318 1583 includunt.
353 1539 415 1582 Ita
448 1538 611 1583 Tullius
656 1555 753 1581 cum
797 1539 868 1597 (2)
902 1540 1060 1596 inquit:
1112 1558 1133 1580 «
1158 1540 1505 1584 Perturbationes

82 1624 182 1655 sunt
215 1610 373 1655 turbidi
409 1612 657 1654 animorum
692 1612 976 1669 concitatique
1010 1624 1175 1665 motus,
1211 1613 1345 1654 aversi
1379 1629 1400 1655 a
1436 1628 1505 1654 ra-

81 1684 199 1727 tione
232 1695 272 1726 et
305 1683 594 1726 inimicissimi
628 1684 783 1725 mentis
808 1684 1001 1740 vitaeque
1026 1683 1274 1739 tranquillae
1298 1701 1338 1726 ».
1362 1684 1506 1727 Immo

82 1771 222 1813 neque
255 1767 399 1797 motus
433 1767 597 1797 tantum
632 1753 889 1810 intelligunt,
934 1754 1009 1797 sed
1059 1753 1225 1797 habitus
1275 1755 1388 1797 iuxta
1433 1771 1508 1798 eos

83 1827 287 1885 operandi
320 1828 346 1871 i.
383 1843 417 1870 e.
452 1827 567 1883 ipsos
600 1826 809 1868 vitiorum
846 1825 1025 1869 habitus.
1064 1827 1191 1879 Quos
1226 1825 1390 1869 habitus
1433 1827 1508 1884 qui

85 1899 206 1958 culpa
239 1915 314 1942 sua
348 1899 620 1951 contraxerit,
659 1913 770 1940 nunc
802 1910 964 1951 autem,
1000 1910 1046 1941 ut
1081 1913 1153 1955 par
1188 1910 1263 1951 est,
1298 1898 1400 1941 velit
1435 1898 1508 1941 de—

85 1984 262 2028 ponere,
295 1968 398 2012 illud
432 1968 688 2021 meminerit,
713 1967 829 2025 quod
862 1968 1016 2024 legitur
1049 1966 1162 2025 apud
1194 1969 1397 2011 Tacitum
1422 1967 1507 2026 (3):

91 2042 196 2085 «Ne
230 2041 422 2098 corporis
457 2039 629 2096 quidem
665 2038 840 2081 morbos
874 2051 1038 2082 veteres
1064 2052 1103 2082 et
1128 2039 1199 2082 diu
1234 2052 1395 2097 auctos,
1425 2041 1509 2082 nisi

86 2129 163 2170 pei·
195 2112 299 2156 dura
322 2125 362 2155 et
384 2127 529 2169 aspera
553 2126 758 2153 coerceas:
785 2124 1017 2167 corruptus
1043 2110 1173 2153 simul
1194 2123 1233 2153 et
1258 2124 1505 2168 corruptor,

84 2199 210 2240 aeger
242 2195 282 2226 et
313 2183 494 2240 flagrans
542 2183 708 2225 animus
743 2181 856 2224 haud
907 2182 1142 2225 levioribus
1177 2182 1379 2225 remediis
1429 2201 1510 2226 ex-

86 2254 375 2312 stinguendus
409 2267 489 2307 est,
524 2269 649 2310 quam
684 2252 925 2296 libidinibus
961 2253 1198 2296 ardescit.»

181 2451 233 2495 (1)
260 2453 315 2486 Dc
344 2452 568 2497 passionibus
597 2451 636 2484 cs.
668 2452 852 2491 Descuret,
882 2449 911 2482 lii
943 2448 1103 2483 iiiwlirine
1130 2448 1182 2483 des
1205 2449 1371 2495 [nmium.

179 2511 233 2555 (2)
261 2511 370 2547 Tusa.
398 2512 488 2556 disp.
521 2511 578 2544 IV.
614 2520 661 2552 15.
694 2511 748 2545 (js.
780 2510 985 2555 'l'ongfflrgi
1014 2509 1036 2542 l.
1068 2510 1124 2543 cit.

181 2570 238 2615 (3)
267 2570 396 2604 Annal.
426 2571 482 2605 111.
516 2582 566 2614 51.
