1734 2784
127 203 286 249 accedat
318 202 374 247 ad
399 201 660 261 puniendum
693 201 833 260 impios
858 203 1084 260 positivum
1106 203 1227 247 aliud
1258 214 1560 259 nocumentum,

127 287 173 320 eo
202 284 320 334 pacto
354 290 431 333 quo
465 273 643 318 debitum
675 282 749 327 est,
783 282 830 317 ut
861 274 1066 332 adeptioni
1098 276 1238 321 ultimi
1258 277 1360 336 finis
1401 278 1569 323 accedat

125 355 202 406 pro
236 346 347 390 bonis
373 346 554 404 positiva
576 345 662 389 alia
685 347 974 390 remuneratio.
1006 372 1067 379 ——
1098 348 1157 391 Ut
1189 348 1329 407 inquit
1363 364 1396 394 S.
1431 349 1571 394 Tho-

128 433 220 460 mas
253 417 338 476 (1),
395 432 536 460 «non
583 415 728 460 solum
778 416 850 474 qui
893 429 1040 460 contra
1072 418 1217 462 Deum
1261 432 1454 478 peccant,
1484 437 1568 479 pu-

122 488 272 532 niendi
306 500 404 531 sunt
437 503 513 545 per
544 487 642 545 hoc,
676 487 793 546 quod
827 504 849 531 a
880 487 1142 533 beatitudine
1176 503 1389 550 perpetuo
1419 492 1566 536 exclu-

125 558 298 612 dantur,
330 559 405 602 sed
438 559 568 602 etiam
613 575 687 616 per
728 560 1073 617 experimentum
1117 561 1296 604 alicuius
1345 563 1501 608 nocivi.
1539 581 1559 604 »

128 631 265 674 Cuius
300 631 359 673 rei
393 643 578 689 quatuor
611 629 728 674 affert
775 629 934 674 validas
983 632 1182 676 rationes.
1233 633 1404 677 Priores
1454 634 1564 679 duae

129 702 315 744 rationes
348 703 599 760 praesertim
633 701 971 746 considerentur:
1017 719 1200 762 quarum
1246 704 1373 748 altera
1406 705 1558 763 probat

128 772 332 830 positivas
366 771 465 815 alias
510 787 669 830 poenas
717 787 810 815 esse
858 784 898 816 et
942 773 1052 830 ipsas
1100 774 1246 831 iustas,
1279 774 1408 818 altera
1457 791 1562 820 vero

126 842 317 886 ostendit
350 842 520 886 easdem
554 858 646 886 esse
679 844 923 888 necessarias
958 843 1009 888 ad
1031 843 1263 888 humanam
1287 845 1555 890 voluntatem

129 915 172 958 in
207 914 348 959 officio
384 914 701 959 continendam.

251 1005 272 1027 «
298 987 450 1041 Primo,
483 1001 622 1044 poena
646 985 770 1030 debet
793 987 1174 1044 proportionaliter
1198 987 1345 1046 culpae
1370 1005 1554 1047 respon-

126 1058 238 1102 dere.
273 1059 320 1101 In
355 1057 476 1116 culpa
509 1070 652 1101 autem
687 1072 774 1101 non
809 1058 951 1101 solum
999 1060 1205 1103 avertitur
1249 1076 1370 1103 mens
1404 1060 1452 1104 ab
1486 1061 1560 1104 ul-

126 1130 237 1173 timo
270 1129 368 1187 fine,
400 1129 475 1173 sed
506 1130 633 1173 etiam
682 1129 866 1173 indebite
915 1132 1179 1175 convertitur
1222 1132 1265 1174 in
1298 1131 1392 1185 alia,
1439 1134 1560 1190 quasi

126 1201 170 1244 in
202 1200 320 1245 fines.
355 1201 457 1246 Non
490 1201 633 1244 solum
669 1215 774 1258 ergo
807 1201 1051 1258 puniendus
1101 1214 1164 1245 est
1198 1203 1270 1260 qui
1304 1215 1448 1260 peccat
1482 1219 1558 1261 per

125 1270 222 1326 hoc,
256 1271 373 1330 quod
405 1271 654 1315 excludatur
687 1288 708 1315 a
740 1271 837 1326 fine,
872 1272 946 1316 sed
979 1273 1106 1316 etiam
1140 1289 1215 1331 per
1238 1273 1338 1327 hoc,
1365 1274 1483 1333 quod
1507 1291 1559 1318 ex

123 1341 215 1386 aliis
249 1342 374 1386 rebus
409 1343 562 1387 sentiat
594 1355 907 1386 nocumentum
942 1343 1026 1402 (2).

243 1415 455 1473 Amplius,
505 1430 669 1472 poenae
716 1414 954 1458 inferuntur
1001 1430 1080 1473 pro
1125 1415 1274 1474 culpis,
1308 1428 1355 1460 ut
1394 1417 1552 1461 timore

124 1500 365 1544 poenarum
399 1485 599 1529 homines
632 1502 653 1529 a
687 1486 869 1543 peccatis
904 1485 1186 1530 retrahantur.
1221 1487 1374 1532 Nullus
1410 1500 1554 1532 autem

123 1557 246 1600 timet
279 1557 474 1600 amittere
506 1556 567 1610 id,
602 1556 719 1615 quod
752 1572 839 1600 non
873 1556 1083 1600 desiderat
1115 1558 1307 1616 adipisci3
1340 1559 1412 1617 qui
1447 1575 1551 1617 ergo

124 1626 280 1670 habent
311 1626 575 1671 voluntatem
609 1642 800 1671 aversam
849 1627 896 1670 ab
930 1626 1083 1671 ultimo
1132 1628 1228 1682 fine,
1277 1644 1365 1672 non
1398 1630 1552 1673 timent

121 1697 290 1742 excludi
322 1697 371 1741 ab
405 1698 490 1743 illo,
527 1699 628 1743 Non
662 1714 767 1755 ergo
802 1714 876 1757 per
909 1698 1047 1743 solam
1082 1700 1374 1743 exclusionem
1409 1699 1457 1744 ab
1492 1700 1553 1744 ul-

122 1769 230 1812 timo
264 1768 346 1812 fine
379 1786 401 1813 a
435 1769 650 1827 peccando
682 1782 1002 1815 revocarentur.
1052 1770 1242 1829 Oportet
1288 1772 1419 1829 igitur
1450 1787 1554 1830 pec-

124 1839 315 1883 cantibus
368 1839 492 1884 aliam
545 1855 730 1898 poenam
783 1840 989 1898 adhiberi,
1036 1857 1163 1899 quam
1218 1844 1398 1886 timeant
1451 1859 1553 1901 pec-

121 1923 282 1954 canteS.

243 1983 359 2036 Item,
393 1983 426 2025 si
461 1983 555 2041 quis
590 1998 656 2038 eo,
693 1981 810 2040 quod
844 1994 907 2026 est
940 1982 991 2025 ad
1013 1981 1158 2042 finem,
1194 1984 1436 2028 inordinate
1469 1986 1553 2028 uti-

120 2068 206 2111 tur,
240 2069 325 2097 non
359 2054 499 2097 solum
534 2052 616 2097 fine
650 2055 854 2111 privatur,
887 2053 962 2098 sed
996 2055 1122 2098 etiam
1157 2055 1272 2099 aliud
1310 2071 1547 2099 nocumen-

215 2286 275 2329 (Ι)
303 2285 428 2320 Contr.
455 2294 551 2331 gent.
580 2284 601 2318 l.
630 2285 690 2319 111.
718 2296 747 2319 c.
779 2296 857 2330 145.

221 2345 277 2388 (2)
306 2344 398 2378 Hinc
425 2343 524 2378 vides
552 2344 830 2389 responsionem
849 2346 1011 2392 sequenti
1032 2345 1248 2381 difficultati.
1266 2346 1405 2381 Malitia
1425 2346 1550 2393 culpae

122 2411 177 2438 est
202 2403 238 2436 in
267 2402 336 2437 hoc
367 2402 461 2448 quod
489 2402 533 2437 sit
559 2404 697 2437 aversio
726 2404 767 2437 ab
796 2403 924 2438 ultimo
953 2404 1036 2439 fine.
1066 2405 1176 2451 Atqui
1204 2405 1383 2439 aversioni
1410 2406 1453 2440 ab
1495 2405 1549 2440 ul-

120 2463 214 2498 timo
235 2462 304 2496 fine
323 2462 428 2508 plene
455 2461 650 2508 respondet
677 2462 825 2497 amissio
855 2462 1026 2498 eiusdem.
1046 2464 1156 2509 Ergo.
1178 2464 1369 2510 Distingue
1388 2465 1548 2499 animad-

120 2520 296 2556 vertendo
316 2521 492 2556 malitiam
513 2520 639 2567 culpae
658 2532 736 2556 esse
755 2521 865 2556 veluti
881 2521 1075 2568 duplicem:
1095 2522 1199 2569 culpa
1219 2523 1316 2557 enim
1337 2531 1388 2558 est
1407 2523 1547 2558 aversio

120 2593 143 2616 a
168 2583 248 2617 Deo
277 2592 310 2618 et
337 2582 524 2618 conversio
554 2581 707 2617 indebita
735 2583 768 2617 in
798 2591 989 2619 creaturas.
