1734 2784
183 210 255 254 163.
283 210 526 258 Quaestiones
552 209 595 244 de
619 211 809 245 virtutibus
837 208 1079 244 solvendae..
1130 237 1136 243 .
1189 236 1198 243 .
1253 236 1259 242 .
1313 235 1318 242 .
1374 235 1380 242 .
1435 217 1504 254 454

86 283 264 327 Thesis
295 283 409 327 LVI.
443 307 499 315 —
541 282 691 326 Utrum
724 282 894 325 virtutes
931 282 1012 324 sint
1060 279 1212 323 hoinini
1252 293 1386 323 neces-

263 350 1504 397 sariae..............ib.

185 434 259 479 164.
286 436 603 471 Demonstratio.
629 455 674 461 -
700 436 789 470 Sunt
816 434 1038 470 necessariae
1069 454 1098 460 -
1127 433 1171 468 ad
1197 432 1386 468 uniformi-

278 505 342 538 ter,
367 504 536 542 prompte
562 504 597 530 et
624 493 886 530 delectabiliter
924 493 1147 541 operandum
1173 513 1218 519 —
1244 505 1307 528 seu
1348 493 1391 528 ad

278 564 374 591 recte
400 554 631 602 perfecteque
649 553 843 589 vivendum
849 580 1392 589 ..........
1460 554 1505 588 ib.

194 613 269 658 165.
300 615 512 651 Scholion.
539 635 584 640 -
608 615 768 650 Virtutes
796 614 831 648 in
858 614 963 648 nobis
990 621 1070 648 sunt
1089 625 1107 647 a
1125 620 1251 648 natura
1271 632 1314 639 —-
1333 624 1388 648 se-

276 674 434 709 cundum
462 662 700 720 aptitudinem
728 682 761 708 et
787 672 1062 708 inchoationem
1088 692 1133 698 -
1159 684 1234 708 non
1269 681 1390 708 autem

280 732 478 769 secundum
507 732 781 778 perfectionem.
843 757 1387 768 ..........
1440 741 1506 777 435

91 806 269 851 Thesis
300 806 435 849 LVII.
470 830 525 839 —
563 805 674 861 Quot
705 814 742 849 et
773 818 977 863 quaenam
1007 805 1088 848 sint
1110 805 1279 848 virtutes
1301 820 1390 849 car-

266 877 1510 933 alimales..............436

186 960 262 996 166.
293 961 603 996 Praenotiones.
638 982 670 986 -
701 961 765 994 Vis
792 969 825 995 et
852 959 941 994 ratio
969 959 1073 994 huius
1100 960 1361 1005 appellationis.
1384 989 1389 995 .
1459 962 1507 998 ib.

188 1019 262 1064 167.
293 1021 608 1055 Demonstratio.
639 1040 680 1045 —-
707 1020 849 1066 Duplex
864 1019 1009 1054 affertur
1033 1031 1060 1054 s.
1089 1019 1257 1054 Thomae
1279 1031 1388 1066 argu-

278 1088 1507 1127 mentum..................437

189 1139 264 1174 168.
294 1140 503 1175 Scholion.
529 1159 573 1165 —
600 1138 730 1173 Tribus
749 1138 868 1173 modis
886 1147 1036 1183 possunt
1056 1138 1246 1173 virtutibus
1274 1140 1387 1174 cardi-

280 1198 421 1232 nalibus
448 1198 618 1243 assignari
647 1206 775 1243 partes:
799 1218 835 1223 -
858 1197 1062 1243 integrales,
1084 1198 1311 1241 subiectivae,
1330 1210 1393 1245 po-

278 1258 456 1292 tentiales.
532 1284 1377 1293 ...............
1436 1260 1505 1305 438

93 1318 272 1362 Thesis
305 1317 462 1361 LVIII.
496 1341 553 1349 -
585 1316 731 1360 Brevis
778 1315 1037 1359 adumbratio
1079 1318 1394 1376 mziuscuinsqne

271 1403 317 1431 ex
350 1387 568 1432 virtutibus
601 1387 944 1432 cardinalibus..
1013 1423 1020 1430 .
1088 1422 1096 1430 .
1161 1423 1169 1430 .
1236 1423 1243 1430 .
1309 1423 1317 1432 .
1382 1423 1391 1431 .
1426 1403 1511 1446 430

189 1460 263 1508 169.
293 1462 532 1496 Declaratio.
559 1481 604 1485 -—
634 1471 661 1495 1.
690 1461 923 1495 Pauoewm.
951 1479 993 1485 —
1029 1459 1192 1505 Definitio
1232 1479 1275 1485 —
1314 1461 1395 1495 Ari-

285 1520 424 1555 stotelis
462 1539 505 1545 —
534 1520 721 1555 Ciceronis
768 1540 800 1545 —
843 1531 869 1554 s.
897 1519 1106 1565 Augustini:
1141 1539 1180 1544 —
1208 1521 1395 1566 quomodo

284 1580 471 1626 prudentia
499 1579 570 1613 dici
609 1579 717 1625 possit
758 1578 870 1613 virtus
909 1578 1068 1613 moralis.
1096 1599 1127 1604 —
1165 1580 1325 1614 Par-titio:
1355 1601 1394 1606 —

291 1648 407 1685 partes
447 1640 546 1685 quasi
585 1637 775 1684 integrales
803 1647 882 1672 sunt
922 1639 1107 1680 memoria,
1149 1639 1396 1684 intelligentia,

289 1698 463 1740 docilitas,
491 1697 665 1740 sollertia,
696 1698 800 1740 ratio,
831 1697 1069 1743 providentia,
1109 1699 1394 1744 circumspectio,

286 1758 404 1792 cautio
431 1778 475 1783 —
517 1758 732 1792 subiectivae
773 1766 854 1791 sunt
893 1757 1107 1798 monastica,
1149 1760 1398 1802 oeconomica,

287 1817 461 1859 militaris,
492 1817 687 1863 regnativa,
728 1816 875 1862 politica
908 1838 941 1841 -
976 1817 1193 1862 potentiales
1232 1826 1311 1853 suut
1341 1831 1400 1852 eu-

287 1877 392 1920 bulia,
418 1877 561 1919 sinesis‚
590 1887 738 1923 gnome.
768 1895 812 1902 —
835 1876 925 1910 Vitia
953 1877 1116 1923 opposita:
1146 1897 1179 1902 —-
1208 1888 1269 1923 per
1295 1876 1393 1912 dese-

289 1945 399 1979 ctum,
427 1947 487 1982 per
513 1935 638 1970 falsam
667 1935 956 1977 similitudinem,
986 1947 1046 1981 per
1073 1947 1269 1970 excessum.
1331 1965 1337 1971 .
1392 1965 1398 1971 .
1450 1948 1520 1981 440

196 2007 224 2032 2.
253 2007 428 2033 tUST1T1A.
457 2016 498 2020 —
527 1994 688 2041 Definitio
716 2015 759 2021 —
779 1995 925 2041 Ulpiani
953 2015 993 2020 —
1022 2007 1050 2030 s.
1073 1995 1238 2030 Thomae
1258 2016 1300 2022 —
1319 1998 1399 2031 Ari-

288 2057 439 2092 stotelis:
472 2055 606 2090 —tria
646 2064 725 2090 sunt
752 2057 796 2090 de
834 2055 973 2090 ratione
1017 2056 1185 2099 iustitiae,
1225 2057 1399 2101 alteritas,

290 2116 462 2158 debitum,
489 2115 694 2161 aequalitas.
724 2135 765 2140 —-
794 2115 957 2150 Par-citio:
987 2136 1031 2141 —
1059 2125 1177 2161 partes
1209 2116 1399 2162 integrales

289 2185 369 2210 sunt
396 2174 534 2208 habitus
562 2173 714 2209 faciendi
743 2174 880 2208 bonum
907 2174 1007 2209 alteri
1050 2176 1122 2209 iure
1163 2174 1324 2210 debitum
1366 2186 1398 2211 et

287 2234 429 2269 habitus
456 2232 662 2267 declinandi
688 2245 706 2267 a
734 2232 831 2267 malo
851 2234 951 2268 alteri
981 2233 1112 2269 nocivo
1133 2253 1176 2260 —
1196 2243 1312 2280 partes
1341 2245 1398 2269 su-

288 2294 462 2328 biectivae
489 2301 569 2327 sunt
596 2293 727 2327 iustitia
768 2292 947 2337 generalis
975 2302 1007 2327 et
1045 2293 1279 2338 particularis,
1308 2306 1396 2340 quae

289 2363 408 2386 rursus
435 2351 603 2386 dividitur
631 2351 665 2385 in
693 2352 993 2386 commutativam
1014 2359 1048 2385 et
1067 2351 1330 2386 distributivam
1360 2373 1398 2379 —

291 2420 408 2458 partes
446 2410 660 2458 potentiales
699 2418 778 2445 sunt
820 2409 960 2456 religio,
998 2411 1122 2456 pietas,
1163 2411 1399 2454 observantia,

292 2471 510 2512 obedientia,
542 2471 682 2513 veritas,
724 2469 914 2516 gratitudo,
953 2470 1159 2513 vindicatio,
1202 2470 1404 2513 liberalitas,

292 2529 496 2572 affabilitas,
511 2529 678 2564 amicitia.
696 2550 731 2554 —
753 2528 843 2563 Vitia
863 2530 1030 2577 opposita:
1053 2549 1095 2554 —
1117 2529 1287 2564 iniustitia
1304 2530 1402 2564 cuius

294 2587 411 2622 variae
438 2598 519 2623 sunt
546 2588 685 2634 species
712 2596 745 2622 et
773 2587 882 2622 nimia
904 2588 1034 2622 iustitia
1040 2614 1405 2624 .......
1453 2597 1517 2635 443
