1734 2784
730 88 994 133 —302—

160 177 212 219 de
246 175 363 218 omni
399 174 572 215 veritate
606 170 839 213 necessaria
871 168 1160 212 necessarium
1194 166 1317 210 habet
1350 165 1574 218 iudicium,

161 250 249 290 sive
283 248 333 288 sit
368 246 417 288 de
452 260 493 287 re
527 245 707 286 increata
756 242 843 284 sive
892 240 942 283 de
986 252 1133 296 creata,
1183 239 1272 281 sive
1319 237 1575 295 speculativa

163 321 250 361 sive
285 318 465 375 practica
500 331 573 357 seu
609 312 810 371 operabili
844 312 891 354 ab
927 311 1160 354 homine...
1194 311 1296 354 Non
1338 322 1399 352 est
1433 310 1578 352 incon-

164 392 340 433 veniens
375 387 616 430 necessitari
652 385 836 428 divinam
887 384 1152 426 voluntatem
1198 382 1248 425 ad
1283 380 1395 424 illam
1430 379 1581 437 prohi-

166 462 369 504 bitionem
405 460 604 517 (actionis
641 457 690 500 de
718 474 760 499 se
785 470 823 499 et
849 457 1072 498 intrinsece
1096 454 1242 511 malae,
1267 470 1301 496 e.
1326 470 1365 509 g.
1389 451 1583 509 blasphe-

169 534 292 587 miae,
327 530 536 588 parricidii
571 529 672 586 etc.)
705 544 751 571 ex
782 528 1061 586 ςιιρροςὶΙὶοησ,
1096 525 1213 583 quod
1247 526 1364 568 Deus
1399 523 1584 567 decrevit

168 616 361 646 naturam
398 602 628 644 humanam
664 599 860 652 condere,
895 612 934 641 et
969 597 1083 640 illam
1118 597 1354 653 gubernare
1377 612 1451 638 seu
1487 610 1586 637 con-

171 675 415 717 venientem
450 671 762 730 providentiam
800 672 907 713 circa
945 669 1057 712 illam
1103 669 1266 711 habere.
1302 685 1321 707 ³>
1363 668 1478 710 Haec
1512 666 1588 722 igi-

172 757 258 797 tur,
294 759 421 800 quam
457 744 499 785 in
533 744 627 785 Deo
662 742 948 799 concipimus,
984 742 1210 783 necessitas
1253 751 1315 782 est
1347 738 1590 795 hypothetica

175 829 298 873 atque
332 815 381 857 ab
418 816 629 856 intrinseco
669 813 742 869 (1).

299 900 392 940 109.
427 886 668 928 ScHOLtoN.
695 883 760 926 Aa
795 881 1017 925 solvendas
1053 881 1317 924 difficultates
1342 894 1590 938 praeterea,

179 973 284 1015 quae
308 958 389 999 iam
410 956 702 1013 exposuimus,
722 954 822 996 haec
852 953 930 995 alia
949 952 1172 1009 diligenter
1197 952 1596 995 animadvertantur.

297 1029 327 1071 I.
365 1025 753 1079 Quemadmodum
803 1041 866 1068 ars
902 1025 1138 1068 Medicinae
1187 1040 1275 1067 non
1324 1025 1481 1080 unico,
1523 1023 1598 1067 sed

180 1099 324 1142 multis
360 1111 522 1141 constat
557 1098 806 1154 praeceptis,
840 1112 1027 1154 quorum
1061 1095 1174 1138 aliud
1206 1095 1279 1138 tibi
1304 1095 1430 1138 tradit
1458 1106 1497 1138 et
1521 1111 1600 1152 ap—

181 1172 306 1229 plicat
341 1171 374 1212 si
409 1182 606 1226 aegrotus
641 1169 713 1226 sis,
746 1167 857 1211 aliud
891 1170 925 1210 si
960 1183 1100 1220 sanus,
1135 1167 1245 1210 aliud
1280 1167 1314 1209 si
1348 1166 1446 1219 hoc,
1488 1166 1601 1210 aliud

183 1244 217 1284 si
253 1242 323 1284 illo
358 1240 511 1283 morbo
545 1240 724 1296 labores,
759 1239 870 1282 aliud
903 1240 937 1281 si
972 1239 1143 1291 debileS,
1194 1238 1305 1282 aliud
1330 1240 1382 1287 ,si
1416 1239 1603 1296 integras

184 1313 336 1356 habeas
370 1314 493 1356 vires:
529 1312 626 1355 hinc
659 1325 801 1354 tamen
835 1327 963 1354 nemo
1013 1310 1227 1354 concludit
1267 1310 1525 1354 medicinam
1560 1311 1603 1353 in

187 1400 231 1427 se
265 1399 357 1427 esse
391 1383 655 1440 mutabilem,
689 1382 762 1425 sed
795 1395 834 1425 te
869 1398 962 1425 esse
986 1383 1110 1424 variis
1135 1381 1498 1425 vicissitudinibus
1524 1381 1605 1425 ob-

188 1456 382 1508 noxium3
417 1456 473 1497 ita
505 1454 571 1497 lex
603 1454 800 1497 naturalis
836 1453 954 1511 plura
987 1455 1029 1496 in
1063 1469 1107 1496 se
1141 1455 1363 1496 continens
1387 1465 1608 1511 praecepta

190 1527 303 1570 aliud
348 1527 421 1569 tibi
458 1526 583 1569 dictat
616 1527 651 1568 si
684 1525 794 1568 filius
830 1526 900 1582 sis,
935 1524 1047 1568 aliud
1082 1526 1114 1567 si
1150 1524 1465 1582 paterfamilias,
1498 1524 1610 1568 aliud

191 1599 224 1640 si
259 1598 390 1651 dives,
409 1597 524 1640 aliud
560 1599 594 1639 si
627 1613 800 1655 pauper,
834 1596 947 1640 aliud
979 1598 1013 1639 si
1049 1598 1088 1638 in
1123 1597 1219 1650 hoc,
1253 1595 1364 1640 aliud
1397 1597 1431 1639 si
1465 1597 1507 1638 in
1540 1596 1612 1640 illo

193 1671 301 1712 ‘vitae
334 1684 489 1726 genere
533 1684 606 1711 seu
640 1680 750 1711 statu
795 1668 936 1725 degas,
971 1681 1011 1711 et
1045 1669 1100 1710 ita
1132 1683 1277 1725 porro:
1329 1667 1428 1710 hinc
1470 1680 1613 1711 tamen

194 1740 322 1783 debes
356 1738 627 1794 concludere,
660 1754 747 1781 non
783 1738 958 1796 quidem
992 1738 1133 1796 legem
1181 1737 1413 1781 naturalem
1447 1753 1538 1780 esse
1572 1738 1615 1780 in

196 1827 240 1854 se
268 1809 533 1866 mutabilem,
558 1809 631 1853 sed
655 1811 903 1867 terminum,
928 1825 1054 1868 quem
1083 1811 1171 1866 ipsa
1194 1810 1365 1866 respicit
1389 1824 1435 1852 ac
1458 1808 1618 1866 dirigit,

198 1896 365 1925 necnon
403 1882 639 1938 materiam,
674 1882 780 1924 circa
813 1896 942 1938 quam
976 1893 1183 1937 versatur,
1216 1895 1307 1923 esse
1352 1879 1617 1933 mutabilem,

199 1953 341 2009 legem
388 1967 492 1995 vero
525 1951 761 1995 naturalem
805 1952 1042 1995 discernere
1086 1950 1410 1994 mutabilitatem
1443 1952 1487 1994 in
1520 1965 1620 2008 pro-

200 2024 296 2081 prio
329 2023 516 2065 termino
549 2037 594 2064 ac
628 2023 815 2075 materia,
839 2023 962 2079 eique
985 2037 1076 2065 sese
1109 2021 1434 2064 accommodare
1467 2020 1620 2063 multi-

204 2093 400 2151 plicando
435 2106 654 2151 praecepta
702 2109 790 2149 sua,
824 2094 881 2135 ita
913 2106 1057 2136 tamen
1103 2105 1146 2135 ut
1180 2093 1270 2150 ipsa
1301 2093 1342 2134 in
1375 2108 1419 2134 se
1453 2106 1623 2149 semper

208 2176 372 2207 maneat
406 2162 641 2205 immobilis
677 2179 721 2205 ac
752 2162 886 2206 firma.

325 2236 375 2278 Π.
411 2236 491 2278 Fac
524 2236 654 2292 igitur
688 2247 878 2278 accurate
913 2234 1149 2291 distinguas
1183 2235 1291 2277 inter
1340 2235 1627 2276 mutationem

210 2321 259 2348 ex
284 2314 402 2363 parte
436 2307 556 2363 ipsius
589 2305 697 2363 Iagis,
718 2321 823 2363 quae
858 2306 1039 2348 mutatio
1073 2317 1135 2348 est
1160 2305 1348 2351 formalis
1372 2316 1410 2347 et
1444 2305 1631 2362 propria,

313 2538 370 2582 (1)
402 2538 489 2573 Vide
518 2550 617 2573 num.
646 2539 677 2573 8.
705 2549 785 2584 pag.
818 2548 869 2582 14.

1710 302 1719 314 2
1675 0 1719 273 μὲι-ἐμω*

1708 1179 1723 1191 -;
1708 1159 1723 1174 ῖ-
1706 1119 1723 1151 :fi
1706 1064 1723 1114 :un-1
1702 792 1723 1059 :mm-zzz-
