1734 2784
807 128 1042 169 -50—

213 213 448 272 possideret
480 223 620 252 autem
656 210 813 262 Deum,
848 208 930 251 iam
964 219 1074 251 esset
1108 205 1436 250 substantialiter
1468 205 1629 260 beatus,

213 300 252 330 et
286 303 333 328 cx
368 284 583 326 contrario
616 282 650 324 si
686 293 822 324 cetera
856 281 1000 323 omnia
1032 279 1142 323 bona
1175 278 1428 336 possideret,
1473 290 1632 323 careret

213 370 354 400 autem
389 356 498 410 Deo,
531 364 640 396 esset
674 367 818 409 reapse
853 351 984 393 miser
1016 350 1100 408 (1).
1136 350 1234 392 Huc
1267 348 1374 393 redit
1408 347 1485 392 alia
1529 348 1633 393 haec

211 444 243 470 s.
283 426 514 483 Augustini
547 423 755 466 sententia
787 421 871 479 (2):
921 419 1113 464 «Infelix
1146 419 1297 476 homo,
1329 420 1402 478 qui
1437 420 1515 463 scit
1548 418 1630 472 illa,

211 512 251 542 te
285 512 422 541 autem
458 496 600 538 nescit:
651 493 794 536 beatus
843 504 998 545 autem,
1032 492 1103 549 qui
1152 503 1190 534 te
1224 491 1316 548 scit,
1349 491 1515 534 etiamsi
1565 489 1633 534 illa

211 570 357 612 nescit:
382 569 455 625 qui
487 581 589 609 vero
623 578 661 607 te
695 577 734 607 et
770 563 838 606 illa
870 563 1006 616 novit,
1039 577 1125 605 non
1158 574 1332 619 propter
1364 560 1430 604 illa
1453 560 1633 618 beatior,

211 640 285 684 sed
321 651 493 697 propter
526 650 563 680 te
597 635 737 679 solum
771 633 929 677 beatus.
951 651 969 673 »

333 724 398 752 21.
436 710 684 752 SciioLiON.
720 706 817 748 Hoc
850 706 891 747 in
926 703 1091 748 scholio
1125 703 1211 747 duo
1246 703 1463 747 doctrinae
1496 703 1631 761 capita

211 782 389 825 breviter
424 777 741 822 declarabimus.

332 853 361 895 Ι.
396 852 455 893 Ex
491 850 556 901 iis,
592 864 698 905 quae
747 847 822 890 hac
856 848 898 889 in
946 846 1054 889 thesi
1104 845 1292 888 diximus
1318 881 1329 902 ‚
1362 844 1632 902 intelligitur,

211 921 435 980 quomodo
471 921 653 963 invicem
687 935 731 962 se
764 935 807 961 se
842 917 1017 961 habeant
1052 917 1158 960 duae
1192 916 1296 970 illae,
1316 933 1423 975 quae
1458 916 1628 960 homini

210 993 452 1037 naturaliter
486 994 658 1047 insunt,
705 990 959 1046 tendentiae,
1002 989 1131 1032 altera
1163 1004 1319 1047 nempe
1353 988 1403 1032 ad
1437 977 1626 1032 beatitu-

212 1065 356 1108 dinem
391 1077 430 1106 et
463 1065 587 1105 altera
622 1062 672 1105 ad
708 1063 851 1105 Deum
885 1060 1210 1118 glorificandum
1244 1060 1328 1119 (3).
1369 1087 1427 1093 —-
1461 1060 1632 1105 Scilicet

210 1153 291 1179 una
309 1135 542 1192 eademque
561 1146 623 1178 est
639 1133 855 1177 tendentia
877 1132 928 1176 ad
947 1148 1082 1175 unum
1103 1131 1301 1190 idemque
1321 1131 1500 1189 bonum,
1515 1130 1633 1189 quod

210 1220 272 1250 est
306 1207 385 1249 Dei
419 1206 607 1263 cognitio
641 1205 819 1262 eiusque
851 1219 991 1255 amor,
1027 1201 1228 1260 quodque
1262 1202 1339 1245 sub
1373 1202 1543 1246 diverso
1568 1217 1632 1245 re-

208 1291 353 1336 spectu
373 1290 434 1320 est
452 1277 579 1319 simul
598 1275 760 1318 bonum
781 1275 862 1318 Dei
881 1274 1165 1317 extrinsecum
1187 1287 1227 1317 et
1245 1273 1407 1316 b'onum
1427 1286 1636 1316 nostrum·

301 1464 356 1506 (1)
389 1476 405 1493 «
422 1463 460 1496 In
499 1459 702 1505 Scripturis,
732 1459 780 1493 ait
808 1470 833 1492 s.
862 1457 945 1499 Th.,
978 1468 1002 1492 1.
1034 1466 1064 1491 2.
1093 1469 1124 1503 q.
1152 1466 1186 1498 4.
1225 1467 1257 1490 a.
1302 1466 1349 1500 7.‚
1375 1454 1493 1489 solent
1526 1455 1632 1500 spiri-

207 1522 314 1556 tualia
341 1533 402 1566 pei·
428 1518 628 1565 corporalia
667 1518 894 1564 designari.»
936 1516 996 1550 Nil
1023 1515 1132 1562 igitur
1162 1514 1325 1559 impedit,
1353 1513 1550 1559 quominus
1589 1512 1634 1548 acl

206 1593 294 1619 rem,
321 1580 364 1613 de
402 1591 468 1625 qua
495 1578 646 1624 agimus,
673 1575 940 1622 explicandam,
970 1574 1286 1619 comparationem
1315 1572 1548 1606 desumamus
1589 1583 1633 1606 ex

209 1639 386 1679 convivio,
413 1638 450 1671 in
476 1649 546 1684 quo
574 1644 714 1682 praeter
740 1635 821 1668 vina
850 1643 956 1680 atque
984 1632 1117 1679 epulas,
1146 1643 1235 1678 quae
1263 1632 1503 1666 substantiam
1526 1631 1634 1677 ipsius

209 1700 440 1737 constituunt,
480 1694 782 1741 superadduntur,
811 1702 998 1739 tamquam
1037 1701 1155 1738 partes
1194 1684 1370 1725 eiusdem
1395 1690 1634 1725 accidentales

206 1768 310 1803 atque
339 1758 573 1801 integrantes,
602 1755 726 1795 flores,
756 1762 938 1798 poemata,
959 1761 1169 1793 concentus,
1191 1760 1380 1796 ceteraque
1408 1758 1634 1784 ornamenta.

208 1818 280 1862 Qui
308 1818 393 1851 haec
421 1816 543 1850 omnia
570 1816 716 1849 haberet
744 1823 777 1848 et
806 1822 940 1847 careret
967 1813 1051 1854 illis,
1085 1821 1176 1847 esset
1216 1813 1324 1856 inops
1352 1822 1391 1844 ac
1431 1811 1585 1845 ieiunus:
1615 1821 1634 1844 e

205 1877 386 1911 contrario
412 1876 438 1909 si
466 1876 544 1922 quis
571 1883 705 1908 careret
733 1872 878 1919 quidem
905 1872 982 1907 istis
1009 1871 1276 1911 additamentis,
1294 1869 1354 1904 illa
1374 1878 1495 1904 tamen
1522 1868 1633 1902 habe·

207 1946 270 1978 ret,
297 1936 325 1969 is
350 1944 539 1969 contentus
567 1933 670 1975 foret,
698 1943 814 1978 neque
844 1931 975 1978 aliquid
1004 1930 1046 1965 ad
1066 1930 1305 1965 substantiam
1334 1928 1492 1963 convivii
1519 1927 1631 1972 perti-

206 2007 295 2029 nens
322 1995 351 2028 ei
381 1994 537 2028 deesset.

301 2054 354 2097 (2)
382 2051 551 2087 Confess.
580 2051 600 2085 l.
627 2052 671 2085 V.
702 2062 729 2084 c.
759 2061 790 2094 3.
822 2049 926 2084 Card.
955 2048 1121 2090 Toletus,
1144 2048 1180 2081 in
1200 2056 1351 2082 enarrat.
1380 2046 1416 2080 in
1444 2055 1629 2080 summam

209 2124 234 2147 s.
259 2112 347 2153 Th.,
381 2122 407 2145 1.
435 2123 466 2156 p.
496 2123 526 2156 q.
555 2109 585 2143 6.
615 2121 644 2143 a.
674 2120 718 2151 2.‚
749 2109 843 2143 clare
886 2108 1046 2153 exponit,
1086 2106 1272 2154 quomodo
1300 2106 1327 2140 si
1367 2104 1475 2139 simul
1517 2115 1630 2150 ponas

205 2174 325 2207 Deum
351 2180 384 2205 et
412 2170 506 2204 entia
534 2178 661 2210 creata,
687 2169 799 2203 habes
827 2167 970 2214 quidem
997 2167 1099 2213 plura
1127 2166 1314 2201 numerice
1341 2166 1451 2206 bona,
1471 2160 1628 2199 sednon

205 2231 285 2277 plus
310 2229 407 2271 boni,
435 2240 542 2275 quam
570 2230 598 2261 si
624 2228 743 2262 solum
771 2239 883 2273 ponas
910 2229 1041 2261 Deum:
1069 2238 1112 2260 eo
1140 2234 1258 2271 pacto,
1288 2235 1357 2271 quo
1378 2224 1526 2258 scientia
1547 2234 1630 2257 ma-

204 2291 305 2337 gistri
341 2297 373 2323 et
400 2288 551 2323 scientia
591 2287 768 2332 discipuli,
797 2288 826 2320 si
857 2294 1041 2331 ponantur
1081 2285 1201 2327 simul,
1239 2296 1314 2319 non
1357 2283 1514 2317 efficiunt
1554 2281 1632 2328 plus

200 2349 361 2389 cientiae,
388 2348 448 2381 sed
479 2347 597 2392 plures
625 2345 742 2392 quoad
772 2355 964 2379 numerum
993 2344 1174 2379 scientias.
1205 2342 1261 2378 Cf.
1292 2342 1401 2376 etiam
1434 2352 1461 2374 s.
1495 2339 1631 2374 Ansel-

201 2420 302 2442 mum
330 2408 511 2443 Cantuar..
538 2405 700 2451 proslog.
729 2416 756 2438 c.
779 2403 913 2438 XXIV.
942 2414 1027 2448 seq.,
1055 2403 1116 2436 ubi
1143 2401 1325 2447 praeclare
1353 2398 1500 2440 evolvit,
1527 2397 1635 2445 quale

203 2476 257 2501 cet
286 2475 458 2512 quantum
485 2466 623 2499 bonum
660 2464 703 2498 sit
727 2462 906 2509 possessio
944 2461 1025 2496 Dei:
1056 2462 1141 2495 item
1182 2459 1224 2494 cf.
1252 2471 1278 2494 s.
1307 2458 1564 2503 Augustinum,
1593 2454 1636 2489 de

205 2526 268 2558 siv.
296 2526 363 2560 Dei
391 2525 411 2558 l.
439 2525 554 2558 XXII.
583 2535 612 2557 c.
641 2533 696 2567 30.

300 2586 351 2629 (ς’)
380 2583 434 2618 Cf.
464 2595 563 2617 num.
600 2592 651 2624 14.
683 2593 766 2627 pag.
802 2590 857 2623 31.
