1734 2784
755 118 1020 170 —456—

290 208 528 265 Distinguit
562 221 704 252 autem
754 212 1039 255 ill-continentes
1086 213 1129 255 in
1163 238 1219 246 -—
1251 213 1496 258 luxuriosos
1532 241 1586 248 —-

171 279 291 336 gulae
326 279 491 322 deditos
524 305 582 313 —
615 281 818 338 prodigos
843 295 882 325 et
906 299 1053 327 avaros
1079 310 1130 315 —
1153 284 1393 330 iracundos:
1418 302 1580 345 eosque

172 351 213 392 in
247 350 394 406 altero,
430 352 569 405 tertio,
604 365 773 410 quarto,
810 355 962 411 quinto
997 355 1116 413 cyclo
1151 355 1344 400 collocat.
1373 358 1466 400 Hos
1500 359 1588 401 mi·-

173 437 264 473 nus,
288 438 415 478 quam
440 422 642 480 reliquos,
667 423 807 467 divina
830 427 951 483 punit
978 427 1135 469 iustitia
1159 426 1244 485 (Ι).

289 494 405 536 Haec
438 493 488 537 de
521 496 840 540 incontinentia:
876 498 1077 541 malitiam
1111 497 1181 557 (2)
1213 515 1315 542 vero
1354 500 1498 559 (cuius
1529 502 1586 544 ait

170 565 295 608 finem
329 580 419 608 esse
453 566 666 619 iniuriam,
701 582 806 624 quae
840 569 905 611 vel
939 569 977 610 vi
1011 582 1279 625 perpetratur
1312 571 1377 613 vel
1419 571 1587 630 fraude)

170 638 394 694 distinguit
428 639 470 680 in
503 654 594 680 eam
629 654 734 696 quae
770 640 807 681 vi
842 639 901 696 fit,
925 653 964 683 et
987 641 1029 682 in
1062 656 1154 683 eam
1189 657 1294 699 quae
1329 641 1475 686 fraude
1498 642 1584 702 (3).

168 734 222 741 —
259 709 371 752 Cum
398 721 541 752 autem
569 710 731 752 violens
757 727 848 754 esse
873 712 967 768 quis
993 712 1128 768 possit
1152 724 1297 755 contra
1323 714 1586 770 proximum,

170 793 316 823 contra
348 781 650 837 semetipsum,
687 794 831 824 contra
855 783 1015 834 Deum,
1046 782 1144 824 hinc
1169 782 1361 827 violentos
1388 784 1428 825 in
1452 783 1585 828 tribus

168 854 283 911 gyris
318 852 496 896 collocat
542 854 712 910 septimi
747 853 867 911 cycli.
903 879 958 886 -
994 853 1128 906 Quod
1176 869 1277 896 vero
1327 866 1488 911 spectat
1535 853 1587 898 ad

158 923 466 982 fraudulentos,
499 924 794 983 animadvertit
829 924 1019 968 fraudem
1054 924 1142 968 fieri
1177 940 1304 981 posse
1337 924 1403 968 vel
1435 926 1478 968 in
1511 941 1586 969 eos

168 997 239 1053 qui
273 994 396 1037 nobis
430 1011 518 1038 non
551 995 700 1049 fidunt,
724 995 790 1038 vel
823 997 864 1038 in
888 1012 962 1039 eos
997 997 1067 1054 qui
1102 996 1225 1039 nobis
1249 995 1399 1040 fidunt.
1424 997 1585 1040 Prioris

166 1069 334 1125 generis
366 1067 660 1111 fraudulentos
694 1069 735 1111 in
771 1069 919 1111 decem
944 1069 1094 1112 classes
1129 1068 1376 1112 distributos
1411 1069 1521 1112 locat
1542 1070 1587 1112 in

167 1152 319 1182 octavo
355 1139 488 1196 cyclo,
513 1155 641 1197 quem
677 1140 899 1196 ΛλίΙαΙεῖωΙξε
933 1140 1126 1198 appellat:
1151 1152 1250 1183 sunt
1273 1152 1417 1183 autem
1441 1165 1498 1173 -—
1521 1155 1585 1184 se-

168 1209 366 1253 ductores
399 1236 455 1243 -—
488 1210 725 1253 adulatores
757 1236 814 1243 ——
847 1212 1071 1254 simoniaci
1104 1236 1161 1244 —-
1196 1212 1483 1268 coniectores,
1516 1213 1584 1255 in·-

165 1283 308 1325 doz-ini
330 1307 385 1314 -—
409 1281 658 1338 deceptores
692 1298 764 1324 seu
790 1283 985 1336 usin-arii,
1012 1282 1222 1325 barattieri
1255 1308 1311 1315 —-
1336 1282 1584 1340 hypocritae

167 1380 218 1385 —
254 1352 367 1396 fures
400 1379 456 1385 ——
489 1354 675 1410 perversi
711 1353 938 1395 consiliarii
970 1378 1026 1385 -—
1059 1365 1254 1395 auctores
1304 1352 1583 1396 dissidiorum

168 1451 218 1455 —
254 1423 420 1467 falsarii.
464 1425 649 1467 Alterius
684 1440 784 1466 vero
827 1425 995 1481 generis
1044 1423 1339 1467 fraudulentos
1388 1424 1430 1466 in
1474 1440 1582 1482 qua-

164 1508 262 1538 tuor
296 1496 471 1553 partitur
519 1494 671 1538 classes
719 1495 993 1553 proditorum
1028 1520 1084 1528 ——
1117 1507 1263 1537 contra
1297 1507 1492 1552 parentes
1526 1519 1583 1528 —-

163 1578 311 1609 contra
345 1567 540 1609 concives
566 1593 616 1597 —
644 1579 789 1609 contra
812 1566 1004 1623 hospites
1031 1589 1085 1598 —-
1107 1579 1253 1608 contra
1277 1564 1581 1610 benefactores:

259 1770 312 1811 (1)
342 1782 359 1800 «
377 1769 455 1803 Melz
483 1770 664 1812 cmcciata,
691 1769 738 1802 ait
766 1769 914 1811 Dantes‚
945 1769 966 1802 l.
993 1780 1037 1810 c.,
1058 1768 1091 1802 la
1118 1768 1238 1803 divina
1263 1769 1422 1814 gizcstizia
1442 1768 1468 1803 li
1483 1781 1582 1803 mar-

165 1827 242 1861 talla
268 1828 357 1873 (non
377 1828 504 1862 dentro
532 1827 625 1862 della
643 1830 729 1862 cittii
747 1829 888 1874 roggia‚
910 1827 960 1861 ch'
974 1828 1017 1862 ha
1036 1839 1145 1862 nome
1164 1829 1279 1873 Dite):
1309 1828 1391 1874 quia
1408 1828 1581 1862 nimirum

164 1889 399 1933 incontinenza
425 1900 499 1921 men
526 1888 595 1922 Dio
623 1886 747 1934 offenda
773 1900 788 1922 e
814 1900 886 1922 men
912 1887 1053 1921 biasz'mo
1093 1891 1237 1922 accatta.
1264 1887 1304 1921 Id
1329 1895 1450 1921 autem
1476 1887 1582 1932 plene

164 1947 358 1993 respondet
386 1947 571 1982 doctrinae
606 1947 832 1994 Philosophi,
862 1949 917 1994 qul
947 1947 1248 1981 incontinentiam
1275 1947 1324 1981 ait
1349 1946 1476 1981 vitium
1505 1957 1583 1980 esse

163 2006 429 2052 imperfectum.

257 2069 308 2112 (2)
336 2067 389 2101 En
417 2067 536 2113 aliqua
562 2067 673 2101 divini
701 2076 828 2113 poetae
855 2067 973 2106 verba,
999 2066 1022 2101 l.
1051 2078 1092 2100 c.:

445 2151 584 2197 D’ogni
610 2150 764 2191 malizia,
792 2149 936 2184 ch'odio
964 2149 1001 2182 in
1028 2148 1119 2182 cielo
1148 2148 1320 2193 acquista‚

494 2198 652 2245 Ingiuria
679 2199 697 2232 ί,-
725 2199 749 2232 i!
779 2198 860 2240 fine,
889 2196 931 2231 ed
959 2196 1047 2240 ogni
1074 2195 1123 2229 fin
1153 2194 1271 2229 cotale

495 2246 528 2281 O
556 2257 625 2280 con
653 2244 749 2279 forza
778 2257 798 2279 0
827 2256 896 2278 con
925 2243 1028 2278 frode
1054 2243 1158 2277 altrui
1189 2242 1408 2276 contrista...

445 2295 479 2328 A
505 2294 588 2335 Dio,
616 2305 635 2327 a
661 2295 708 2335 se,
736 2291 770 2325 al
798 2292 975 2338 prossimo
1003 2291 1030 2324 si
1057 2302 1177 2336 puone

493 2341 561 2375 Far
587 2339 696 2382 forza;
723 2339 805 2374 dico
833 2341 869 2374 in
897 2339 976 2373 loro
1005 2338 1044 2372 ed
1073 2339 1108 2372 in
1136 2338 1191 2372 lor
1219 2348 1312 2380 cose,

494 2388 717 2423 Com'udirai
744 2399 813 2421 con
841 2395 963 2432 aperta
989 2386 1186 2432 ragione...

448 2436 499 2470 La
526 2434 637 2477 frode,
664 2434 840 2480 ond'ogni
867 2434 1055 2468 coscienza
1082 2435 1100 2467 ὲ
1126 2443 1260 2474 morsa,

494 2484 571 2518 Puo
600 2483 738 2517 l'uomo
767 2493 870 2516 usare
898 2482 934 2515 in
962 2480 1059 2515 colui
1087 2480 1153 2514 che
1179 2480 1206 2513 si
1232 2478 1316 2521 fida,

493 2531 520 2564 E
548 2532 582 2564 in
611 2529 730 2576 quello
758 2529 823 2563 che
849 2528 985 2563 fidanza
1013 2539 1086 2562 non
1117 2527 1289 2561 imborsa.

254 2589 314 2634 (3)
341 2589 435 2624 Vide
461 2588 624 2623 Tullium
653 2588 696 2623 de
723 2587 781 2623 off.
809 2588 837 2623 I.
871 2598 922 2634 13.
