1734 2784
320 599 384 634 DE
410 598 739 634 MORALITATE
766 600 980 636 ACTUUM
1006 601 1342 637 HUMANORUM.

237 730 304 773 57.
343 717 659 770 Quaestionem
695 719 745 761 de
780 717 946 762 obiecto
994 720 1199 764 materiali
1240 720 1542 779 philosophiae

115 788 293 832 moralis
329 790 485 847 excipit
519 790 714 847 quaestio
750 790 801 833 de
834 790 1002 834 obiecto
1038 791 1229 835 eiusdem
1244 792 1434 850 formali,
1466 810 1540 838 seu

114 859 168 903 de
201 861 446 905 moralitate.
480 861 702 904 Moralitas
737 863 873 916 enim,
901 875 947 905 ut
970 862 1154 906 diximus
1187 865 1228 906 in
1251 865 1457 923 Prologo,
1479 879 1543 910 est

113 931 182 976 illa
222 933 346 990 ratio,
379 948 508 990 quam
542 933 718 975 moralis
753 933 1026 992 philosophia
1073 936 1115 978 in
1149 935 1308 978 actibus
1342 936 1541 981 humanis

126 1004 378 1048 considerat.
414 1006 527 1049 Cum
562 1018 718 1059 autem,
753 1018 799 1048 ut
832 1019 981 1049 monet
1016 1007 1186 1050 Tullius
1221 1007 1306 1066 (1),
1340 1026 1360 1050 «
1384 1010 1541 1063 omnis,

116 1093 225 1135 quae
259 1078 420 1120 ratione
454 1078 686 1135 suscipitur
735 1077 785 1120 de
819 1077 956 1135 aliqua
991 1094 1034 1121 re
1068 1079 1296 1133 institutio,
1341 1079 1488 1124 debeat
1520 1097 1543 1123 a

120 1149 372 1193 definitione
405 1148 635 1207 proficisci,
672 1161 717 1192 ut
750 1149 1024 1206 intelligatur,
1058 1151 1159 1208 quid
1192 1152 1244 1194 sit
1276 1150 1336 1204 id,
1372 1152 1423 1195 de
1455 1168 1542 1210 quo

120 1221 368 1278 disputetur
400 1237 443 1273 n,
478 1220 577 1263 hinc
610 1221 691 1263 iam
737 1220 785 1263 ab
819 1221 943 1263 initio
992 1221 1198 1277 generalis
1246 1222 1384 1280 aliqua
1420 1224 1541 1266 notio

118 1291 370 1334 moralitatis
404 1303 466 1334 est
495 1292 823 1349 praestituenda.

239 1365 307 1417 58.
341 1362 737 1406 Animadvertimus
786 1365 925 1420 itaque
970 1363 1046 1422 1.⁰)
1080 1364 1307 1422 duplicem,
1341 1364 1541 1409 omnibus

112 1434 496 1488 consentientibus,
531 1451 623 1478 esse
656 1435 906 1478 moralitatis
941 1437 1143 1494 speciem,
1176 1436 1315 1494 aliam,
1349 1453 1431 1495 qua
1462 1454 1536 1481 ac-

110 1521 183 1552 tus
219 1508 419 1551 dicuntur
454 1509 562 1561 recti,
597 1507 703 1564 boni,
737 1509 900 1561 honesti,
935 1521 975 1551 et
1009 1508 1111 1552 haec
1156 1521 1334 1552 vocatur
1382 1510 1540 1554 bonitas

115 1581 298 1638 moralis,
331 1579 470 1635 aliam,
498 1596 580 1637 qua
604 1593 720 1622 actus
745 1579 942 1622 dicuntur
959 1582 1099 1638 pravi,
1123 1581 1236 1635 mali,
1269 1582 1474 1636 inhonesti,
1498 1595 1538 1626 et

115 1652 219 1696 haec
252 1652 412 1696 malitia
438 1653 607 1696 moralis
630 1650 879 1709 appellatur.
901 1677 956 1684 —
974 1652 1369 1696 Animadvertimus
1388 1653 1470 1712 2.⁰)
1487 1655 1538 1697 ad

110 1725 305 1783 priorem
340 1736 512 1766 actuum
548 1723 742 1766 bonorum
778 1723 969 1778 classem,
1005 1740 1055 1767 ex
1089 1726 1287 1768 omnium
1311 1726 1535 1783 sententia,

111 1795 326 1853 pertinere
359 1795 546 1837 actiones
580 1793 776 1837 laudandi
826 1795 986 1852 Deum,
1033 1795 1274 1839 honorandi
1323 1809 1533 1854 parentes,

109 1865 349 1924 opitulandi
383 1867 647 1923 proximum,
681 1878 914 1922 temperate
957 1867 1127 1909 vivendi
1160 1879 1260 1910 etc.:
1295 1879 1336 1910 et
1368 1883 1390 1910 e
1423 1883 1532 1911 con—

124 1938 254 1980 trario
289 1936 338 1980 ad
371 1936 494 1980 aliam
528 1949 700 1979 actuum
751 1936 952 1979 malorum
1002 1936 1193 1992 classem,
1240 1937 1354 1981 nulla
1387 1939 1534 1981 cuius-

108 2024 239 2067 quam
273 2007 535 2067 discrepante
569 2009 794 2059 sententia,
834 2021 1025 2066 spectare
1072 2009 1396 2068 blasphemiam,
1431 2026 1531 2067 par-

115 2080 336 2138 ricidium,
359 2080 649 2138 proditionem
683 2081 854 2137 patriae,
877 2080 1121 2124 ebrietatem
1155 2095 1231 2126 etc.
1249 2082 1534 2126 —Animad-

107 2153 316 2197 vertimus
367 2152 447 2211 3.⁰)
495 2151 638 2209 quod,
684 2152 797 2196 iuxta
851 2169 1129 2197 communem
1178 2154 1446 2212 concipiendi
1493 2166 1534 2197 et

122 2223 328 2283 loquendi
362 2224 560 2278 modum,
585 2223 783 2268 homines
809 2238 1034 2268 censentur
1066 2239 1106 2269 et
1129 2226 1394 2284 appellantur
1414 2225 1532 2279 boni,

116 2295 379 2354 quandoque
426 2298 656 2354 simpliciter
702 2310 742 2340 et
788 2298 870 2340 sine
916 2297 1078 2355 addito,
1127 2298 1383 2356 quandoque
1430 2312 1532 2342 vero

207 2490 264 2536 (1)
291 2492 347 2527 De
373 2491 437 2527 off.
465 2504 494 2528 1.
516 2503 546 2527 2.
567 2494 622 2528 De
640 2493 846 2529 moralitate
865 2494 939 2541 agit
957 2507 983 2530 s.
1002 2495 1072 2531 Th.
1094 2496 1129 2530 in
1154 2507 1182 2532 1.
1204 2507 1239 2532 2.
1259 2507 1278 2531 a
1305 2506 1436 2543 quaest.
1462 2497 1531 2531 18.-

106 2548 155 2583 ad
182 2560 318 2596 quaest.
350 2557 428 2586 21'''.
