1734 2784
757 106 1022 159 -396—

176 196 268 251 lege
302 197 362 239 vel
401 197 668 253 privilegium
703 210 851 241 contra
889 199 1027 256 legem
1062 200 1294 245 concedere
1328 202 1414 261 (1).
1442 203 1592 256 Quan-

179 268 318 324 doque
353 269 479 310 etiam
515 268 572 326 iit,
600 282 643 312 ut
677 270 740 313 lex
764 269 901 328 aliqua
925 272 1107 328 positiva
1129 271 1198 315 fiat
1229 288 1403 330 prorsus
1436 274 1594 317 inutilis

179 352 216 381 et
253 355 354 381 vana
404 354 593 398 respectu
630 341 729 385 boni
779 344 1040 397 communis,
1075 357 1144 387 aut
1180 345 1305 388 etiam
1348 345 1487 390 eidem
1519 361 1595 403 no-

179 413 242 454 xia
277 427 320 453 ac
355 414 574 456 contraria:
610 427 711 457 tunc
750 433 768 455 «
789 430 840 458 eo
874 416 968 472 ipso
1015 415 1060 458 fit
1100 417 1272 476 incapax
1323 417 1594 476 obligationis

178 482 282 539 legis
309 497 499 541 respectu
523 487 843 529 communitatis
864 498 903 529 et
924 502 1235 546 consequenter
1257 491 1383 533 etiam
1403 502 1593 548 respectu

178 556 484 612 singulorum»
524 557 607 616 (2).

297 628 401 671 Item
437 629 516 687 2⁰)
551 642 660 687 patet
695 630 828 687 legem
867 633 1092 689 positivam
1128 632 1349 677 admittere
1391 635 1593 693 interpre-

177 700 379 743 lationem.
417 702 586 758 Duplex
612 703 814 746 nimirum
840 704 1115 762 distinguitur
1139 706 1443 763 interpretatio,
1467 706 1594 750 altera

180 773 406 829 improprie,
441 774 566 817 altera
599 790 700 817 vero
728 777 889 833 proprie
923 775 1044 820 dicta.
1080 802 1135 810 —
1170 778 1292 820 Prior
1318 776 1381 820 illa
1406 790 1469 821 est
1490 776 1594 836 legis

181 842 384 888 obscurae
418 847 639 904 perspicua
687 845 910 904 explicatio
944 864 1017 892 seu
1070 848 1310 893 declaratio.
1346 850 1461 893 Haec
1508 864 1594 894 non

177 915 318 957 solum
353 917 395 959 in
429 917 627 975 positiva,
652 917 724 961 sed
757 918 884 964 etiam
919 920 960 962 in
994 920 1083 978 ipsa
1113 920 1206 978 lege
1239 920 1416 964 naturali
1449 920 1593 964 locum

177 985 313 1030 habet.
373 1007 391 1029 «
416 988 552 1033 Multa
602 1003 822 1048 praecepta
869 990 1086 1049 naturalia,
1134 993 1270 1051 inquit
1319 994 1477 1037 Suarez
1509 991 1596 1051 (3),

178 1058 370 1116 indigent
405 1059 537 1104 multa
570 1061 851 1107 declaratione
883 1076 922 1106 et
956 1064 1300 1122 interpretatione
1348 1064 1399 1108 ad
1445 1080 1595 1108 verum

177 1145 350 1174 sensum
387 1133 719 1191 uniuscuiusque
754 1134 1040 1189 statuendum,
1060 1152 1078 1175 >³
1121 1149 1165 1179 ut
1199 1135 1338 1194 colligi
1373 1148 1513 1194 potest
1546 1152 1596 1180 ex
1626 1169 1628 1171 -

268 1387 323 1430 (1)
353 1385 405 1421 Cf.
434 1387 573 1429 SuareZ‚
602 1387 642 1422 de
674 1389 743 1436 leg.
773 1389 795 1423 l.
824 1389 884 1424 VI.
915 1401 944 1424 e.
978 1399 1100 1435 10—27.

272 1446 327 1490 (2)
358 1446 408 1480 lta
437 1446 578 1489 Suarez,
608 1447 654 1482 ib.
682 1459 712 1483 c.
742 1461 776 1495 9.
807 1460 906 1484 num.
939 1461 967 1494 3.
996 1450 1047 1484 Ex
1075 1462 1131 1491 eo,
1163 1451 1259 1496 quod
1287 1451 1343 1486 lex
1370 1451 1527 1486 humana
1553 1444 1596 1486 sit

176 1506 366 1540 mutationi
394 1506 563 1547 obnoxia,
595 1518 786 1552 perperam
814 1509 892 1554 quis
920 1509 1165 1552 concluderet,
1197 1510 1361 1545 eamdem
1396 1509 1597 1557 frequenter

173 1574 206 1599 et
233 1564 336 1599 facile
363 1577 440 1600 esse
467 1566 688 1601 mutandam.
717 1568 800 1609 Qua
828 1568 869 1602 de
901 1580 937 1602 rc
967 1570 1112 1615 egregie
1139 1581 1164 1604 s.
1183 1569 1356 1610 Thomas,
1380 1580 1406 1604 x.
1434 1579 1464 1604 2.
1490 1582 1521 1616 q.
1540 1579 1596 1615 97.

175 1636 204 1658 a.
234 1636 278 1659 2.:
311 1625 419 1659 «Lex
447 1625 606 1660 humana
635 1627 814 1661 intantum
844 1637 940 1662 recte
981 1637 1147 1670 mutatur,
1179 1629 1390 1675 inquantum
1423 1641 1484 1675 per
1522 1629 1596 1663 eius

177 1685 414 1720 mutationem
444 1687 628 1720 communi
659 1687 801 1722 utilitati
827 1688 1044 1734 providetur.
1074 1689 1188 1723 Habet
1216 1698 1333 1724 autem
1369 1689 1444 1735 ipsa
1473 1698 1594 1724 muta-

174 1746 224 1779 tio
252 1746 352 1792 legis‚
381 1755 554 1792 quantum
582 1748 616 1780 in
644 1759 680 1781 se
707 1756 771 1790 est,
801 1748 1060 1783 detrimentum
1088 1750 1268 1795 quoddam
1304 1748 1508 1783 communis
1535 1760 1595 1783 sa·-

175 1805 270 1840 lutis:
302 1807 383 1851 quia
412 1807 453 1840 ad
483 1807 751 1841 observantiam
779 1807 901 1854 legum
933 1809 1128 1853 plurimum
1156 1809 1250 1843 valet
1277 1809 1514 1852 consuetudo,
1544 1809 1596 1843 in-

173 1873 313 1899 tantum
335 1865 428 1911 quod
448 1877 498 1907 ea,
516 1877 603 1912 quae
620 1876 746 1900 contra
768 1877 1002 1901 communem
1022 1867 1318 1902 consuetudinem
1335 1867 1436 1909 fiunt,
1454 1868 1595 1902 etiamsi

175 1923 245 1958 sint
276 1924 411 1959 leviora
438 1925 481 1959 de
509 1936 556 1967 se,
586 1925 750 1972 graviora
778 1926 952 1961 videntur.
975 1926 1077 1962 Unde
1099 1926 1241 1974 quando
1269 1936 1427 1962 mutatur
1453 1927 1522 1970 lex,
1545 1928 1596 1962 di-

176 1983 349 2018 minuitur
375 1985 424 2018 vis
453 1986 683 2019 constrictiva
715 1985 815 2031 legis.
856 1986 1068 2032 inquantum
1108 1986 1246 2022 tollitur
1287 1987 1522 2022 consuetudo.
1551 1988 1593 2022 Et

177 2043 259 2078 ideo
286 2055 485 2090 numquam
513 2044 618 2079 debet
647 2047 778 2080 mutar-i
799 2045 855 2080 lex
881 2046 1047 2088 humana,
1067 2046 1132 2080 nisi
1161 2058 1203 2081 ex
1231 2046 1299 2080 alia
1326 2056 1426 2091 parte
1452 2055 1593 2082 tantum

179 2112 477 2148 recompensetur
519 2105 705 2138 communi
746 2104 865 2146 saluti,
895 2113 1066 2151 quantum
1107 2116 1149 2139 ex
1177 2105 1366 2151 ista'parte
1393 2106 1594 2151 derogatur.

176 2162 285 2203 Quod
313 2162 456 2208 quidem
486 2164 663 2208 contingit
690 2164 745 2197 vel
775 2175 815 2197 ex
844 2164 911 2198 hoc
943 2164 1038 2209 quod
1065 2165 1180 2210 aliqua
1210 2164 1369 2198 maxima
1398 2173 1432 2199 et
1452 2164 1595 2199 eviden-

175 2221 308 2254 tissima
337 2222 470 2256 utilitas
498 2234 540 2256 ex
568 2233 665 2256 novo
693 2230 826 2257 statuto
854 2223 1028 2268 provenit,
1058 2224 1113 2257 vel
1142 2235 1181 2257 ex
1211 2234 1253 2257 eo
1293 2224 1391 2270 quod
1419 2232 1471 2258 est
1513 2235 1594 2257 ma-

175 2280 269 2314 xima
298 2281 504 2323 necessitas,
531 2294 573 2316 ex
600 2293 642 2316 eo
671 2282 766 2328 quod
794 2282 850 2316 lex
880 2292 1050 2318 consueta
1079 2293 1140 2318 aut
1168 2282 1395 2318 manifestam
1424 2285 1592 2330 iniquita-

177 2350 250 2375 tem
278 2343 438 2375 continet
477 2350 535 2376 aut
564 2342 638 2376 eius
675 2343 877 2377 observatio
905 2351 956 2376 est
984 2342 1180 2388 plurimum
1208 2342 1348 2377 nociva.
1376 2343 1480 2378 Unde
1507 2343 1595 2377 dici-

177 2410 231 2434 tur
258 2412 275 2433 a
305 2401 508 2445 lurisperito
537 2401 577 2445 (l.
607 2413 637 2436 2.
666 2402 700 2436 ff.
731 2403 773 2436 de
799 2402 984 2437 constitut.
1014 2403 1150 2447 Princ.)
1179 2403 1274 2448 quod
1302 2403 1337 2436 in
1376 2403 1471 2437 rebus
1496 2403 1595 2438 novis

177 2459 409 2493 constituendis
439 2461 572 2494 evidens
598 2460 689 2496 debet
716 2473 777 2496 assa
816 2463 955 2503 utilitas,
984 2467 1018 2496 ut
1059 2461 1231 2497 recudatur
1256 2463 1295 2496 ab
1325 2473 1358 2496 eo
1401 2463 1483 2504 iure,
1511 2461 1595 2508 quod

178 2517 236 2550 diu
264 2530 401 2564 lldqlllllll
435 2520 538 2552 l'l'slilll
567 2525 621 2554 65].
643 2536 658 2551 »

274 2586 329 2618 (3)
358 2578 411 2610 De
443 2579 509 2623 leg.
543 2578 566 2611 l.
594 2579 635 2613 ΙΙ.
667 2591 694 2613 c.
729 2579 777 2614 16.
807 2591 904 2616 num.
933 2579 964 2613 6.
