1734 2784
710 84 974 137 -306-

254 181 326 222 VI.
355 180 518 220 Dantur
539 179 713 234 insuper
736 177 938 229 actiones,
963 191 1068 233 quae
1090 190 1178 218 non
1203 186 1301 217 sunt
1323 175 1547 218 intrinsece

137 251 284 306 malae,
317 251 347 290 si
383 247 687 291 tantummodo
721 247 939 291 secundum
960 262 997 290 se
1031 246 1327 303 inspiciantur,
1351 244 1425 288 sed
1446 244 1548 289 tales

136 334 236 365 sunt
270 336 367 363 cum
402 320 524 362 certis
558 317 893 361 restrictionibus
925 333 1000 361 seu
1035 318 1076 360 in
1112 318 1234 360 certis
1269 317 1550 359 circumstan-

138 394 207 436 tiis
240 392 325 450 (1),
359 406 464 448 quae
494 391 528 432 si
563 401 877 442 removeantur,
910 401 1010 432 tunc
1034 405 1105 432 eae
1129 390 1212 431 iam
1247 387 1552 431 subtrahuntur

139 483 160 508 a
187 463 490 521 prohibitione,
516 463 653 504 immo
677 478 698 504 e
721 462 935 504 contrario
969 461 1227 519 quandoque
1250 459 1403 502 cadunt
1425 459 1552 502 etiam

138 535 217 579 sub
249 547 519 592 praeceptum
554 534 658 590 legis
692 533 905 576 naturalis.
940 532 1147 589 Exemplo
1181 533 1235 574 sit
1284 532 1442 574 occisio
1476 530 1553 574 ho-

142 607 297 649 minis:
333 621 418 648 non
453 607 565 647 enim
601 604 771 661 quaevis
805 604 963 646 occisio
999 603 1266 661 prohibetur,
1286 602 1360 644 sed
1392 602 1554 644 occisio

140 689 374 735 perpetrata
414 676 664 718 auctoritate
698 676 855 731 privata
888 687 927 717 et
960 687 1074 717 extra
1107 689 1250 717 casum
1299 674 1437 717 iustae
1479 671 1556 715 de-

152 748 659 792 fensionis.—Iamvero
693 746 969 789 limitationes
1003 746 1080 789 hae
1114 758 1236 803 atque
1271 747 1347 789 hae
1370 747 1558 789 circum-

144 820 349 871 stantiae,
383 817 464 860 sub
498 817 648 875 quibus
683 818 747 860 lex
788 816 989 859 naturalis
1038 817 1194 874 aliquid
1241 818 1442 875 praecipit
1493 816 1559 860 vel

145 890 368 949 prohibet,
402 905 488 931 non
538 905 706 946 semper
754 889 907 931 diserte
962 889 1273 946 exprimuntur.
1322 889 1482 945 Immo,
1514 881 1560 931 ut

145 962 398 1020 plurimum,
413 960 627 1003 brevitatis
651 960 807 1013 studio,
827 972 1045 1018 praecepta
1068 959 1172 1017 legis
1196 959 1394 1003 naturalis
1413 960 1559 1017 paucis

148 1046 188 1076 et
222 1031 424 1074 absolutis
456 1030 593 1074 verbis
629 1030 915 1088 proferuntur,
948 1048 985 1074 v.
1007 1048 1046 1088 g.
1081 1047 1127 1073 ne
1151 1030 1318 1084 occidas,
1341 1031 1563 1088 depositum

149 1104 279 1159 redde,
312 1103 429 1161 plura
464 1101 818 1159 subintelligendo
852 1102 935 1160 (2)
971 1103 1160 1145 Tantum
1209 1118 1307 1145 sane
1341 1101 1484 1159 abest,
1518 1114 1564 1145 ut

148 1176 215 1218 lex
249 1175 446 1217 naturalis
483 1187 593 1217 vetet
629 1173 878 1230 parricidam
913 1189 934 1216 a
967 1174 1132 1232 publica
1165 1175 1415 1217 auctoritate
1438 1173 1563 1232 plecti

150 1263 288 1305 poena
321 1247 480 1303 capitis,
514 1261 558 1288 ut
591 1263 612 1288 e
647 1247 858 1288 contrario
892 1246 1018 1289 dictet
1066 1246 1184 1289 illum
1230 1245 1392 1302 capitali
1426 1261 1566 1303 poena

151 1318 432 1376 puniendum.
468 1319 576 1360 Item
610 1329 774 1359 tantum
808 1317 935 1373 abest,
970 1331 1014 1359 ut
1047 1317 1114 1361 lex
1162 1316 1362 1360 naturalis
1408 1316 1567 1373 obliget

150 1389 204 1432 ad
247 1388 509 1431 reddendum
560 1388 819 1444 depositum,
851 1405 889 1430 v.
924 1404 964 1444 g.
999 1388 1203 1444 gladium,
1248 1389 1375 1430 etiam
1410 1389 1566 1430 amenti

151 1472 226 1503 aut
260 1460 335 1513 illi,
370 1459 442 1516 qui
476 1475 526 1501 eo
550 1458 649 1502 velit
672 1460 731 1501 uti
755 1459 804 1501 ad
827 1458 955 1501 alium
980 1458 1279 1511 occidendum,
1305 1474 1391 1501 uno
1420 1458 1566 1513 verbo,

155 1527 493 1571 irrationabiliter
527 1529 698 1585 petenti,
723 1541 767 1570 ut
796 1544 817 1571 e
852 1529 1064 1571 contrario
1102 1529 1146 1570 in
1178 1527 1328 1571 talibus
1362 1528 1569 1571 adiunctis

156 1598 316 1656 obliget
349 1599 398 1642 ad
431 1615 517 1642 non
552 1598 830 1642 reddendum.
857 1600 971 1642 Cum
1004 1600 1145 1656 itaque
1179 1599 1330 1642 dicitur
1365 1598 1569 1653 absolute,

256 1844 310 1883 (1)
338 1843 429 1877 Vide
456 1855 555 1877 num.
585 1843 638 1886 63.
661 1855 742 1889 pag.
769 1851 858 1887 175:
886 1843 968 1877 vide
996 1844 1103 1877 etiam
1131 1844 1220 1878 thes.
1247 1844 1369 1878 XXIV
1396 1854 1429 1878 et
1454 1845 1572 1880 XXV.

257 1904 312 1945 (2)
341 1904 419 1937 Hoc
446 1904 541 1937 idem
570 1904 721 1937 eximius
747 1905 894 1943 Doctor,
921 1903 941 1936 l.
970 1915 998 1937 c.
1027 1914 1055 1937 c,
1088 1914 1135 1947 13.
1166 1915 1196 1937 n.
1226 1902 1572 1945 6.‚animadvertit.:

161 1974 183 1993 «
198 1963 271 1996 Lex
298 1963 481 2001 naturalis,
509 1974 590 1995 cum
611 1974 672 2007 per
698 1973 735 1996 se
764 1973 835 1997 non
854 1963 899 1996 sit
918 1963 1050 2007 scripta
1069 1963 1104 1996 in
1123 1962 1252 1997 tabulis
1270 1963 1326 1996 vel
1344 1963 1576 2006 membranis,

159 2020 225 2054 sed
244 2020 279 2053 in
298 2020 492 2063 mentibus,
516 2032 589 2055 non
609 2032 752 2066 semper
768 2021 920 2056 dictatur
938 2023 973 2055 in
992 2030 1112 2056 mente
1132 2021 1201 2055 illis
1218 2022 1332 2056 verbis
1351 2022 1577 2067 generalibus

164 2080 227 2112 vel
250 2079 454 2122 indefinitis,
470 2081 597 2125 quibus
616 2092 632 2113 a
652 2081 755 2114 nobis
775 2092 835 2114 ore
854 2079 1032 2125 profertur
1045 2081 1100 2115 vel
1119 2081 1294 2123 scribitur3
1311 2090 1348 2115 ut
1367 2093 1397 2115 ν.
1413 2093 1442 2127 g.
1459 2082 1578 2116 lex‘de

163 2137 352 2172 reddendo
379 2138 561 2184 deposito,
589 2148 760 2184 quatenus
787 2140 968 2178 naturalis,
996 2151 1070 2174 non
1099 2141 1143 2173 ita
1172 2139 1380 2185 simpliciter
1406 2149 1440 2174 et
1466 2141 1577 2175 abso-

167 2199 246 2231 lute
275 2198 308 2230 in
337 2205 458 2232 mente
496 2198 682 2239 iudicatur,
712 2198 774 2231 sed
812 2210 893 2232 cum
921 2199 1134 2233 limitatione
1170 2207 1203 2233 et
1241 2199 1576 2244 circumspectione:

165 2257 270 2290 dictat
299 2258 394 2290 enim
424 2258 531 2299 ratio,
560 2257 778 2291 reddendum
808 2269 885 2291 esse
923 2257 1124 2303 depositum
1151 2257 1224 2291 iure
1251 2265 1283 2291 et
1324 2257 1582 2293 rationabiliter

168 2317 313 2361 petenti,
342 2316 397 2350 vel
424 2317 489 2350 nisi
518 2317 608 2350 ratio
631 2315 848 2350 defensionis
867 2319 979 2351 iustae
1006 2317 1060 2350 vel
1081 2317 1310 2361 reipublicae,
1332 2317 1386 2350 vel
1405 2318 1580 2363 propriae,

166 2374 221 2407 vel
252 2376 455 2409 innocentis
491 2376 618 2410 obstet.
647 2376 902 2410 Communiter
928 2385 1048 2411 autem
1069 2377 1159 2410 solet
1187 2377 1245 2410 illa
1272 2376 1328 2410 lex
1347 2377 1415 2411 illis
1441 2386 1581 2411 tantum

169 2434 297 2465 verbis
324 2434 485 2478 proferri,
515 2435 737 2469 reddendum
764 2447 838 2469 esse
877 2435 1092 2480 depositum,
1120 2435 1199 2482 quia
1226 2445 1340 2470 cetera
1378 2435 1580 2469 subintelli-

170 2501 322 2536 guntur,
348 2505 412 2526 nec
441 2494 474 2525 in
505 2493 619 2528 fornia
647 2495 736 2540 legis
762 2494 921 2529 humano
949 2495 1060 2529 modo
1087 2495 1229 2541 positae
1255 2495 1376 2529 omnia
1412 2493 1583 2528 declarari

170 2560 332 2595 possunt.
348 2565 364 2583 »
