1734 2784
207 189 319 232 venit
354 201 438 229 non
472 183 644 242 quidem
673 192 742 240 per
775 197 825 234 sa,
859 181 1065 223 nimirum
1099 195 1149 222 ex
1182 181 1220 221 vi
1256 178 1360 236 legis
1395 178 1505 222 illius
1532 195 1622 238 par-

207 260 407 314 ticularis,
440 258 547 299 circa
581 269 708 313 quam
743 268 861 296 mens
897 263 1020 304 errat,
1046 251 1119 294 sed
1139 260 1213 309 per
1236 250 1427 305 accidens,
1452 266 1623 309 nempe,

207 350 254 376 ex
288 332 325 373 vi
372 328 567 387 principii
616 325 822 384 generalis
871 324 975 381 legis
1026 335 1197 366 naturae
1240 322 1380 380 (quod
1430 322 1622 379 generale

208 402 461 461 principium
496 398 603 442 solet
637 398 764 441 etiam
798 396 938 439 vocari
973 396 1036 438 lex
1071 407 1243 438 naturae
1292 393 1465 452 reflexa)
1509 393 1620 437 obli-

207 475 342 529 gantis
375 472 425 516 ad
459 468 726 529 sequendum
777 467 1060 511 conscientiae
1111 465 1319 509 dictamen
1364 466 1623 524 praecipiens

206 546 270 589 vel
306 543 550 604 prohibens,
599 539 840 585 dummodo
892 540 944 581 sit
988 538 1134 580 saltem
1181 537 1396 581 moraliter
1445 549 1622 582 certum.

207 645 262 651 ——
294 616 473 660 instabis
507 612 766 672 quaerendo,
799 610 1025 669 quomodo
1064 611 1198 667 possit
1231 609 1397 652 admitti
1432 609 1498 653 lex
1521 608 1622 654 haec

206 703 377 734 naturae
410 687 560 731 reflexa
594 685 785 743 obligans
823 682 1078 742 quandoque
1112 682 1160 726 ad
1196 684 1405 726 actionem
1440 684 1623 728 malam?

207 763 452 819 Distinguo:
501 758 692 815 obligans
741 756 791 800 ad
840 756 1053 799 actionem
1103 755 1254 798 malam
1304 754 1538 800 formaliter
1584 770 1623 802 et

205 834 434 878 subiective
466 847 575 889 nego,
611 829 765 873 malam
801 827 1071 872 materialiter
1096 840 1135 871 et
1159 827 1365 871 obiective
1398 828 1526 887 subd„
1548 829 1617 874 id-

207 922 286 964 que
321 901 624 948 tantummodo
659 911 969 957 consequenter
1016 899 1064 942 ad
1100 914 1287 942 errorem
1337 899 1623 944 invincibilem

207 977 508 1036 procedentem
543 992 591 1019 ex
625 974 878 1017 limitatione
924 972 1226 1031 intelligentiae
1260 972 1468 1016 humanae
1501 989 1622 1027 conc„

207 1049 500 1093 antecedenter
535 1046 585 1090 ad
618 1045 744 1089 talem
795 1060 985 1088 errorem
1021 1059 1128 1101 nego.
1168 1070 1224 1077 —
1258 1044 1437 1088 Instabis
1472 1044 1624 1099 adhuc,

209 1120 404 1174 dicendo,
425 1120 731 1175 obligationem
766 1115 1002 1159 illiusmodi
1026 1132 1117 1159 esse
1141 1115 1447 1174 obligationem
1482 1130 1626 1162 contra

208 1192 438 1252 quamdam
474 1192 553 1234 Dei
603 1191 758 1248 legem,
810 1204 846 1232 v.
882 1205 921 1246 g.
958 1201 1101 1231 contra
1148 1187 1285 1246 legem
1328 1188 1623 1247 prohibentem

206 1263 491 1308 mendacium.
542 1260 791 1319 Respondet
840 1261 993 1304 Suarez
1028 1259 1113 1318 (1),
1157 1278 1175 1300 «
1210 1274 1294 1302 non
1339 1259 1514 1318 obligari
1549 1260 1624 1304 ho-

208 1337 368 1379 minem
403 1346 548 1377 contra
582 1333 722 1389 legem
756 1333 851 1385 Dei,
887 1346 986 1374 cum
1020 1330 1235 1388 obligetur
1279 1331 1328 1374 ad
1368 1345 1508 1375 actum
1541 1334 1623 1376 vir-

207 1408 322 1450 tutis:
368 1404 637 1449 materialiter
685 1415 825 1446 autem
873 1401 1040 1445 videtur
1089 1417 1180 1445 esse
1228 1402 1432 1460 obligatio
1481 1416 1625 1448 contra

207 1477 436 1537 quamdam
471 1476 551 1519 Dei
583 1474 737 1532 legem,
772 1489 878 1532 quae
913 1485 1014 1516 tunc
1048 1488 1133 1516 non
1170 1472 1340 1532 obligat,
1364 1475 1461 1532 quia
1495 1490 1626 1519 excu—

207 1563 322 1594 satur
355 1548 488 1592 homo
522 1563 597 1606 per
631 1546 918 1604 ignorantiam
952 1558 991 1589 et
1021 1555 1092 1604 per
1135 1547 1260 1590 aliam
1299 1547 1516 1605 fortiorem
1552 1549 1629 1592 Dei

208 1624 327 1680 Iegem
362 1619 588 1664 obediendi
624 1618 821 1677 prudenti
858 1618 1153 1662 conscientiae.
1190 1637 1210 1657 »

327 1694 379 1736 H.
416 1693 476 1736 De
508 1691 745 1735 conscientia
783 1688 1027 1734 vincibiliter
1061 1705 1127 1733 seu
1159 1691 1412 1748 culpabiliter
1448 1706 1623 1734 erronea.

208 1763 415 1822 Exemplo
449 1764 501 1805 sit
536 1763 598 1805 vir
633 1773 889 1819 protestans,
923 1762 995 1819 qui
1020 1762 1175 1805 iudicat
1199 1777 1321 1805 suam
1350 1775 1505 1806 sectam
1529 1778 1626 1819 pro-

207 1836 473 1879 testanticam
507 1849 598 1877 esse
632 1839 775 1876 veram
811 1832 971 1877 Christi
1007 1832 1252 1889 Ecclesiam,
1289 1835 1330 1876 in
1365 1849 1446 1891 qua
1478 1832 1625 1877 debeat

208 1922 490 1966 perseverare,
542 1905 670 1948 simul
720 1918 861 1948 autem
910 1904 1041 1963 probe
1086 1904 1162 1948 sibi
1213 1919 1275 1949 est
1323 1906 1533 1960 conscius,
1583 1920 1626 1948 se

209 1978 402 2022 nondum
438 1976 678 2020 adhibuisse
712 1975 995 2020 sufficientem
1030 1976 1293 2034 diligentiam
1337 1976 1387 2020 ad
1428 1976 1626 2035 detegen-

210 2051 555 2108 dum,quaenam
589 2050 640 2092 sit
674 2064 770 2092 vera
804 2047 965 2092 Christi
1001 2048 1198 2102 Ecclesia,
1218 2061 1363 2092 utrum
1408 2064 1483 2091 sua
1515 2059 1628 2092 secta

210 2138 262 2166 an
313 2120 536 2166 Catholica
584 2119 783 2164 Ecclesia.
834 2121 898 2163 De
946 2119 1023 2163 hac
1070 2121 1327 2164 conscientia
1375 2118 1628 2164 vincibiliter

211 2209 387 2238 erronea
419 2192 523 2236 haec
556 2191 642 2235 duo
676 2191 880 2236 advertas,
920 2191 995 2250 1.⁰)
1028 2192 1085 2235 Ea
1119 2190 1246 2235 relate
1279 2190 1329 2235 ad
1360 2191 1626 2235 honestatem

211 2266 387 2308 actionis
421 2264 485 2308 vel
520 2263 768 2307 omissionis
801 2279 888 2307 non
923 2276 985 2307 est
1019 2275 1128 2307 certa
1161 2262 1412 2307 certitudine
1434 2262 1504 2306 illa
1528 2278 1628 2307 mo·—

212 2336 283 2379 rali
318 2336 470 2394 (omne
503 2335 689 2394 prudens
725 2335 901 2379 dubium
946 2335 1236 2395 excludente),
1271 2351 1397 2394 quam
1442 2335 1626 2380 diximus

310 2574 367 2619 (ι)
394 2573 481 2609 Loc.
513 2574 568 2610 cit.
597 2587 631 2611 n.
659 2583 690 2621 9,

1720 2508 1729 2515 ⁴
1716 2213 1734 2445 '·.'›³='2mzism'
1722 2186 1734 2198 .“
