1734 2784
777 101 1042 154 —336—

205 196 318 254 praxi
355 194 583 246 dictamen,
618 192 734 250 quod
768 192 954 236 ostendit
987 193 1168 251 aliquam
1204 194 1445 250 actionem,
1482 209 1527 239 ut
1560 195 1612 240 de

202 284 245 310 se
279 267 433 309 bonam
468 279 507 308 ct
540 266 817 308 necessariam
852 264 901 308 ad
925 264 1068 321 finem,
1096 265 1159 308 vel
1196 277 1240 308 ut
1275 266 1428 310 malam
1463 268 1611 311 intrin-

203 355 310 391 sece,
344 353 387 380 ac
421 336 600 394 proinde
635 336 968 379 connectendam
1003 352 1100 379 cum
1148 335 1260 393 fine,
1308 338 1437 381 simul
1485 340 1611 382 etiam

203 410 338 466 agenti
375 408 606 466 proclamat
638 408 848 450 actionem
884 407 995 450 illam
1030 423 1122 450 esse
1165 424 1308 466 reapse
1343 410 1611 453 coniunctam

204 498 298 525 cum
333 481 412 524 fine
446 497 467 523 a
500 480 814 538 sapientissimo
849 480 1112 532 ordinatore,
1147 493 1186 523 et
1221 493 1531 538 consequenter
1563 481 1611 524 li-

204 555 329 596 citam
363 567 401 596 et
435 564 697 610 praeceptam
732 551 794 593 vel
830 551 1020 593 illicitam
1055 563 1095 593 et
1130 551 1405 609 prohibitam,
1426 568 1499 596 seu
1534 569 1616 611 po-

203 624 384 668 nendam
418 623 483 666 vel
516 622 814 665 omittendam.
849 621 914 664 Ad
948 637 1038 664 rem
1072 621 1320 665 Liberatore
1352 623 1435 681 (Ι)-
1475 642 1498 664 ‹<
1531 625 1611 667 Di-

205 708 369 739 ctamen
389 695 560 737 rationis
579 693 712 736 solam
732 692 1012 736 moralitatem
1033 694 1245 735 actionum
1266 693 1387 736 nobis
1407 695 1611 751 aperiens,

204 768 281 810 etsi
314 765 591 808 abstractione
626 764 797 817 mentis,
829 777 873 806 ut
908 762 1099 816 fecimus,
1121 764 1382 807 considerari
1417 780 1614 808 seorsum

204 838 353 895 possit,
386 849 527 879 tamen
562 835 727 878 realiter
761 847 800 877 et
833 836 873 876 in
907 850 950 877 se
999 834 1084 877 dari
1135 850 1276 877 revera
1323 851 1409 878 non
1457 848 1610 893 potest.

203 909 336 950 Prout
384 908 498 949 enim
537 918 630 949 actu
681 906 722 948 in
770 905 892 948 nobis
937 906 1154 962 gignitur,
1189 920 1424 963 numquam
1474 905 1614 950 disso-

203 981 333 1022 ciatur
365 978 412 1021 ab
447 979 643 1036 imperio,
668 993 754 1034 quo
788 976 948 1019 bonum
974 976 1023 1019 ad
1043 976 1173 1019 finem
1205 978 1491 1020 necessarium
1514 993 1614 1035 pro-

202 1051 334 1107 scqui,
360 1049 519 1092 malum
543 1048 745 1105 aufugere
768 1047 976 1090 iubemur.
998 1049 1223 1090 Dictamen
1264 1060 1404 1090 autem
1440 1049 1612 1091 rationis

202 1122 283 1165 hoc
316 1122 497 1178 imperio
521 1120 717 1163 affectum
746 1120 882 1177 legem
910 1120 1144 1172 constituit,
1169 1119 1287 1161 cuius
1314 1120 1610 1176 praevaricatio

201 1192 378 1236 confuse
411 1192 557 1235 saltem
593 1191 922 1249 apprehenditur
956 1203 1001 1232 ut
1049 1190 1207 1233 offensa
1255 1191 1365 1244 Dei3
1400 1191 1613 1249 siquidem

200 1263 422 1315 iudicium,
459 1262 574 1320 quod
608 1261 763 1319 aliquid
796 1261 908 1304 iubet
941 1277 985 1304 ac
1017 1273 1140 1316 vetat,
1175 1261 1255 1304 hoc
1289 1261 1384 1318 ipso
1430 1262 1612 1319 implici-

201 1347 286 1377 tam
319 1334 541 1377 notionem
573 1333 694 1376 habet
728 1333 961 1390 superioris
997 1332 1215 1376 cuiusdam
1250 1344 1452 1385 naturae,
1479 1334 1612 1390 cuius,

202 1407 236 1448 si
260 1418 408 1448 contra
424 1404 615 1461 facimus,
633 1405 931 1447 auctoritatem
955 1405 1322 1447 contemnimus.»
1344 1403 1444 1446 Inde
1468 1416 1608 1446 autem

200 1476 303 1519 illud
338 1476 644 1528 confirmatur,
680 1476 730 1518 de
779 1492 865 1532 quo
913 1476 995 1518 iam
1044 1474 1228 1518 diximus
1262 1474 1347 1533 (2),
1381 1473 1471 1518 fieri
1520 1489 1610 1518 non

203 1565 328 1606 posse
362 1562 407 1592 ut
440 1548 523 1601 ille,
559 1549 630 1605 qui
664 1547 713 1590 ad
746 1563 843 1590 eum
879 1547 1053 1590 rationis
1091 1562 1217 1589 usum
1251 1548 1455 1604 pervenit,
1474 1558 1520 1588 ut
1552 1547 1613 1589 in-

201 1621 427 1662 trinsecam
447 1619 727 1662 moralitatem
746 1619 829 1660 iam
847 1619 1070 1671 discernat,
1087 1617 1389 1660 invincibiliter
1413 1617 1581 1674 ignoret
1597 1650 1612 1674 ‚

202 1691 350 1733 saltem
374 1690 421 1734 ad
446 1691 625 1747 longum
644 1702 829 1747 tempus,
852 1690 1114 1733 existentiam
1139 1690 1219 1732 Dei
1243 1688 1319 1731 sub
1343 1688 1430 1731 hoc
1447 1687 1611 1745 vulgari

202 1775 409 1820 conceptu
443 1763 550 1805 entis
583 1762 757 1805 homine
791 1762 1023 1818 superioris
1056 1776 1198 1804 severe
1232 1759 1497 1817 prohibentis
1530 1758 1612 1816 illa,

202 1849 308 1891 quae
341 1850 389 1876 ex
423 1850 466 1876 se
499 1834 605 1876 mala
638 1846 749 1889 sunt,
771 1849 876 1890 quae
908 1844 1049 1875 autem
1084 1844 1180 1874 sunt
1214 1848 1263 1874 ex
1287 1847 1330 1875 se
1354 1830 1463 1873 bona
1487 1846 1611 1888 prae-

202 1907 394 1963 cipientis
428 1921 471 1948 ac
504 1905 772 1949 vindicantiS.

320 1978 432 2019 Hinc
464 1989 593 2033 patet,
628 1975 851 2033 quomodo
900 1975 1147 2032 responderi
1183 1973 1327 2017 debeat
1371 1973 1610 2030 quaestioni

201 2047 325 2090 huic:
361 2047 463 2104 quid
497 2047 724 2090 dicendum
750 2047 799 2089 de
821 2063 891 2099 eo,
911 2048 982 2104 qui
1007 2061 1042 2089 V.
1058 2044 1391 2104 g.'parricidium
1415 2056 1613 2102 patraret,

200 2118 459 2162 advertendo
493 2119 663 2176 quidem
698 2119 908 2161 actionem
943 2134 1034 2160 esse
1057 2117 1108 2160 de
1141 2133 1184 2160 se
1213 2116 1611 2159 disconvenientem

201 2203 371 2232 naturae
404 2190 613 2243 rationali,
647 2204 733 2232 non
766 2201 906 2232 tamen
941 2187 1197 2231 advertendo
1241 2203 1334 2230 eam
1383 2202 1477 2229 esse
1514 2200 1613 2229 con-

200 2262 368 2303 trariam
401 2260 483 2317 legi
507 2260 684 2303 naturali
707 2261 804 2312 Dei,
832 2259 881 2302 de
904 2274 989 2316 quo
1013 2261 1188 2316 eiusque
1211 2259 1303 2315 lege
1327 2273 1415 2300 non
1440 2257 1611 2313 cogitat.

203 2333 326 2384 Quae
349 2333 541 2389 quaestio
565 2331 670 2375 redit
694 2332 743 2375 ad
768 2331 1062 2388 quaestionem
1095 2330 1140 2373 de
1168 2329 1436 2388 possibilitate
1465 2327 1616 2386 peccati

296 2518 352 2562 (1)
379 2520 463 2553 Loc.
492 2530 615 2563 nuper.
646 2519 706 2552 cit.

295 2579 351 2623 (2)
379 2579 470 2613 Vide
498 2590 594 2613 num.
627 2587 698 2612 111.
722 2587 803 2622 pag.
835 2584 910 2619 311.
