1734 2784
761 152 1025 194 —170—

191 235 381 287 theatris,
416 249 548 291 quum
584 233 650 275 illa
683 232 895 286 dicuntur,
929 233 1011 289 Ego
1045 248 1134 276 sum
1172 232 1343 287 Orestes,
1369 246 1602 292 contraque

194 306 241 349 ab
275 306 422 359 altero,
459 306 585 347 Immo
611 305 815 346 enimvero
839 319 903 359 ego
927 318 1030 356 snut,
1055 305 1235 361 inquam,
1261 303 1431 348 Orestes.
1451 306 1604 358 Quum

194 390 337 419 autem
372 377 498 418 etiam
533 376 669 418 exitus
705 374 752 416 ab
787 387 970 432 utroque
1014 375 1135 417 datur
1178 375 1426 419 conturbato
1460 391 1608 419 erran-

195 449 311 505 tique
345 448 447 504 regi,
472 446 602 490 Ambo
629 462 714 501 ergo
751 461 833 488 mm
871 448 1062 499 itecarier,
1082 455 1311 504 precamur,
1337 448 1504 504 quoties
1528 447 1610 491 hoc

191 520 346 575 agitur,
386 517 627 575 quandove,
670 518 751 559 nisi
789 516 1140 560 admirationibus
1185 519 1416 561 maximis?
1465 522 1602 563 Nemo

191 604 253 634 est
288 591 428 647 igitur,
463 591 531 647 qui
568 605 655 631 non
690 588 794 632 banc
830 588 1099 632 affectionem
1132 590 1262 632 animi
1300 589 1448 647 probet
1484 602 1609 649 atque

191 662 344 715 laudet,
379 678 460 719 qua
493 677 579 703 non
606 660 740 703 modo
767 660 921 704 utilitas
955 661 1068 704 nulla
1091 663 1321 718 quaeritur,
1356 662 1429 705 sed
1463 674 1609 705 contra

194 732 418 775 utilitatem
454 733 578 774 etiam
615 744 888 774 conservatur
920 731 1038 775 fides.
1075 751 1096 771 »

313 804 370 845 Ut
404 802 572 845 tandem
611 802 654 860 γ)
688 802 850 859 aliquot
875 802 972 845 alias
999 804 1225 845 innuamus
1250 802 1608 861 confirmationes,

191 873 240 916 ad
275 875 381 916 hanc
425 873 724 916 adstruendam
769 875 992 917 veritatem
1041 875 1100 917 sic
1133 887 1243 917 recte
1293 876 1431 931 arguit
1480 875 1610 918 Ton-

196 945 338 1000 giorgi
372 944 471 1003 (1):
512 963 530 984 «
564 945 682 987 Licet
726 944 997 988 ethnicorum
1031 946 1283 1003 superstitio
1325 958 1470 988 nostra
1518 946 1608 1004 ipsa

190 1015 347 1072 flagitia
379 1017 422 1057 in
456 1017 574 1058 Deos
608 1015 868 1069 transferret,
904 1031 990 1059 non
1022 1028 1165 1059 tamen
1189 1015 1352 1060 efficere
1378 1017 1532 1074 potuit,
1557 1029 1602 1060 ut

189 1088 388 1130 Deorum
437 1086 685 1144 exemplum
734 1099 908 1130 naturae
950 1102 1103 1130 vocem
1137 1088 1438 1144 exstingueret,
1474 1089 1606 1145 utque

191 1157 353 1201 furtum
401 1173 438 1200 v.
474 1174 513 1213 g.
548 1170 618 1200 aut
667 1158 953 1201 homicidium
1003 1171 1073 1201 aut
1118 1158 1284 1202 effrenis
1332 1158 1476 1213 libido,
1526 1160 1604 1202 etsi

191 1229 344 1272 divinis
379 1229 571 1272 moribus
606 1229 823 1272 honestari
857 1230 1115 1283 viderentur,
1135 1247 1255 1273 suam
1289 1230 1601 1288 turpitudinem

189 1300 428 1344 abiit-erent.
464 1318 482 1340 >³
523 1303 652 1346 Recte
686 1302 813 1344 etiam
847 1301 1062 1344 Arnobius
1096 1301 1180 1360 (2),
1221 1320 1240 1342 «
1272 1301 1497 1354 stoliditas,
1531 1303 1601 1344 in-

190 1373 297 1429 quit,
332 1373 510 1415 inveniri
546 1388 652 1430 quae
686 1373 874 1415 insanior
907 1385 1061 1430 potest,
1096 1388 1224 1430 quam
1252 1373 1362 1415 mala
1385 1388 1462 1415 esse
1485 1373 1602 1415 nulla

190 1443 468 1497 contendere,
504 1457 543 1487 et
577 1457 794 1501 tamquam
831 1444 957 1487 malos
984 1444 1146 1502 perdere
1169 1453 1201 1486 et
1225 1443 1487 1487 condemnare
1512 1459 1604 1501 pec-

189 1517 383 1558 canteSP»
409 1515 579 1559 Addere
603 1517 777 1574 insuper
801 1517 954 1559 iuverit
978 1515 1207 1574 pulchrum
1231 1514 1313 1557 hoc
1337 1515 1520 1558 Senecae
1534 1513 1606 1572 (3)

190 1600 524 1643 argumentum:
566 1606 586 1628 «
619 1588 700 1630 Dic
734 1586 903 1630 cuilibet
939 1603 989 1630 ex
1031 1588 1138 1640 istis,
1174 1588 1247 1645 qui
1292 1598 1411 1644 rapto
1443 1587 1608 1639 vivunt,

190 1674 240 1700 an
275 1657 325 1700 ad
358 1657 440 1710 illa,
476 1674 582 1715 quae
615 1658 845 1701 latrociniis
880 1671 920 1701 et
944 1658 1066 1701 furtis
1092 1671 1428 1716 consequuntur,
1455 1657 1603 1700 malint

190 1730 354 1772 ratione
402 1729 513 1772 bona
560 1731 816 1787 pervenire?
864 1729 1043 1788 Optabit
1093 1729 1176 1782 ille,
1225 1730 1290 1772 cui
1340 1729 1518 1786 grassari
1566 1740 1607 1771 et

189 1812 458 1843 transeuntes
492 1813 711 1858 percutere
745 1814 944 1859 quaestus
993 1813 1069 1854 est,
1104 1802 1245 1858 potius
1287 1800 1355 1843 illa
1396 1800 1600 1853 invenire,

191 1886 319 1928 quam
374 1872 548 1927 eripere.
603 1873 837 1916 Neminem
887 1873 1088 1930 reperies,
1138 1872 1211 1929 qui
1259 1886 1345 1913 non
1392 1871 1603 1927 nequitiae

190 1942 392 1998 praemiis
427 1944 517 1985 sine
550 1944 738 2001 nequitia
772 1943 853 1986 frui
888 1944 1018 1987 malit.
1067 1943 1309 1986 Maximum
1359 1941 1442 1985 hoc
1478 1941 1609 1984 habe-

190 2027 288 2054 mus
322 2024 495 2057 naturae
529 2016 746 2067 meritum,
797 2014 912 2072 quod
946 2015 1077 2057 virtus
1120 2014 1162 2056 in
1196 2013 1393 2055 omnium
1437 2012 1602 2054 animos

184 2083 337 2128 lumen
370 2102 498 2128 suum
532 2088 764 2144 permittit:
800 2088 926 2129 etiam
960 2087 1031 2144 qui
1065 2101 1152 2128 non
1198 2095 1446 2141 sequuntur,
1490 2082 1605 2125 illam

188 2154 402 2198 vident.»
459 2157 593 2210 Quod
636 2157 749 2200 idem
795 2169 1097 2214 argumentum
1145 2168 1266 2212 urget
1311 2153 1481 2198 Tullius
1530 2152 1604 2211 (4)

188 2224 303 2269 bisce
336 2226 497 2271 verbis:
540 2246 559 2269 «
594 2229 706 2281 Quis
741 2242 803 2272 est
836 2242 907 2272 aut
940 2230 1034 2287 quis
1069 2243 1275 2285 umquam
1299 2225 1378 2269 fuit
1411 2237 1480 2268 aut
1514 2240 1607 2268 ava·

282 2422 338 2465 (1)
368 2421 460 2465 Em,
489 2434 589 2457 num.
620 2433 698 2467 127.

281 2481 336 2524 (2)
363 2481 512 2515 Advers.
539 2491 634 2527 gent.
663 2482 684 2516 l.
713 2482 757 2516 ΙΙ.

282 2541 338 2584 (3)
367 2541 421 2574 De
450 2540 567 2576 benef.
596 2542 657 2576 IV.
691 2552 739 2586 17.

283 2599 340 2643 (4)
367 2600 422 2634 De
449 2599 511 2636 fin.
541 2601 624 2636 bon.
653 2610 686 2635 et
713 2601 796 2635 mal.
825 2601 846 2635 l.
874 2601 936 2636 ΙΙΙ.
965 2612 982 2635 c
1026 2611 1077 2636 11.
