<?xml version="1.0" encoding="UTF-8"?>
<!DOCTYPE html PUBLIC "-//W3C//DTD XHTML 1.0 Transitional//EN"
    "http://www.w3.org/TR/xhtml1/DTD/xhtml1-transitional.dtd">
<html xmlns="http://www.w3.org/1999/xhtml" xml:lang="en" lang="en">
 <head>
  <title>
</title>
<meta http-equiv="Content-Type" content="text/html;charset=utf-8" />
  <meta name='ocr-system' content='tesseract 3.04.00' />
  <meta name='ocr-capabilities' content='ocr_page ocr_carea ocr_par ocr_line ocrx_word'/>
</head>
<body>
  <div class='ocr_page' id='page_1' title='image "./institutionesphi01ferr_0436.png"; bbox 0 0 1734 2784; ppageno 0'>
   <div class='ocr_carea' id='block_1_1' title="bbox 803 97 1062 151">
    <p class='ocr_par' dir='ltr' id='par_1_1' title="bbox 803 97 1062 151">
     <span class='ocr_line' id='line_1_1' title="bbox 803 97 1062 151; baseline 0.004 -24"><span class='ocrx_word' id='word_1_1' title='bbox 803 97 1062 151; x_wconf 49' lang='lat'>„415-</span> 
     </span>
    </p>
   </div>
   <div class='ocr_carea' id='block_1_2' title="bbox 208 191 1644 1829">
    <p class='ocr_par' dir='ltr' id='par_1_2' title="bbox 216 191 1644 532">
     <span class='ocr_line' id='line_1_2' title="bbox 219 191 1641 249; baseline 0.001 -15"><span class='ocrx_word' id='word_1_2' title='bbox 219 210 251 234; x_wconf 66' lang='grc' dir='ltr'>υ.</span> <span class='ocrx_word' id='word_1_3' title='bbox 288 208 326 245; x_wconf 60' lang='lat' dir='ltr'>g.</span> <span class='ocrx_word' id='word_1_4' title='bbox 365 207 449 232; x_wconf 82' lang='lat' dir='ltr'>non</span> <span class='ocrx_word' id='word_1_5' title='bbox 485 192 668 234; x_wconf 79' lang='lat' dir='ltr'>ieiunare</span> <span class='ocrx_word' id='word_1_6' title='bbox 702 191 937 249; x_wconf 81' lang='lat' dir='ltr'>(siquidem</span> <span class='ocrx_word' id='word_1_7' title='bbox 972 193 1242 235; x_wconf 84' lang='lat' dir='ltr'>omitteretur</span> <span class='ocrx_word' id='word_1_8' title='bbox 1278 192 1385 234; x_wconf 89' lang='lat' dir='ltr'>actio</span> <span class='ocrx_word' id='word_1_9' title='bbox 1420 193 1513 236; x_wconf 86' lang='lat' dir='ltr'>sine</span> <span class='ocrx_word' id='word_1_10' title='bbox 1547 208 1641 237; x_wconf 89' lang='lat' dir='ltr'>mo·</span> 
     </span>
     <span class='ocr_line' id='line_1_3' title="bbox 220 261 1641 322; baseline 0.003 -18"><span class='ocrx_word' id='word_1_11' title='bbox 220 262 289 304; x_wconf 72' lang='lat' dir='ltr'>rali</span> <span class='ocrx_word' id='word_1_12' title='bbox 323 261 574 305; x_wconf 65' lang='lat' dir='ltr'>certitudine</span> <span class='ocrx_word' id='word_1_13' title='bbox 610 262 659 305; x_wconf 85' lang='lat' dir='ltr'>de</span> <span class='ocrx_word' id='word_1_14' title='bbox 711 263 888 306; x_wconf 84' lang='lat' dir='ltr'>liceitate</span> <span class='ocrx_word' id='word_1_15' title='bbox 938 263 1028 306; x_wconf 84' lang='lat' dir='ltr'>talis</span> <span class='ocrx_word' id='word_1_16' title='bbox 1088 264 1385 322; x_wconf 84' lang='lat' dir='ltr'>omissionis),</span> <span class='ocrx_word' id='word_1_17' title='bbox 1429 264 1503 308; x_wconf 90' lang='lat' dir='ltr'>sed</span> <span class='ocrx_word' id='word_1_18' title='bbox 1554 264 1641 308; x_wconf 89' lang='lat' dir='ltr'>lici-</span> 
     </span>
     <span class='ocr_line' id='line_1_4' title="bbox 217 332 1642 394; baseline 0.004 -18"><span class='ocrx_word' id='word_1_19' title='bbox 217 348 305 376; x_wconf 88' lang='lat' dir='ltr'>tum</span> <span class='ocrx_word' id='word_1_20' title='bbox 344 333 534 390; x_wconf 77' lang='lat' dir='ltr'>profecto</span> <span class='ocrx_word' id='word_1_21' title='bbox 570 332 681 377; x_wconf 83' lang='lat' dir='ltr'>foret</span> <span class='ocrx_word' id='word_1_22' title='bbox 717 350 845 391; x_wconf 77' lang='lat' dir='ltr'>agere</span> <span class='ocrx_word' id='word_1_23' title='bbox 882 335 997 378; x_wconf 84' lang='lat' dir='ltr'>iuxta</span> <span class='ocrx_word' id='word_1_24' title='bbox 1032 334 1142 378; x_wconf 89' lang='lat' dir='ltr'>illam</span> <span class='ocrx_word' id='word_1_25' title='bbox 1178 335 1498 390; x_wconf 80' lang='lat' dir='ltr'>conscientiam,</span> <span class='ocrx_word' id='word_1_26' title='bbox 1533 352 1566 380; x_wconf 90' lang='lat' dir='ltr'>e.</span> <span class='ocrx_word' id='word_1_27' title='bbox 1602 353 1642 394; x_wconf 82' lang='lat' dir='ltr'>g.</span> 
     </span>
     <span class='ocr_line' id='line_1_5' title="bbox 217 405 1644 466; baseline 0.003 -19"><span class='ocrx_word' id='word_1_28' title='bbox 217 406 416 462; x_wconf 76' lang='lat' dir='ltr'>ieiunare,</span> <span class='ocrx_word' id='word_1_29' title='bbox 435 421 540 463; x_wconf 81' lang='lat' dir='ltr'>quae</span> <span class='ocrx_word' id='word_1_30' title='bbox 564 407 821 449; x_wconf 84' lang='lat' dir='ltr'>conscientia</span> <span class='ocrx_word' id='word_1_31' title='bbox 845 406 894 449; x_wconf 87' lang='lat' dir='ltr'>ad</span> <span class='ocrx_word' id='word_1_32' title='bbox 919 405 1149 450; x_wconf 85' lang='lat' dir='ltr'>liceitatem</span> <span class='ocrx_word' id='word_1_33' title='bbox 1172 418 1302 450; x_wconf 81' lang='lat' dir='ltr'>actus</span> <span class='ocrx_word' id='word_1_34' title='bbox 1327 406 1443 465; x_wconf 89' lang='lat' dir='ltr'>quod</span> <span class='ocrx_word' id='word_1_35' title='bbox 1466 419 1644 466; x_wconf 86' lang='lat' dir='ltr'>spectat,</span> 
     </span>
     <span class='ocr_line' id='line_1_6' title="bbox 216 480 1453 532; baseline 0.002 -12"><span class='ocrx_word' id='word_1_36' title='bbox 216 490 276 520; x_wconf 82' lang='lat' dir='ltr'>est</span> <span class='ocrx_word' id='word_1_37' title='bbox 311 489 423 520; x_wconf 86' lang='lat' dir='ltr'>recta</span> <span class='ocrx_word' id='word_1_38' title='bbox 456 490 496 521; x_wconf 92' lang='lat' dir='ltr'>et</span> <span class='ocrx_word' id='word_1_39' title='bbox 530 490 656 532; x_wconf 86' lang='lat' dir='ltr'>certa,</span> <span class='ocrx_word' id='word_1_40' title='bbox 689 493 776 521; x_wconf 90' lang='lat' dir='ltr'>non</span> <span class='ocrx_word' id='word_1_41' title='bbox 811 490 955 521; x_wconf 80' lang='lat' dir='ltr'>¹autem</span> <span class='ocrx_word' id='word_1_42' title='bbox 997 493 1176 522; x_wconf 90' lang='lat' dir='ltr'>erronea</span> <span class='ocrx_word' id='word_1_43' title='bbox 1210 491 1248 522; x_wconf 89' lang='lat' dir='ltr'>et</span> <span class='ocrx_word' id='word_1_44' title='bbox 1281 480 1453 522; x_wconf 89' lang='lat' dir='ltr'>incerta.</span> 
     </span>
    </p>

    <p class='ocr_par' dir='ltr' id='par_1_3' title="bbox 208 549 1643 1829">
     <span class='ocr_line' id='line_1_7' title="bbox 332 549 1642 610; baseline 0.002 -18"><span class='ocrx_word' id='word_1_45' title='bbox 332 549 408 592; x_wconf 88' lang='lat' dir='ltr'><strong>III.</strong></span> <span class='ocrx_word' id='word_1_46' title='bbox 443 550 504 592; x_wconf 77' lang='lat' dir='ltr'>Dc</span> <span class='ocrx_word' id='word_1_47' title='bbox 537 550 770 593; x_wconf 78' lang='lat' dir='ltr'>conscientia</span> <span class='ocrx_word' id='word_1_48' title='bbox 804 549 926 594; x_wconf 75' lang='lat' dir='ltr'>dubia</span> <span class='ocrx_word' id='word_1_49' title='bbox 959 550 1043 610; x_wconf 86' lang='lat'>(1).</span> <span class='ocrx_word' id='word_1_50' title='bbox 1080 550 1287 609; x_wconf 83' lang='lat' dir='ltr'>Exemplo</span> <span class='ocrx_word' id='word_1_51' title='bbox 1339 552 1392 594; x_wconf 89' lang='lat' dir='ltr'>sit</span> <span class='ocrx_word' id='word_1_52' title='bbox 1425 551 1542 609; x_wconf 87' lang='lat' dir='ltr'>civis,</span> <span class='ocrx_word' id='word_1_53' title='bbox 1575 552 1642 595; x_wconf 90' lang='lat' dir='ltr'>cui</span> 
     </span>
     <span class='ocr_line' id='line_1_8' title="bbox 215 620 1643 681; baseline 0.002 -19"><span class='ocrx_word' id='word_1_54' title='bbox 215 635 285 662; x_wconf 78' lang='lat' dir='ltr'>rex</span> <span class='ocrx_word' id='word_1_55' title='bbox 319 620 511 678; x_wconf 86' lang='lat' dir='ltr'>imperat,</span> <span class='ocrx_word' id='word_1_56' title='bbox 545 633 589 663; x_wconf 88' lang='lat' dir='ltr'>ut</span> <span class='ocrx_word' id='word_1_57' title='bbox 622 620 672 664; x_wconf 87' lang='lat' dir='ltr'>ad</span> <span class='ocrx_word' id='word_1_58' title='bbox 706 620 864 664; x_wconf 88' lang='lat' dir='ltr'>bellum</span> <span class='ocrx_word' id='word_1_59' title='bbox 900 635 1059 679; x_wconf 79' lang='lat' dir='ltr'>pergat,</span> <span class='ocrx_word' id='word_1_60' title='bbox 1093 623 1251 681; x_wconf 88' lang='lat' dir='ltr'>quique</span> <span class='ocrx_word' id='word_1_61' title='bbox 1276 621 1328 665; x_wconf 92' lang='lat' dir='ltr'>de</span> <span class='ocrx_word' id='word_1_62' title='bbox 1357 621 1452 666; x_wconf 88' lang='lat' dir='ltr'>belli</span> <span class='ocrx_word' id='word_1_63' title='bbox 1483 622 1643 666; x_wconf 90' lang='lat' dir='ltr'>iustitia</span> 
     </span>
     <span class='ocr_line' id='line_1_9' title="bbox 214 690 1642 751; baseline 0.004 -18"><span class='ocrx_word' id='word_1_64' title='bbox 214 690 388 735; x_wconf 81' lang='lat' dir='ltr'>dubitat:</span> <span class='ocrx_word' id='word_1_65' title='bbox 422 693 582 750; x_wconf 81' lang='lat' dir='ltr'>quaerit</span> <span class='ocrx_word' id='word_1_66' title='bbox 612 693 751 751; x_wconf 88' lang='lat' dir='ltr'>itaque</span> <span class='ocrx_word' id='word_1_67' title='bbox 787 705 932 737; x_wconf 88' lang='lat' dir='ltr'>utrum</span> <span class='ocrx_word' id='word_1_68' title='bbox 967 709 1064 736; x_wconf 89' lang='lat' dir='ltr'>cum</span> <span class='ocrx_word' id='word_1_69' title='bbox 1114 694 1183 738; x_wconf 88' lang='lat' dir='ltr'>tali</span> <span class='ocrx_word' id='word_1_70' title='bbox 1219 694 1477 738; x_wconf 85' lang='lat' dir='ltr'>conscientia</span> <span class='ocrx_word' id='word_1_71' title='bbox 1517 693 1642 738; x_wconf 80' lang='lat' dir='ltr'>dubia</span> 
     </span>
     <span class='ocr_line' id='line_1_10' title="bbox 217 763 1642 824; baseline 0.003 -19"><span class='ocrx_word' id='word_1_72' title='bbox 217 764 353 820; x_wconf 88' lang='lat' dir='ltr'>possit</span> <span class='ocrx_word' id='word_1_73' title='bbox 388 764 437 807; x_wconf 91' lang='lat' dir='ltr'>ad</span> <span class='ocrx_word' id='word_1_74' title='bbox 476 763 631 807; x_wconf 82' lang='lat' dir='ltr'>bellum</span> <span class='ocrx_word' id='word_1_75' title='bbox 669 765 909 823; x_wconf 83' lang='lat' dir='ltr'>progredi?</span> <span class='ocrx_word' id='word_1_76' title='bbox 943 764 1030 818; x_wconf 84' lang='lat' dir='ltr'>Ille,</span> <span class='ocrx_word' id='word_1_77' title='bbox 1066 767 1136 824; x_wconf 92' lang='lat' dir='ltr'>qui</span> <span class='ocrx_word' id='word_1_78' title='bbox 1182 766 1484 809; x_wconf 83' lang='lat' dir='ltr'>conscientiam</span> <span class='ocrx_word' id='word_1_79' title='bbox 1520 765 1642 809; x_wconf 84' lang='lat' dir='ltr'>habet</span> 
     </span>
     <span class='ocr_line' id='line_1_11' title="bbox 213 835 1641 894; baseline 0.002 -16"><span class='ocrx_word' id='word_1_80' title='bbox 213 835 384 879; x_wconf 84' lang='lat' dir='ltr'>dubiam</span> <span class='ocrx_word' id='word_1_81' title='bbox 419 836 468 880; x_wconf 87' lang='lat' dir='ltr'>de</span> <span class='ocrx_word' id='word_1_82' title='bbox 504 836 726 880; x_wconf 85' lang='lat' dir='ltr'>honestate</span> <span class='ocrx_word' id='word_1_83' title='bbox 761 838 950 881; x_wconf 88' lang='lat' dir='ltr'>actionis</span> <span class='ocrx_word' id='word_1_84' title='bbox 999 837 1064 880; x_wconf 89' lang='lat' dir='ltr'>vel</span> <span class='ocrx_word' id='word_1_85' title='bbox 1108 838 1368 894; x_wconf 79' lang='lat' dir='ltr'>omissionis,</span> <span class='ocrx_word' id='word_1_86' title='bbox 1419 836 1539 881; x_wconf 89' lang='lat' dir='ltr'>debet</span> <span class='ocrx_word' id='word_1_87' title='bbox 1571 853 1641 882; x_wconf 86' lang='lat' dir='ltr'>an-</span> 
     </span>
     <span class='ocr_line' id='line_1_12' title="bbox 212 906 1642 968; baseline 0.001 -17"><span class='ocrx_word' id='word_1_88' title='bbox 212 922 381 966; x_wconf 86' lang='lat' dir='ltr'>tequam</span> <span class='ocrx_word' id='word_1_89' title='bbox 417 906 545 967; x_wconf 87' lang='lat' dir='ltr'>ponat</span> <span class='ocrx_word' id='word_1_90' title='bbox 580 908 644 953; x_wconf 72' lang='lat' dir='ltr'>vel</span> <span class='ocrx_word' id='word_1_91' title='bbox 681 911 864 954; x_wconf 88' lang='lat' dir='ltr'>omittat</span> <span class='ocrx_word' id='word_1_92' title='bbox 913 911 1122 954; x_wconf 78' lang='lat' dir='ltr'>actionem</span> <span class='ocrx_word' id='word_1_93' title='bbox 1174 910 1386 968; x_wconf 78' lang='lat' dir='ltr'>deponere</span> <span class='ocrx_word' id='word_1_94' title='bbox 1436 910 1642 954; x_wconf 84' lang='lat' dir='ltr'>methodo</span> 
     </span>
     <span class='ocr_line' id='line_1_13' title="bbox 213 980 1641 1041; baseline 0.001 -18"><span class='ocrx_word' id='word_1_95' title='bbox 213 980 362 1024; x_wconf 68' lang='lat' dir='ltr'>directa</span> <span class='ocrx_word' id='word_1_96' title='bbox 388 981 452 1024; x_wconf 78' lang='lat' dir='ltr'>vel</span> <span class='ocrx_word' id='word_1_97' title='bbox 477 981 626 1025; x_wconf 86' lang='lat' dir='ltr'>saltem</span> <span class='ocrx_word' id='word_1_98' title='bbox 651 981 843 1025; x_wconf 76' lang='lat' dir='ltr'>indirecta</span> <span class='ocrx_word' id='word_1_99' title='bbox 869 981 995 1025; x_wconf 91' lang='lat' dir='ltr'>talem</span> <span class='ocrx_word' id='word_1_100' title='bbox 1022 982 1328 1026; x_wconf 75' lang='lat' dir='ltr'>conscientiam</span> <span class='ocrx_word' id='word_1_101' title='bbox 1368 980 1537 1025; x_wconf 87' lang='lat' dir='ltr'>dubiam</span> <span class='ocrx_word' id='word_1_102' title='bbox 1556 981 1641 1041; x_wconf 86' lang='lat'>(2),</span> 
     </span>
     <span class='ocr_line' id='line_1_14' title="bbox 213 1052 1640 1110; baseline 0.001 -16"><span class='ocrx_word' id='word_1_103' title='bbox 213 1067 390 1110; x_wconf 87' lang='lat' dir='ltr'>eamque</span> <span class='ocrx_word' id='word_1_104' title='bbox 424 1065 586 1097; x_wconf 89' lang='lat' dir='ltr'>mutare</span> <span class='ocrx_word' id='word_1_105' title='bbox 620 1054 661 1096; x_wconf 92' lang='lat' dir='ltr'>in</span> <span class='ocrx_word' id='word_1_106' title='bbox 696 1065 856 1097; x_wconf 87' lang='lat' dir='ltr'>certam</span> <span class='ocrx_word' id='word_1_107' title='bbox 893 1053 943 1097; x_wconf 91' lang='lat' dir='ltr'>de</span> <span class='ocrx_word' id='word_1_108' title='bbox 970 1053 1194 1097; x_wconf 84' lang='lat' dir='ltr'>honestate</span> <span class='ocrx_word' id='word_1_109' title='bbox 1219 1053 1398 1096; x_wconf 88' lang='lat' dir='ltr'>actionis</span> <span class='ocrx_word' id='word_1_110' title='bbox 1421 1052 1485 1097; x_wconf 82' lang='lat' dir='ltr'>vel</span> <span class='ocrx_word' id='word_1_111' title='bbox 1512 1054 1640 1096; x_wconf 91' lang='lat' dir='ltr'>omis-</span> 
     </span>
     <span class='ocr_line' id='line_1_15' title="bbox 213 1125 1643 1183; baseline 0.001 -16"><span class='ocrx_word' id='word_1_112' title='bbox 213 1125 345 1167; x_wconf 78' lang='lat' dir='ltr'>sionis</span> <span class='ocrx_word' id='word_1_113' title='bbox 381 1126 704 1183; x_wconf 85' lang='lat' dir='ltr'>conscientiam,</span> <span class='ocrx_word' id='word_1_114' title='bbox 769 1125 834 1168; x_wconf 90' lang='lat' dir='ltr'>cui</span> <span class='ocrx_word' id='word_1_115' title='bbox 869 1142 911 1169; x_wconf 89' lang='lat' dir='ltr'>se</span> <span class='ocrx_word' id='word_1_116' title='bbox 963 1125 1246 1169; x_wconf 81' lang='lat' dir='ltr'>conformabit</span> <span class='ocrx_word' id='word_1_117' title='bbox 1294 1138 1333 1169; x_wconf 90' lang='lat' dir='ltr'>et</span> <span class='ocrx_word' id='word_1_118' title='bbox 1367 1126 1424 1168; x_wconf 90' lang='lat' dir='ltr'>sic</span> <span class='ocrx_word' id='word_1_119' title='bbox 1456 1137 1566 1169; x_wconf 88' lang='lat' dir='ltr'>recte</span> <span class='ocrx_word' id='word_1_120' title='bbox 1599 1141 1643 1169; x_wconf 89' lang='lat' dir='ltr'>se</span> 
     </span>
     <span class='ocr_line' id='line_1_16' title="bbox 212 1196 1643 1257; baseline 0 -17"><span class='ocrx_word' id='word_1_121' title='bbox 212 1210 340 1254; x_wconf 80' lang='lat' dir='ltr'>geret.</span> <span class='ocrx_word' id='word_1_122' title='bbox 378 1197 514 1250; x_wconf 88' lang='lat' dir='ltr'>Quod</span> <span class='ocrx_word' id='word_1_123' title='bbox 546 1199 579 1240; x_wconf 89' lang='lat' dir='ltr'>si</span> <span class='ocrx_word' id='word_1_124' title='bbox 615 1211 797 1257; x_wconf 80' lang='lat' dir='ltr'>nequeat</span> <span class='ocrx_word' id='word_1_125' title='bbox 845 1198 1148 1241; x_wconf 84' lang='lat' dir='ltr'>conscientiam</span> <span class='ocrx_word' id='word_1_126' title='bbox 1196 1197 1307 1240; x_wconf 90' lang='lat' dir='ltr'>illam</span> <span class='ocrx_word' id='word_1_127' title='bbox 1357 1196 1526 1240; x_wconf 87' lang='lat' dir='ltr'>dubiam</span> <span class='ocrx_word' id='word_1_128' title='bbox 1571 1196 1643 1241; x_wconf 91' lang='lat' dir='ltr'>de-</span> 
     </span>
     <span class='ocr_line' id='line_1_17' title="bbox 211 1269 1639 1328; baseline -0.001 -15"><span class='ocrx_word' id='word_1_129' title='bbox 211 1286 385 1328; x_wconf 83' lang='lat' dir='ltr'>ponere,</span> <span class='ocrx_word' id='word_1_130' title='bbox 420 1283 521 1313; x_wconf 86' lang='lat' dir='ltr'>tunc</span> <span class='ocrx_word' id='word_1_131' title='bbox 554 1269 716 1314; x_wconf 83' lang='lat' dir='ltr'>differat</span> <span class='ocrx_word' id='word_1_132' title='bbox 750 1271 962 1314; x_wconf 82' lang='lat' dir='ltr'>actionem</span> <span class='ocrx_word' id='word_1_133' title='bbox 998 1270 1063 1313; x_wconf 89' lang='lat' dir='ltr'>vel</span> <span class='ocrx_word' id='word_1_134' title='bbox 1087 1270 1388 1325; x_wconf 89' lang='lat' dir='ltr'>omissionem,</span> <span class='ocrx_word' id='word_1_135' title='bbox 1413 1270 1533 1328; x_wconf 87' lang='lat' dir='ltr'>sique</span> <span class='ocrx_word' id='word_1_136' title='bbox 1555 1285 1639 1323; x_wconf 88' lang='lat' dir='ltr'>res,</span> 
     </span>
     <span class='ocr_line' id='line_1_18' title="bbox 211 1340 1640 1400; baseline -0.001 -16"><span class='ocrx_word' id='word_1_137' title='bbox 211 1341 261 1385; x_wconf 89' lang='lat' dir='ltr'>de</span> <span class='ocrx_word' id='word_1_138' title='bbox 297 1357 379 1400; x_wconf 87' lang='lat' dir='ltr'>qua</span> <span class='ocrx_word' id='word_1_139' title='bbox 412 1342 566 1398; x_wconf 83' lang='lat' dir='ltr'>agitur,</span> <span class='ocrx_word' id='word_1_140' title='bbox 601 1356 769 1384; x_wconf 88' lang='lat' dir='ltr'>moram</span> <span class='ocrx_word' id='word_1_141' title='bbox 805 1357 891 1385; x_wconf 92' lang='lat' dir='ltr'>non</span> <span class='ocrx_word' id='word_1_142' title='bbox 938 1342 1118 1399; x_wconf 86' lang='lat' dir='ltr'>patiatur</span> <span class='ocrx_word' id='word_1_143' title='bbox 1161 1357 1234 1384; x_wconf 93' lang='lat' dir='ltr'>seu</span> <span class='ocrx_word' id='word_1_144' title='bbox 1274 1340 1640 1384; x_wconf 86' lang='lat' dir='ltr'>determinationis</span> 
     </span>
     <span class='ocr_line' id='line_1_19' title="bbox 210 1411 1642 1470; baseline -0.001 -15"><span class='ocrx_word' id='word_1_145' title='bbox 210 1412 384 1456; x_wconf 88' lang='lat' dir='ltr'>alicuius</span> <span class='ocrx_word' id='word_1_146' title='bbox 419 1425 567 1470; x_wconf 83' lang='lat' dir='ltr'>urgeat</span> <span class='ocrx_word' id='word_1_147' title='bbox 600 1413 845 1469; x_wconf 85' lang='lat' dir='ltr'>necessitas,</span> <span class='ocrx_word' id='word_1_148' title='bbox 907 1411 1033 1469; x_wconf 84' lang='lat' dir='ltr'>eligat</span> <span class='ocrx_word' id='word_1_149' title='bbox 1079 1424 1242 1469; x_wconf 88' lang='lat' dir='ltr'>partem</span> <span class='ocrx_word' id='word_1_150' title='bbox 1291 1413 1494 1469; x_wconf 78' lang='lat' dir='ltr'>tutiorem,</span> <span class='ocrx_word' id='word_1_151' title='bbox 1527 1412 1642 1455; x_wconf 84' lang='lat' dir='ltr'>iuxta</span> 
     </span>
     <span class='ocr_line' id='line_1_20' title="bbox 211 1484 1639 1542; baseline 0.001 -15"><span class='ocrx_word' id='word_1_152' title='bbox 211 1498 360 1528; x_wconf 87' lang='lat' dir='ltr'>notum</span> <span class='ocrx_word' id='word_1_153' title='bbox 399 1485 500 1528; x_wconf 86' lang='lat' dir='ltr'>illud</span> <span class='ocrx_word' id='word_1_154' title='bbox 524 1486 627 1528; x_wconf 85' lang='lat' dir='ltr'>iuris</span> <span class='ocrx_word' id='word_1_155' title='bbox 652 1485 865 1542; x_wconf 82' lang='lat' dir='ltr'>adagium,</span> <span class='ocrx_word' id='word_1_156' title='bbox 908 1486 947 1528; x_wconf 83' lang='lat' dir='ltr'>in</span> <span class='ocrx_word' id='word_1_157' title='bbox 970 1484 1106 1528; x_wconf 75' lang='lat' dir='ltr'>dubiis</span> <span class='ocrx_word' id='word_1_158' title='bbox 1129 1486 1252 1528; x_wconf 77' lang='lat' dir='ltr'>tutior</span> <span class='ocrx_word' id='word_1_159' title='bbox 1277 1486 1348 1528; x_wconf 78' lang='lat' dir='ltr'>via</span> <span class='ocrx_word' id='word_1_160' title='bbox 1370 1493 1425 1528; x_wconf 78' lang='lat' dir='ltr'>est</span> <span class='ocrx_word' id='word_1_161' title='bbox 1445 1485 1639 1542; x_wconf 82' lang='lat' dir='ltr'>eligenda.</span> 
     </span>
     <span class='ocr_line' id='line_1_21' title="bbox 210 1556 1640 1614; baseline -0.001 -14"><span class='ocrx_word' id='word_1_162' title='bbox 210 1556 432 1610; x_wconf 84' lang='lat' dir='ltr'>Videlicet,</span> <span class='ocrx_word' id='word_1_163' title='bbox 466 1558 499 1599; x_wconf 84' lang='lat' dir='ltr'>si</span> <span class='ocrx_word' id='word_1_164' title='bbox 536 1556 660 1600; x_wconf 84' lang='lat' dir='ltr'>dubia</span> <span class='ocrx_word' id='word_1_165' title='bbox 694 1557 747 1599; x_wconf 89' lang='lat' dir='ltr'>sit</span> <span class='ocrx_word' id='word_1_166' title='bbox 780 1556 980 1599; x_wconf 84' lang='lat' dir='ltr'>honestas</span> <span class='ocrx_word' id='word_1_167' title='bbox 1015 1557 1220 1614; x_wconf 87' lang='lat' dir='ltr'>actionis,</span> <span class='ocrx_word' id='word_1_168' title='bbox 1253 1572 1286 1600; x_wconf 91' lang='lat' dir='ltr'>e.</span> <span class='ocrx_word' id='word_1_169' title='bbox 1323 1572 1361 1614; x_wconf 84' lang='lat' dir='ltr'>g.</span> <span class='ocrx_word' id='word_1_170' title='bbox 1397 1557 1640 1614; x_wconf 87' lang='lat' dir='ltr'>appropria-</span> 
     </span>
     <span class='ocr_line' id='line_1_22' title="bbox 208 1626 1640 1685; baseline -0.001 -14"><span class='ocrx_word' id='word_1_171' title='bbox 208 1629 336 1671; x_wconf 90' lang='lat' dir='ltr'>tionis</span> <span class='ocrx_word' id='word_1_172' title='bbox 386 1628 458 1685; x_wconf 77' lang='lat' dir='ltr'>rei,</span> <span class='ocrx_word' id='word_1_173' title='bbox 503 1640 611 1671; x_wconf 79' lang='lat' dir='ltr'>certa</span> <span class='ocrx_word' id='word_1_174' title='bbox 659 1640 802 1671; x_wconf 84' lang='lat' dir='ltr'>autem</span> <span class='ocrx_word' id='word_1_175' title='bbox 852 1627 1050 1670; x_wconf 84' lang='lat' dir='ltr'>honestas</span> <span class='ocrx_word' id='word_1_176' title='bbox 1111 1627 1381 1681; x_wconf 82' lang='lat' dir='ltr'>omissionis,</span> <span class='ocrx_word' id='word_1_177' title='bbox 1418 1626 1640 1670; x_wconf 86' lang='lat' dir='ltr'>omittatur</span> 
     </span>
     <span class='ocr_line' id='line_1_23' title="bbox 209 1699 1638 1756; baseline 0 -13"><span class='ocrx_word' id='word_1_178' title='bbox 209 1702 330 1744; x_wconf 83' lang='lat' dir='ltr'>actio:</span> <span class='ocrx_word' id='word_1_179' title='bbox 366 1701 397 1742; x_wconf 91' lang='lat' dir='ltr'>si</span> <span class='ocrx_word' id='word_1_180' title='bbox 432 1717 451 1743; x_wconf 88' lang='lat' dir='ltr'>e</span> <span class='ocrx_word' id='word_1_181' title='bbox 488 1701 701 1744; x_wconf 89' lang='lat' dir='ltr'>contrario</span> <span class='ocrx_word' id='word_1_182' title='bbox 736 1699 818 1742; x_wconf 85' lang='lat' dir='ltr'>dub</span> <span class='ocrx_word' id='word_1_183' title='bbox 839 1700 875 1742; x_wconf 91' lang='lat' dir='ltr'>ia</span> <span class='ocrx_word' id='word_1_184' title='bbox 909 1700 961 1742; x_wconf 90' lang='lat' dir='ltr'>sit</span> <span class='ocrx_word' id='word_1_185' title='bbox 995 1699 1195 1743; x_wconf 87' lang='lat' dir='ltr'>honestas</span> <span class='ocrx_word' id='word_1_186' title='bbox 1231 1700 1495 1752; x_wconf 79' lang='lat' dir='ltr'>omissionis,</span> <span class='ocrx_word' id='word_1_187' title='bbox 1529 1715 1562 1742; x_wconf 91' lang='lat' dir='ltr'>e.</span> <span class='ocrx_word' id='word_1_188' title='bbox 1597 1715 1638 1756; x_wconf 85' lang='lat' dir='ltr'>g.</span> 
     </span>
     <span class='ocr_line' id='line_1_24' title="bbox 209 1769 1639 1829; baseline -0.001 -14"><span class='ocrx_word' id='word_1_189' title='bbox 209 1774 370 1828; x_wconf 84' lang='lat' dir='ltr'>ieiunii,</span> <span class='ocrx_word' id='word_1_190' title='bbox 408 1787 517 1817; x_wconf 90' lang='lat' dir='ltr'>certa</span> <span class='ocrx_word' id='word_1_191' title='bbox 549 1786 690 1816; x_wconf 84' lang='lat' dir='ltr'>autem</span> <span class='ocrx_word' id='word_1_192' title='bbox 726 1773 933 1816; x_wconf 86' lang='lat' dir='ltr'>honestas</span> <span class='ocrx_word' id='word_1_193' title='bbox 968 1772 1161 1825; x_wconf 86' lang='lat' dir='ltr'>actionis,</span> <span class='ocrx_word' id='word_1_194' title='bbox 1214 1784 1396 1829; x_wconf 88' lang='lat' dir='ltr'>ponatur</span> <span class='ocrx_word' id='word_1_195' title='bbox 1445 1771 1568 1814; x_wconf 88' lang='lat' dir='ltr'>actio:</span> <span class='ocrx_word' id='word_1_196' title='bbox 1605 1769 1639 1813; x_wconf 87' lang='lat' dir='ltr'>si</span> 
     </span>
    </p>
   </div>
   <div class='ocr_carea' id='block_1_3' title="bbox 207 1989 1639 2160">
    <p class='ocr_par' dir='ltr' id='par_1_4' title="bbox 207 1989 1639 2160">
     <span class='ocr_line' id='line_1_25' title="bbox 303 1989 1639 2040; baseline -0.001 -12"><span class='ocrx_word' id='word_1_197' title='bbox 303 1996 356 2040; x_wconf 85' lang='lat'>(1)</span> <span class='ocrx_word' id='word_1_198' title='bbox 383 1994 625 2040; x_wconf 88' lang='lat' dir='ltr'>Supponimus</span> <span class='ocrx_word' id='word_1_199' title='bbox 641 1993 710 2027; x_wconf 85' lang='lat' dir='ltr'>dub</span> <span class='ocrx_word' id='word_1_200' title='bbox 729 1993 803 2026; x_wconf 88' lang='lat' dir='ltr'>ium</span> <span class='ocrx_word' id='word_1_201' title='bbox 823 2003 899 2027; x_wconf 87' lang='lat' dir='ltr'>esse</span> <span class='ocrx_word' id='word_1_202' title='bbox 912 1992 1112 2039; x_wconf 81' lang='lat' dir='ltr'>positivum,</span> <span class='ocrx_word' id='word_1_203' title='bbox 1135 2002 1268 2037; x_wconf 89' lang='lat' dir='ltr'>nempe</span> <span class='ocrx_word' id='word_1_204' title='bbox 1287 1990 1546 2026; x_wconf 87' lang='lat' dir='ltr'>sufficientibus</span> <span class='ocrx_word' id='word_1_205' title='bbox 1563 1989 1639 2028; x_wconf 87' lang='lat' dir='ltr'>fun-</span> 
     </span>
     <span class='ocr_line' id='line_1_26' title="bbox 210 2050 1639 2098; baseline -0.003 -9"><span class='ocrx_word' id='word_1_206' title='bbox 210 2056 330 2090; x_wconf 86' lang='lat' dir='ltr'>datum</span> <span class='ocrx_word' id='word_1_207' title='bbox 359 2055 570 2097; x_wconf 87' lang='lat' dir='ltr'>rationibus,</span> <span class='ocrx_word' id='word_1_208' title='bbox 598 2065 670 2088; x_wconf 92' lang='lat' dir='ltr'>non</span> <span class='ocrx_word' id='word_1_209' title='bbox 700 2062 822 2088; x_wconf 86' lang='lat' dir='ltr'>autern</span> <span class='ocrx_word' id='word_1_210' title='bbox 865 2063 964 2088; x_wconf 87' lang='lat' dir='ltr'>mere</span> <span class='ocrx_word' id='word_1_211' title='bbox 1003 2052 1197 2098; x_wconf 78' lang='lat' dir='ltr'>negativum</span> <span class='ocrx_word' id='word_1_212' title='bbox 1225 2062 1285 2086; x_wconf 89' lang='lat' dir='ltr'>seu</span> <span class='ocrx_word' id='word_1_213' title='bbox 1325 2050 1425 2086; x_wconf 89' lang='lat' dir='ltr'>nulla</span> <span class='ocrx_word' id='word_1_214' title='bbox 1451 2050 1639 2086; x_wconf 88' lang='lat' dir='ltr'>fundatum</span> 
     </span>
     <span class='ocr_line' id='line_1_27' title="bbox 207 2111 1637 2160; baseline -0.003 -11"><span class='ocrx_word' id='word_1_215' title='bbox 207 2116 263 2150; x_wconf 72' lang='lat' dir='ltr'>vel</span> <span class='ocrx_word' id='word_1_216' title='bbox 290 2115 391 2150; x_wconf 73' lang='lat' dir='ltr'>valde</span> <span class='ocrx_word' id='word_1_217' title='bbox 421 2115 488 2149; x_wconf 87' lang='lat' dir='ltr'>levi</span> <span class='ocrx_word' id='word_1_218' title='bbox 517 2123 549 2149; x_wconf 88' lang='lat' dir='ltr'>et</span> <span class='ocrx_word' id='word_1_219' title='bbox 577 2112 780 2160; x_wconf 86' lang='lat' dir='ltr'>spernenda</span> <span class='ocrx_word' id='word_1_220' title='bbox 809 2113 969 2147; x_wconf 88' lang='lat' dir='ltr'>ratione.</span> <span class='ocrx_word' id='word_1_221' title='bbox 1001 2112 1107 2156; x_wconf 85' lang='lat' dir='ltr'>Quae</span> <span class='ocrx_word' id='word_1_222' title='bbox 1133 2111 1239 2145; x_wconf 89' lang='lat' dir='ltr'>dubia</span> <span class='ocrx_word' id='word_1_223' title='bbox 1266 2111 1430 2157; x_wconf 80' lang='lat' dir='ltr'>negativa</span> <span class='ocrx_word' id='word_1_224' title='bbox 1456 2118 1537 2145; x_wconf 90' lang='lat' dir='ltr'>sunt</span> <span class='ocrx_word' id='word_1_225' title='bbox 1568 2121 1637 2158; x_wconf 89' lang='lat' dir='ltr'>po-</span> 
     </span>
    </p>
   </div>
   <div class='ocr_carea' id='block_1_4' title="bbox 208 2174 1637 2279">
    <p class='ocr_par' dir='ltr' id='par_1_5' title="bbox 208 2174 1637 2279">
     <span class='ocr_line' id='line_1_28' title="bbox 208 2174 584 2210; baseline -0.003 -1"><span class='ocrx_word' id='word_1_226' title='bbox 208 2177 278 2210; x_wconf 87' lang='lat' dir='ltr'>tius</span> <span class='ocrx_word' id='word_1_227' title='bbox 306 2174 584 2210; x_wconf 87' lang='lat' dir='ltr'>contemnenda.</span> 
     </span>
     <span class='ocr_line' id='line_1_29' title="bbox 304 2228 1637 2279; baseline -0.005 -11"><span class='ocrx_word' id='word_1_228' title='bbox 304 2235 360 2279; x_wconf 87' lang='lat'>(2)</span> <span class='ocrx_word' id='word_1_229' title='bbox 388 2234 445 2270; x_wconf 91' lang='lat' dir='ltr'>Ad</span> <span class='ocrx_word' id='word_1_230' title='bbox 470 2234 539 2268; x_wconf 90' lang='lat' dir='ltr'>hoc</span> <span class='ocrx_word' id='word_1_231' title='bbox 569 2233 735 2279; x_wconf 88' lang='lat' dir='ltr'>inprimis</span> <span class='ocrx_word' id='word_1_232' title='bbox 771 2241 925 2267; x_wconf 87' lang='lat' dir='ltr'>tenetur.</span> <span class='ocrx_word' id='word_1_233' title='bbox 947 2231 1004 2266; x_wconf 91' lang='lat' dir='ltr'>Ad</span> <span class='ocrx_word' id='word_1_234' title='bbox 1034 2242 1108 2266; x_wconf 91' lang='lat' dir='ltr'>rem</span> <span class='ocrx_word' id='word_1_235' title='bbox 1136 2231 1278 2272; x_wconf 79' lang='lat' dir='ltr'>Suarez,</span> <span class='ocrx_word' id='word_1_236' title='bbox 1299 2229 1342 2264; x_wconf 88' lang='lat' dir='ltr'>de</span> <span class='ocrx_word' id='word_1_237' title='bbox 1370 2228 1528 2264; x_wconf 87' lang='lat' dir='ltr'>censuris</span> <span class='ocrx_word' id='word_1_238' title='bbox 1545 2228 1637 2275; x_wconf 55' lang='lat' dir='ltr'>disp,</span> 
     </span>
    </p>
   </div>
   <div class='ocr_carea' id='block_1_5' title="bbox 208 2285 1638 2636">
    <p class='ocr_par' dir='ltr' id='par_1_6' title="bbox 208 2285 1638 2636">
     <span class='ocr_line' id='line_1_30' title="bbox 208 2285 1638 2337; baseline -0.005 -8"><span class='ocrx_word' id='word_1_239' title='bbox 208 2305 266 2337; x_wconf 75' lang='lat'>40.</span> <span class='ocrx_word' id='word_1_240' title='bbox 294 2304 381 2330; x_wconf 88' lang='lat' dir='ltr'>sect.</span> <span class='ocrx_word' id='word_1_241' title='bbox 412 2304 438 2337; x_wconf 82' lang='lat'>5.</span> <span class='ocrx_word' id='word_1_242' title='bbox 468 2306 502 2328; x_wconf 87' lang='lat' dir='ltr'>n.</span> <span class='ocrx_word' id='word_1_243' title='bbox 535 2303 604 2328; x_wconf 86' lang='lat'>12.:</span> <span class='ocrx_word' id='word_1_244' title='bbox 636 2292 863 2335; x_wconf 82' lang='lat' dir='ltr'>«Quamdiu</span> <span class='ocrx_word' id='word_1_245' title='bbox 890 2291 1003 2326; x_wconf 85' lang='lat' dir='ltr'>homo</span> <span class='ocrx_word' id='word_1_246' title='bbox 1030 2302 1105 2325; x_wconf 89' lang='lat' dir='ltr'>non</span> <span class='ocrx_word' id='word_1_247' title='bbox 1137 2289 1222 2325; x_wconf 85' lang='lat' dir='ltr'>facit</span> <span class='ocrx_word' id='word_1_248' title='bbox 1249 2289 1343 2335; x_wconf 86' lang='lat' dir='ltr'>quod</span> <span class='ocrx_word' id='word_1_249' title='bbox 1369 2289 1405 2323; x_wconf 87' lang='lat' dir='ltr'>in</span> <span class='ocrx_word' id='word_1_250' title='bbox 1438 2299 1474 2323; x_wconf 89' lang='lat' dir='ltr'>se</span> <span class='ocrx_word' id='word_1_251' title='bbox 1502 2297 1564 2332; x_wconf 87' lang='lat' dir='ltr'>est,</span> <span class='ocrx_word' id='word_1_252' title='bbox 1595 2285 1638 2322; x_wconf 90' lang='lat' dir='ltr'>ad</span> 
     </span>
     <span class='ocr_line' id='line_1_31' title="bbox 210 2347 1636 2400; baseline -0.005 -12"><span class='ocrx_word' id='word_1_253' title='bbox 210 2354 468 2400; x_wconf 84' lang='lat' dir='ltr'>deponendum</span> <span class='ocrx_word' id='word_1_254' title='bbox 497 2353 656 2395; x_wconf 87' lang='lat' dir='ltr'>dubium,</span> <span class='ocrx_word' id='word_1_255' title='bbox 699 2352 749 2386; x_wconf 89' lang='lat' dir='ltr'>illi</span> <span class='ocrx_word' id='word_1_256' title='bbox 788 2353 984 2398; x_wconf 83' lang='lat' dir='ltr'>imputatur</span> <span class='ocrx_word' id='word_1_257' title='bbox 1020 2349 1189 2397; x_wconf 85' lang='lat' dir='ltr'>quidquid</span> <span class='ocrx_word' id='word_1_258' title='bbox 1234 2357 1286 2384; x_wconf 88' lang='lat' dir='ltr'>est</span> <span class='ocrx_word' id='word_1_259' title='bbox 1320 2347 1468 2395; x_wconf 87' lang='lat' dir='ltr'>periculi</span> <span class='ocrx_word' id='word_1_260' title='bbox 1506 2348 1542 2382; x_wconf 92' lang='lat' dir='ltr'>in</span> <span class='ocrx_word' id='word_1_261' title='bbox 1574 2347 1636 2388; x_wconf 85' lang='lat' dir='ltr'>tali</span> 
     </span>
     <span class='ocr_line' id='line_1_32' title="bbox 208 2406 1636 2459; baseline -0.004 -12"><span class='ocrx_word' id='word_1_262' title='bbox 208 2414 433 2459; x_wconf 78' lang='lat' dir='ltr'>operati0ne3</span> <span class='ocrx_word' id='word_1_263' title='bbox 463 2412 666 2459; x_wconf 82' lang='lat' dir='ltr'>ignorantia</span> <span class='ocrx_word' id='word_1_264' title='bbox 695 2412 806 2455; x_wconf 88' lang='lat' dir='ltr'>enim,</span> <span class='ocrx_word' id='word_1_265' title='bbox 833 2422 921 2457; x_wconf 87' lang='lat' dir='ltr'>quae</span> <span class='ocrx_word' id='word_1_266' title='bbox 946 2410 995 2444; x_wconf 87' lang='lat' dir='ltr'>ibi</span> <span class='ocrx_word' id='word_1_267' title='bbox 1023 2409 1226 2452; x_wconf 88' lang='lat' dir='ltr'>intervenit,</span> <span class='ocrx_word' id='word_1_268' title='bbox 1246 2406 1427 2443; x_wconf 83' lang='lat' dir='ltr'>vincibilis</span> <span class='ocrx_word' id='word_1_269' title='bbox 1454 2415 1519 2450; x_wconf 86' lang='lat' dir='ltr'>est,</span> <span class='ocrx_word' id='word_1_270' title='bbox 1537 2406 1636 2442; x_wconf 86' lang='lat' dir='ltr'>ideo-</span> 
     </span>
     <span class='ocr_line' id='line_1_33' title="bbox 209 2458 1635 2518; baseline -0.006 -11"><span class='ocrx_word' id='word_1_271' title='bbox 209 2484 276 2518; x_wconf 89' lang='lat' dir='ltr'>que</span> <span class='ocrx_word' id='word_1_272' title='bbox 303 2484 376 2506; x_wconf 92' lang='lat' dir='ltr'>non</span> <span class='ocrx_word' id='word_1_273' title='bbox 404 2481 523 2517; x_wconf 85' lang='lat' dir='ltr'>potest</span> <span class='ocrx_word' id='word_1_274' title='bbox 551 2484 568 2506; x_wconf 88' lang='lat' dir='ltr'>a</span> <span class='ocrx_word' id='word_1_275' title='bbox 596 2471 700 2517; x_wconf 85' lang='lat' dir='ltr'>culpa</span> <span class='ocrx_word' id='word_1_276' title='bbox 745 2481 928 2505; x_wconf 76' lang='lat' dir='ltr'>excusare.</span> <span class='ocrx_word' id='word_1_277' title='bbox 958 2484 974 2501; x_wconf 81' lang='lat'>»</span> <span class='ocrx_word' id='word_1_278' title='bbox 1005 2469 1189 2511; x_wconf 79' lang='lat' dir='ltr'>Quaeres,</span> <span class='ocrx_word' id='word_1_279' title='bbox 1229 2466 1458 2514; x_wconf 84' lang='lat' dir='ltr'>quandonam</span> <span class='ocrx_word' id='word_1_280' title='bbox 1497 2458 1635 2500; x_wconf 85' lang='lat' dir='ltr'>censeri</span> 
     </span>
     <span class='ocr_line' id='line_1_34' title="bbox 209 2523 1635 2575; baseline -0.004 -11"><span class='ocrx_word' id='word_1_281' title='bbox 209 2531 325 2574; x_wconf 85' lang='lat' dir='ltr'>debet,</span> <span class='ocrx_word' id='word_1_282' title='bbox 355 2531 550 2566; x_wconf 82' lang='lat' dir='ltr'>adhibitam</span> <span class='ocrx_word' id='word_1_283' title='bbox 590 2529 698 2565; x_wconf 86' lang='lat' dir='ltr'>fuisse</span> <span class='ocrx_word' id='word_1_284' title='bbox 746 2529 983 2564; x_wconf 87' lang='lat' dir='ltr'>sufficientem</span> <span class='ocrx_word' id='word_1_285' title='bbox 1027 2527 1256 2575; x_wconf 86' lang='lat' dir='ltr'>diligentiam</span> <span class='ocrx_word' id='word_1_286' title='bbox 1300 2525 1508 2560; x_wconf 85' lang='lat' dir='ltr'>moralem?</span> <span class='ocrx_word' id='word_1_287' title='bbox 1542 2523 1635 2559; x_wconf 84' lang='lat' dir='ltr'>Vide</span> 
     </span>
     <span class='ocr_line' id='line_1_35' title="bbox 209 2586 1272 2636; baseline -0.005 -12"><span class='ocrx_word' id='word_1_288' title='bbox 209 2601 297 2636; x_wconf 85' lang='lat' dir='ltr'>quae</span> <span class='ocrx_word' id='word_1_289' title='bbox 325 2601 440 2636; x_wconf 86' lang='lat' dir='ltr'>super.</span> <span class='ocrx_word' id='word_1_290' title='bbox 469 2589 625 2624; x_wconf 74' lang='lat' dir='ltr'>diximus</span> <span class='ocrx_word' id='word_1_291' title='bbox 652 2600 750 2624; x_wconf 84' lang='lat' dir='ltr'>num.</span> <span class='ocrx_word' id='word_1_292' title='bbox 780 2598 836 2632; x_wconf 82' lang='lat'>45.</span> <span class='ocrx_word' id='word_1_293' title='bbox 867 2599 947 2635; x_wconf 88' lang='lat' dir='ltr'>pag.</span> <span class='ocrx_word' id='word_1_294' title='bbox 982 2588 1053 2632; x_wconf 82' lang='lat'>138.</span> <span class='ocrx_word' id='word_1_295' title='bbox 1083 2586 1206 2622; x_wconf 88' lang='lat' dir='ltr'>adnot.</span> <span class='ocrx_word' id='word_1_296' title='bbox 1239 2595 1272 2620; x_wconf 91' lang='lat'>2.</span> 
     </span>
    </p>
   </div>
  </div>
 </body>
</html>
