1734 2784
782 93 1047 134 —206—

323 187 436 228 Hinc
468 198 611 228 autem
645 197 829 242 apparet,
854 185 1107 228 sententiam
1132 184 1252 239 hanc,
1277 200 1405 243 quam
1433 198 1625 245 tuemur,

198 273 291 300 esse
325 272 468 300 revera
500 256 814 314 benigniorem,
848 272 977 314 quam
1011 257 1271 314 oppositam.
1307 258 1365 301 Ea
1398 259 1513 302 enim
1547 275 1624 317 ap-

198 328 347 385 probat
382 329 666 371 intentionem
699 328 828 381 illam,
863 343 971 385 quae
1005 328 1185 371 minima
1216 340 1294 382 est,
1328 345 1509 388 eamque
1541 330 1620 374 ad-

197 399 329 441 mittit
361 411 581 457 tamquam
614 398 896 442 sufficientem
929 399 980 442 ad
1014 398 1112 456 hoc,
1146 411 1193 442 ut
1239 401 1348 443 actio
1383 400 1546 444 dicatur
1581 414 1622 446 et

202 470 255 512 sit
288 469 532 513 naturaliter
565 469 686 513 bona:
728 469 817 512 «ad
850 470 1059 513 moralem
1096 469 1332 514 bonitatem
1379 471 1485 515 nihil
1529 488 1624 516 am-

202 540 312 598 plius
347 541 522 584 demum
556 541 701 598 exigit,
736 557 866 598 quam
902 554 949 584 ut
982 554 1098 584 actus
1142 542 1401 586 ordinationi
1444 545 1620 588 rationis

201 613 257 655 sit
290 626 621 665 consentaneus,
657 628 731 655 seu
766 624 813 655 ut
847 613 900 655 sit
934 613 1173 656 secundum
1209 615 1419 658 rationem
1457 615 1626 659 ordina-

201 695 285 740 tus,
318 700 391 726 seu
427 696 472 726 ut
505 684 645 727 ordini
678 684 854 726 rationis
889 700 979 727 non
1013 686 1066 727 sit
1103 687 1343 729 contrarius
1368 705 1388 726 »
1424 686 1509 745 (1).
1532 688 1624 730 Me-

200 753 283 796 lior
317 769 414 797 sane
448 767 510 797 est
544 755 723 797 intentio
756 754 926 797 actualis
963 768 1034 798 aut
1067 756 1255 800 virtualis
1289 757 1355 801 vel
1386 757 1623 812 habitualis,

199 826 386 882 totisque
418 825 591 879 viribus,
616 825 756 884 quoad
779 827 869 869 eius
892 826 983 869 fieri
1018 840 1174 885 potest,
1200 829 1385 872 curanda
1407 829 1449 872 in
1476 830 1624 872 omni-

199 897 278 940 bus
313 897 562 940 actionibus.

319 970 371 1012 H.
407 970 566 1012 Dicunt
598 970 772 1026 insuper
805 969 924 1027 quod
956 985 1081 1026 agere
1115 969 1168 1013 ob
1198 970 1525 1014 delectationem
1559 984 1622 1014 est

200 1040 374 1084 malum.
394 1067 452 1072 ——
468 1040 742 1098 Respondeo:
761 1040 849 1085 dist.
869 1057 997 1098 agere
1021 1054 1197 1100 propter
1219 1043 1348 1085 solam
1380 1041 1625 1085 delectatio-

199 1127 299 1154 nem
322 1124 384 1154 est
407 1111 569 1154 malum
591 1127 710 1168 conc„
734 1127 876 1168 agere,
903 1125 1079 1170 propter
1101 1111 1425 1156 delectationem
1449 1125 1512 1158 est
1533 1129 1623 1156 ma-

197 1183 290 1226 lum
322 1199 416 1241 nego
449 1183 533 1242 (2).
583 1184 753 1226 Bonum
793 1183 1049 1240 delectabile,
1088 1183 1205 1241 quod
1243 1185 1362 1227 Deus
1400 1183 1618 1227 nonnullis

198 1368 348 1413 gloriam
376 1367 440 1402 Dei
459 1366 577 1412 facite,
604 1367 744 1413 aliaque
773 1366 910 1400 similia
936 1366 1141 1411 Scripturae
1164 1367 1388 1409 testimonia,
1416 1368 1465 1402 ita
1503 1367 1625 1415 loqui-

196 1437 265 1462 tur:
299 1441 315 1458 «
332 1426 548 1472 Respondeo
576 1426 694 1471 primo
715 1426 900 1459 continere
919 1425 1102 1471 optimum
1123 1425 1330 1468 consilium,
1354 1425 1512 1461 secundo
1534 1438 1622 1461 con-

198 1486 313 1520 tinere
339 1496 447 1531 posse
474 1493 705 1530 praeceptum
733 1484 848 1518 altero
868 1496 886 1518 e
905 1484 1047 1518 duobus
1074 1484 1206 1519 modis.
1229 1484 1333 1519 Unus
1352 1493 1416 1527 est,
1435 1494 1472 1519 ut
1499 1485 1625 1519 omnia

200 1557 308 1591 opera
333 1554 457 1578 nostra
482 1543 568 1578 talia
594 1544 674 1585 sint,
702 1553 739 1577 ut
767 1552 942 1589 quantum
970 1551 1022 1577 est
1051 1554 1094 1576 ez<
1122 1553 1173 1582 se,
1204 1544 1240 1576 in
1267 1542 1422 1589 gloriam
1449 1544 1517 1578 Dei
1561 1554 1622 1578 ce-

199 1605 295 1647 dant,
332 1604 473 1639 etiamsi
511 1612 591 1638 actu
629 1603 672 1637 ad
711 1603 781 1637 hoc
819 1614 892 1637 non
933 1601 1142 1644 referantur,
1170 1602 1267 1636 iuxta
1291 1603 1440 1637 verbum
1472 1603 1620 1645 Christi,

199 1663 326 1699 Matth.
353 1663 412 1705 V„
438 1663 492 1697 Sic
518 1663 626 1697 luceat
652 1662 710 1695 lux
737 1667 847 1696 vestra
873 1672 989 1695 coram
1029 1661 1236 1701 hominibus,
1266 1665 1302 1694 ut
1340 1661 1480 1696 videant
1519 1667 1623 1708 opera

198 1729 312 1757 vestra
338 1723 424 1756 bona
451 1728 481 1756 et
506 1721 696 1767 glorificent
721 1721 859 1755 Patrem
884 1726 1054 1762 vestrum,
1077 1721 1134 1765 qui
1162 1721 1198 1753 in
1224 1720 1322 1754 caelis
1348 1725 1406 1754 est:
1432 1732 1506 1754 non
1526 1720 1625 1754 enim

198 1792 248 1817 est
274 1793 400 1816 sensus
427 1791 595 1827 oportere
622 1792 732 1826 opera
760 1780 873 1814 facere
902 1791 945 1814 eo
973 1780 1056 1822 fine,
1086 1789 1122 1814 ut
1150 1780 1336 1813 videantur
1363 1781 1405 1813 ab
1442 1779 1532 1819 aliis,
1562 1780 1623 1826 qui

199 1841 403 1888 glorificent
428 1842 560 1883 Deum,
592 1841 657 1874 etsi
685 1841 782 1874 enim
810 1840 865 1873 hic
893 1839 973 1873 finis
1004 1839 1046 1874 de
1073 1850 1110 1873 se
1138 1840 1253 1873 bonus
1292 1839 1347 1880 sit,
1375 1850 1450 1873 non
1479 1848 1531 1873 est
1569 1849 1625 1874 ta·

198 1912 285 1935 men
310 1901 543 1942 necessarius,
571 1911 637 1933 nec
666 1898 844 1933 ordinarie
872 1898 1116 1932 consulendus
1144 1907 1289 1943 propter
1311 1898 1522 1943 periculum:
1544 1909 1624 1932 sen-

200 1971 258 1995 sus
283 1971 367 2005 ergo
396 1969 458 2001 est,
486 1959 569 1994 talia
597 1959 725 1993 debere
753 1970 828 1993 esse
855 1969 982 2004 opera,
1010 1966 1046 1992 ut
1073 1959 1103 1992 si
1131 1958 1330 1999 videantur,
1359 1957 1474 2002 possit
1508 1957 1623 1991 resul—

199 2028 276 2053 tare
302 2019 418 2064 gloria
444 2020 535 2053 Deo.
563 2019 647 2052 Alio
677 2018 786 2051 modo
816 2027 939 2063 potest
967 2017 1025 2051 hic
1049 2017 1201 2063 intelligi
1219 2026 1452 2062 praeceptum
1472 2017 1627 2051 affirma-

197 2078 324 2120 tivum,
352 2078 446 2124 quod
474 2078 609 2122 obligat
638 2088 793 2122 semper,
824 2076 884 2111 sed
911 2088 985 2111 non
1029 2088 1094 2121 pro
1122 2088 1274 2122 semper,
1304 2077 1374 2110 nisi
1401 2077 1437 2110 in
1478 2087 1627 2122 praepa-

197 2138 337 2171 ratione
365 2137 486 2178 animi,
515 2137 661 2177 scilicet,
693 2146 728 2170 ut
757 2136 867 2182 parati
896 2137 1012 2170 simus
1041 2137 1162 2170 omnia
1190 2145 1340 2182 propter
1366 2136 1519 2182 gloriam
1557 2136 1627 2170 Dei

199 2195 326 2237 facere,
352 2195 407 2229 vel
435 2207 476 2229 ex
505 2194 661 2228 caritate.
692 2194 747 2228 vel
776 2206 838 2239 pro
866 2194 1099 2228 confessione
1122 2195 1281 2228 nominis
1311 2195 1454 2236 Christi,
1475 2193 1620 2240 quando

199 2266 346 2289 necesse
372 2254 477 2289 fuerit
504 2255 560 2288 vel
588 2255 798 2299 oportuerit.
824 2268 841 2286 »

295 2315 350 2358 (1)
379 2314 430 2347 Ita
457 2313 639 2353 Bauer-ini,
668 2324 743 2357 syn.
772 2313 814 2346 de
841 2322 910 2347 act.
937 2313 1037 2347 hum.
1068 2325 1166 2348 num.
1194 2313 1250 2355 64.

296 2374 352 2417 (2)
380 2373 436 2407 Ad
464 2385 539 2407 rem
567 2371 748 2413 Ballerini,
771 2371 805 2405 in
833 2381 920 2406 nota
948 2372 991 2406 ad
1012 2384 1113 2407 num.
1138 2374 1217 2405 28¹¹·
1236 2371 1372 2406 volum.
1397 2383 1409 2405 1
1445 2383 1481 2416 p.
1502 2370 1614 2415 Gury:

202 2432 344 2465 «Aliud
371 2442 422 2466 est
450 2443 554 2478 agere
581 2441 726 2477 propter
752 2431 1043 2472 delectationem,
1073 2429 1169 2464 aliud
1197 2441 1302 2476 agere
1338 2439 1486 2475 propter
1515 2429 1624 2462 solam

203 2490 490 2525 delectationem.
519 2491 702 2525 Posterius
728 2490 797 2523 hoc
826 2490 1034 2523 ulteriorem
1063 2490 1183 2534 operis
1203 2489 1313 2522 finem
1334 2488 1481 2535 positive
1500 2487 1623 2520 exclu-

198 2548 262 2590 dit;
292 2549 378 2583 haec
405 2560 524 2584 autem
550 2550 630 2583 finis
658 2549 817 2583 exclusio
845 2548 1047 2582 inordinata
1077 2558 1142 2591 est,
1163 2557 1195 2582 et
1224 2547 1367 2594 quidem
1398 2557 1472 2580 non
1499 2545 1620 2580 solum
