1734 2784
681 522 924 575 CAPUT
970 524 1059 575 VI.

291 709 355 744 DE
380 709 695 745 PASSIONIBUS
722 710 784 745 ET
811 710 1108 745 VIRTUTIBUS
1127 710 1421 746 MORALIBUS.

274 912 366 953 152.
393 899 583 942 «Anima
608 913 794 956 quoque,
813 911 859 941 ut
883 900 1052 956 egregie
1076 899 1180 941 aits.
1200 901 1467 957 Augustinus
1486 900 1573 959 (1),

150 968 272 1013 habet
303 969 522 1024 nonnulla,
557 986 664 1028 quae
697 972 732 1013 si
763 971 912 1013 siveris
947 971 1167 1028 pervenire
1197 971 1248 1014 ad
1281 971 1574 1014 immoderan-

148 1043 266 1100 tiam,
298 1042 429 1086 morbi
458 1041 583 1095 fiunt,
618 1042 692 1085 sed
725 1043 758 1085 si
793 1058 840 1085 ea
873 1043 1050 1099 castiges
1086 1056 1126 1085 et
1177 1043 1429 1099 modereris,
1468 1043 1575 1086 fiunt

148 1114 411 1158 adminicula.
447 1115 514 1157 Ira
545 1115 674 1171 enim,
708 1115 743 1156 si
778 1131 823 1157 ea
857 1127 902 1156 ut
937 1126 1108 1171 oportet
1142 1116 1285 1165 utaris,
1309 1128 1370 1158 est
1393 1116 1573 1158 salutare

147 1185 455 1244 pharmacum:
491 1185 567 1228 sed
599 1187 634 1228 si
666 1185 963 1237 immoderate,
1000 1202 1121 1228 causa
1154 1199 1216 1229 est
1249 1188 1374 1229 exitii.
1419 1188 1470 1230 Et
1506 1204 1574 1230 cu-

146 1257 320 1315 piditas,
356 1258 390 1300 si
424 1257 644 1300 moderate
678 1272 768 1299 eam
806 1273 942 1314 regas,
960 1270 999 1300 te
1023 1270 1186 1315 patrem
1211 1258 1349 1312 efficit,
1370 1272 1431 1301 est
1454 1260 1569 1301 enim

147 1329 198 1372 ad
229 1328 339 1372 filios
372 1328 659 1387 procreandos
695 1328 839 1371 utilis:
875 1328 948 1372 sed
982 1330 1015 1371 si
1051 1345 1142 1372 eam
1177 1346 1402 1387 erumpere
1443 1332 1573 1387 sinas,

146 1401 190 1443 in
222 1413 368 1459 stupra
400 1413 441 1444 et
473 1400 678 1444 adulteria
711 1413 751 1443 te
785 1416 908 1458 saepe
943 1402 1128 1444 coniicit.
1164 1402 1228 1444 Ne
1264 1401 1431 1459 culpam
1465 1418 1569 1459 ergo

147 1473 190 1515 in
223 1488 314 1515 rem
348 1471 555 1529 conferas,
589 1471 662 1515 sed
695 1487 866 1529 semper
899 1473 941 1515 in
974 1485 1092 1515 tuam
1142 1486 1344 1515 mentem.
1381 1474 1426 1517 Si
1476 1489 1569 1516 eam

145 1543 260 1586 enim
293 1542 543 1601 neglexeri5‚
575 1559 597 1585 a
628 1544 766 1600 teipso
801 1559 972 1600 quoque
1005 1544 1182 1586 laederis
1234 1556 1273 1586 et
1324 1561 1345 1587 a
1394 1546 1570 1602 proprio

146 1628 327 1672 corpore
361 1613 577 1672 perderis:
613 1613 686 1656 sed
720 1615 753 1655 si
789 1615 880 1656 eius
917 1630 1060 1657 curam
1094 1616 1295 1671 gesseriS,
1322 1632 1373 1658 ne
1412 1632 1433 1658 a
1466 1616 1570 1659 dae-

144 1684 346 1728 monibus
380 1685 570 1743 quidem‚
604 1701 681 1728 nec
714 1701 735 1727 a
769 1685 953 1743 diabolo,
987 1698 1153 1729 tantum
1188 1686 1303 1730 abest
1336 1700 1382 1730 ut
1416 1704 1437 1730 a
1470 1687 1568 1730 feris

144 1755 301 1814 aliquid
335 1772 461 1814 grave
494 1769 565 1799 aut
598 1752 833 1800 molestum
867 1758 1097 1815 patiaris».

269 1842 364 1884 153.
400 1830 529 1882 Haec,
564 1845 671 1887 quae
705 1828 818 1872 fideli
850 1829 995 1885 legum
1030 1830 1246 1874 custodiae
1280 1847 1407 1888 grave
1431 1833 1568 1889 impe-

144 1899 389 1944 dimentum
423 1900 642 1954 obiiciunt,
676 1913 746 1943 aut
781 1914 927 1944 contra
959 1917 1163 1958 magnum
1189 1902 1430 1945 subsidium
1449 1919 1567 1959 prae-

145 1970 262 2029 bent,
286 1984 414 2029 prout
439 1987 485 2015 ea
509 1971 706 2015 effrenate
729 1988 953 2029 erumpere
971 1974 1170 2030 sinimuS‚
1194 1987 1263 2016 aut
1286 1976 1405 2017 iuxta
1429 1987 1566 2018 rectae

144 2044 319 2086 rationis
355 2044 666 2101 praescriptum
701 2058 967 2096 coercemus,
993 2043 1111 2097 haec,
1137 2046 1330 2103 inquam,
1357 2059 1455 2089 sunt
1474 2045 1568 2104 pcfs—

144 2116 292 2158 sionest
317 2114 383 2158 illa
405 2131 526 2168 vero,
562 2131 635 2173 per
653 2131 756 2172 quas
791 2127 974 2173 oportet,
1000 2129 1044 2158 ut
1068 2117 1284 2173 passiones
1310 2117 1383 2160 has
1409 2118 1568 2161 mode—

146 2200 292 2229 remur
312 2199 438 2245 atque
462 2202 804 2245 compescamus,
838 2200 938 2229 sunt
961 2189 1148 2232 virtutes.
1175 2189 1460 2247 Posteaquam
1486 2191 1569 2247 igi-

142 2268 214 2300 tur
247 2257 298 2301 de
331 2260 426 2315 lege
461 2259 638 2316 eiusque
671 2258 722 2301 ad
747 2258 993 2302 individuos
1018 2272 1133 2303 actus
1157 2262 1437 2318 applicatione
1460 2262 1570 2305 dixi-

148 2342 260 2385 mus,
294 2328 510 2387 reliquum
534 2342 611 2382 est,
636 2341 682 2372 ut
716 2328 766 2372 de
801 2330 864 2386 iis,
898 2345 1004 2387 quae
1027 2330 1132 2387 Iegis
1157 2331 1397 2375 custodiam
1433 2334 1568 2390 impe-

237 2549 293 2595 (ι)
319 2549 455 2595 Expos.
486 2549 520 2584 in
549 2561 598 2595 ps.
627 2549 822 2586 CXLVIII.
851 2562 959 2586 num.
977 2562 1008 2594 4.
1035 2551 1158 2598 Migne
1184 2561 1272 2587 tom.
1291 2553 1363 2588 LV.
1384 2566 1463 2599 pag.
1484 2564 1565 2599 491.
