1734 2784
808 103 1073 145 -108—

231 195 356 236 ctiam
384 194 548 237 habitus
573 195 620 238 ab
643 196 819 239 homine
846 213 919 253 per
942 210 1111 240 actuum
1139 198 1437 254 repetitionem
1460 200 1653 256 acquisiti

232 266 431 309 dicuntur
464 280 504 310 et
536 280 634 310 sunt
657 267 754 310 boni
790 267 855 310 vel
890 268 1000 311 mali.
1025 270 1081 311 At
1105 268 1205 311 tales
1227 283 1313 311 non
1338 282 1436 311 sunt
1459 271 1538 313 nisi
1555 279 1650 328 pro-

227 347 316 395 pter
342 347 467 382 astus:
492 338 542 381 de
568 339 630 381 his
656 340 787 395 igitur
819 341 1042 396 praecipue
1076 339 1287 396 agendum
1313 341 1354 384 in
1379 340 1460 384 hoc
1483 343 1631 400 capite.

353 410 419 464 38.
456 410 511 452 Hi
545 422 660 452 actus
694 409 922 452 voluntarii
946 409 1073 453 simul
1099 423 1138 453 et
1161 410 1279 453 liberi
1313 424 1519 455 vocantur
1552 428 1652 470 pro-

232 481 326 537 prio
350 482 525 524 nomine
542 491 654 524 ciclus
671 482 852 534 imminui,
872 497 1026 539 nempe
1050 481 1303 539 simpliciter
1320 495 1449 541 atque
1470 485 1652 527 omnino

232 552 393 609 proprii
427 551 632 605 hominis,
666 567 741 594 nec
774 551 908 595 brutis
942 553 1029 595 ullo
1079 566 1201 610 pacto
1251 569 1520 608 communes,
1564 555 1652 598 sive

227 624 361 680 primo
396 636 558 680 spectes
593 639 745 666 eorum
780 623 1057 667 substantiam
1097 637 1136 667 et
1176 625 1409 678 entitatem,
1452 626 1478 669 i.
1519 641 1554 669 e.
1588 625 1652 669 fa-

233 693 407 736 cultates
443 694 705 751 intelligendi
741 707 781 737 et
816 694 1002 751 volendi,
1036 712 1056 738 a
1092 695 1246 753 quibus
1280 695 1469 739 effective
1503 711 1650 754 proce-

228 764 357 817 dunt,
393 766 480 808 sive
515 766 683 809 secmzdo
719 779 880 823 spectes
915 767 1043 809 etiam
1080 765 1278 823 modum,
1302 782 1388 824 quo
1420 766 1542 824 fiunt,
1565 768 1590 811 i.
1615 783 1651 811 e.

231 852 319 880 non
353 855 402 880 ex
435 837 617 880 naturali
652 837 1008 881 determinatione
1042 838 1091 881 ad
1127 855 1282 892 unum,
1333 839 1405 882 sed
1440 854 1491 882 ex
1525 838 1654 882 libera

231 907 463 951 voluntatis
513 908 718 952 electione
762 909 845 967 (1).
898 910 979 952 Hic
1027 910 1141 952 enim
1193 922 1255 952 est
1298 909 1455 953 modus
1501 909 1653 967 agendi

232 980 431 1037 proprius
480 979 682 1034 hominis,
726 996 855 1038 quem
900 996 1054 1038 nempe
1098 992 1214 1023 tenet
1261 979 1415 1033 homo,
1466 993 1599 1038 prout
1631 996 1654 1024 a

231 1051 365 1094 brutis
400 1052 689 1109 distinguitur.
727 1053 853 1105 Quae
887 1065 1029 1095 autem
1063 1053 1252 1096 actiones
1286 1067 1374 1095 non
1407 1053 1490 1095 sint
1531 1051 1650 1106 tales,

231 1140 304 1168 eae
337 1123 416 1166 dici
452 1124 589 1166 solent
622 1126 798 1167 actiones
832 1125 1030 1167 hominis:
1064 1125 1314 1180 praesertim
1347 1139 1448 1166 vero
1483 1123 1544 1166 sic
1577 1138 1653 1166 vo-

230 1208 380 1238 cantur
413 1196 600 1238 actiones
635 1194 740 1249 illae,
776 1211 881 1253 quae
914 1211 966 1238 ne
1000 1194 1141 1252 quoad
1176 1195 1313 1252 ipsam
1350 1193 1525 1252 quidem
1558 1193 1657 1237 sub-

235 1266 431 1309 stantiam
465 1278 563 1309 sunt
597 1266 786 1309 hominis
822 1267 1018 1324 propriae
1055 1265 1140 1324 (2).
1175 1267 1322 1323 Itaque
1356 1277 1470 1308 actus
1505 1265 1657 1309 huma·

233 1352 313 1380 nus
348 1336 511 1379 definiri
546 1338 605 1380 sic
638 1350 803 1395 potest:
847 1346 959 1380 actus
1001 1337 1217 1395 procedens
1261 1352 1286 1379 a
1320 1337 1531 1379 voluntate
1564 1351 1655 1380 cum

231 1410 404 1452 rationis
435 1409 691 1452 (td-vertentia
724 1419 759 1452 et
791 1410 986 1453 libertate.
1021 1408 1231 1466 Exemplo
1256 1409 1339 1450 sint
1362 1420 1478 1450 actus
1503 1406 1654 1450 orandi

232 1480 390 1532 Deum,
424 1479 660 1536 opitulandi
693 1481 891 1536 miseros,
924 1479 1133 1522 scribendi
1169 1494 1339 1522 carmen
1372 1492 1450 1521 etc.

355 1565 420 1606 39.
458 1551 664 1603 Quorum
697 1564 869 1594 actuum
904 1551 1197 1594 humanorum
1233 1562 1279 1593 ut
1313 1562 1569 1607 conceptum
1603 1549 1653 1592 il-

229 1620 480 1678 lustremus,
513 1621 564 1665 de
597 1622 731 1665 tribus
764 1639 814 1665 ex
848 1621 997 1665 ordine
1030 1621 1322 1674 tractabimus,
1358 1621 1565 1664 nimirum
1595 1644 1653 1653 —-

233 1693 286 1736 de
318 1695 496 1736 notione
545 1693 776 1737 voluntarii
810 1719 866 1726 —
901 1693 951 1737 de
998 1694 1176 1736 notione
1219 1692 1337 1735 liberi
1371 1717 1426 1724 —
1461 1691 1512 1735 de
1555 1690 1653 1748 illis,

233 1781 341 1822 quae
374 1764 529 1808 tollunt
562 1764 628 1808 vel
660 1766 860 1808 minuunt
893 1765 1104 1808 rationem
1136 1763 1363 1807 voluntarii
1395 1775 1435 1806 et
1458 1761 1590 1806 liberi.

330 1937 387 1981 (1)
414 1936 506 1970 Vide
532 1938 672 1980 SuareZ,
701 1937 743 1972 de
771 1939 832 1973 ult.
859 1937 928 1972 fine
954 1937 1054 1971 hom.
1082 1937 1171 1982 disp.
1201 1937 1246 1972 11.
1275 1945 1360 1971 sect.
1390 1945 1420 1970 2.
1447 1947 1481 1970 n.
1499 1945 1577 1982 7-9.
1598 1934 1650 1969 Ibi

231 1995 340 2031 docet
366 1996 528 2030 actiones
553 1998 717 2043 proprias
743 1997 905 2032 hominis
932 2008 1010 2031 esse
1037 1996 1189 2042 duplicis
1216 1996 1368 2042 generis,
1396 1995 1486 2029 alias
1505 1994 1651 2041 quidem

235 2056 396 2100 proprias
421 2054 580 2089 hominis
607 2056 715 2101 quoad
745 2056 968 2090 substantiam
1004 2061 1033 2090 et
1071 2055 1260 2096 entitatem,
1303 2065 1377 2088 non
1417 2064 1502 2087 vero
1546 2051 1655 2099 quoad
1700 2070 1703 2071 ⁷

234 2113 382 2157 modum,
409 2123 443 2149 ut
472 2124 523 2150 est
551 2126 580 2149 e.
607 2128 639 2161 g.
668 2116 863 2150 intellectio
901 2115 1111 2156 necessaria,
1148 2114 1235 2148 alias
1273 2125 1358 2148 vero
1398 2113 1560 2158 proprias
1585 2111 1656 2147 ho·

237 2174 342 2208 minis
370 2183 402 2208 et
430 2176 464 2208 in
491 2175 675 2208 substantia
703 2183 736 2209 et
762 2175 797 2208 in
823 2174 930 2209 modo.
958 2175 1032 2209 Hae
1059 2182 1233 2207 vocantur
1260 2171 1427 2218 pressiori
1455 2182 1562 2206 sensu
1588 2172 1654 2206 hu-

236 2243 369 2273 manae,
395 2231 476 2267 illae
503 2233 639 2278 priores
683 2232 851 2267 dicuntur
891 2232 1054 2278 propriae
1097 2231 1249 2273 bominis,
1276 2239 1313 2265 ut
1340 2229 1458 2264 horno
1487 2237 1554 2270 est,
1581 2240 1658 2263 non

233 2301 359 2325 tamen
384 2291 573 2325 humanae.

334 2351 391 2395 (2)
421 2351 490 2385 «Si
519 2360 626 2393 actus,
653 2350 699 2385 ita
726 2362 751 2385 s.
767 2350 942 2389 Thomas,
975 2361 1002 2383 1.
1031 2359 1062 2383 2.
1081 2361 1112 2395 q.
1139 2348 1189 2382 18.
1216 2359 1247 2381 a.
1267 2357 1311 2392 9.,
1337 2359 1410 2382 non
1447 2345 1606 2392 procedit
1634 2356 1655 2379 a

237 2411 378 2445 ratione
405 2410 646 2453 deliberativa,
673 2410 734 2444 sed
762 2422 804 2444 ex
831 2410 984 2456 quadam
1014 2409 1284 2455 imaginatione,
1306 2408 1395 2442 sicut
1421 2418 1503 2441 curn
1529 2404 1657 2452 aliquis

238 2469 341 2505 fricat
368 2471 513 2504 barbam
542 2470 598 2504 vel
625 2478 747 2504 movet
774 2480 924 2502 manum
963 2477 1021 2503 aut
1062 2468 1207 2514 pedem,
1246 2466 1326 2501 talis
1363 2474 1462 2500 actus
1502 2476 1577 2499 non
1604 2472 1658 2498 est

237 2530 384 2575 proprie
411 2529 593 2576 loquendo
621 2528 768 2563 moralis
792 2528 850 2562 vel
876 2529 1069 2569 humanus,
1117 2539 1200 2560 cum
1236 2525 1307 2560 hoc
1349 2525 1479 2560 habeat
1511 2532 1610 2558 actus
1636 2534 1658 2557 a

237 2590 388 2624 ratione.
419 2602 437 2621 »
465 2588 565 2623 Talis
591 2600 723 2635 nempe
750 2598 851 2623 actus
878 2586 1074 2634 appellatur
1100 2594 1200 2621 actus
1226 2585 1387 2621 hominis.

1725 127 1734 142 .-
1703 0 1734 106 „Atia
