1734 2784
755 78 1017 118 —266—

173 173 307 216 iussio
341 184 402 215 est
435 183 708 229 praeceptum
743 186 817 214 seu
854 170 1087 228 imperium
1124 168 1300 211 alicuius
1334 168 1441 210 entis
1472 183 1494 211 a
1515 181 1594 211 no-

171 243 233 286 bis
267 241 468 297 distincti,
501 240 711 298 nobisque
745 239 926 298 proinde
960 239 1223 297 superioris:
1260 252 1349 281 non
1382 238 1497 281 enim
1529 237 1592 281 in-

171 313 299 356 ferior
346 312 559 369 superiori
609 311 814 368 imperat,
859 325 998 368 neque
1047 309 1231 367 aequalis
1280 307 1469 367 aequali,
1517 306 1592 352 sed

169 384 364 441 superior
396 382 587 427 inferiori
619 382 703 441 (1).
731 384 844 440 Ergo
878 394 940 424 est
965 398 1060 424 vera
1083 382 1160 424 lex:
1192 398 1290 424 nam
1314 392 1591 439 praeceptum

168 454 290 497 nobis
340 453 386 497 ab
420 453 551 497 altero
585 466 803 511 tamquam
848 453 1069 510 superiore
1103 452 1234 495 latum
1284 464 1407 511 atque
1441 452 1589 510 impo-

167 527 298 568 situm
333 537 395 568 est
427 525 505 568 lex.

285 597 401 640 Cum
435 597 489 638 sit
521 595 602 653 leX‚
635 612 680 638 ea
715 608 776 638 est
808 595 976 638 secundo
1011 593 1079 638 lex
1114 595 1441 638 divium—Est
1473 594 1589 638 enim

165 666 244 724 lex,
279 683 385 725 quae
417 666 571 710 eodem
607 681 782 724 prorsus
818 665 950 708 modo
999 665 1131 709 fertur
1178 678 1303 724 atque
1351 666 1590 724 imponitur

165 736 285 780 omni
320 736 504 789 homini,
539 751 590 779 ne
624 737 808 794 exceptis
843 735 1016 793 quidem
1057 737 1160 794 ipsis
1211 736 1394 778 summis
1442 736 1585 793 impe-

164 806 366 865 rantibus,
400 808 472 865 qui
520 807 733 850 eiusmodi
783 807 866 864 legi
915 823 1047 865 aeque
1101 808 1281 850 omnino
1331 823 1377 850 ac
1425 805 1584 850 subditi

162 877 460 921 subiiciuntur.
495 879 611 935 Ergo
646 891 708 921 est
742 877 821 935 lex,
870 894 976 935 quae
1021 894 1109 921 non
1143 878 1226 920 iam
1261 878 1393 921 fertur
1425 876 1473 921 ab
1506 877 1585 920 ho-

162 949 277 992 mine
311 948 414 1006 ullo,
433 948 507 992 sed
550 950 683 991 cuivis
718 948 885 991 homini
912 949 1149 1006 imponitur
1175 948 1221 991 ab
1245 948 1406 1006 aliquo,
1424 949 1496 1006 qui
1520 958 1585 991 est

161 1035 289 1077 super
325 1019 524 1062 homines
559 1031 599 1063 et
633 1019 835 1062 omnibus
879 1032 1044 1078 praeest
1089 1019 1366 1064 hominibus:
1400 1019 1470 1062 hic
1501 1035 1581 1062 au-

159 1103 247 1134 tem
281 1090 386 1134 alius
421 1107 508 1134 non
542 1103 604 1134 est
638 1092 719 1134 nisi
754 1093 844 1149 ipse
878 1105 1040 1135 creator
1073 1090 1280 1149 hominis,
1312 1092 1443 1135 Deus.
1468 1091 1582 1148 Ergo

160 1176 223 1206 est
255 1163 336 1220 lex,
385 1179 490 1221 quae
540 1163 786 1206 immediate
837 1162 970 1206 fertur
1003 1179 1024 1206 a
1057 1165 1168 1220 Deo,
1213 1179 1258 1206 ac
1291 1162 1471 1221 proinde
1518 1174 1582 1207 est

158 1233 312 1278 divina.
348 1259 405 1267 —
436 1234 559 1277 Adde
592 1234 787 1277 eamdem
822 1250 913 1277 esse
946 1234 1100 1291 legem,
1136 1251 1243 1292 quae
1266 1235 1438 1292 respicit
1462 1234 1581 1292 ipsos

157 1317 275 1348 actus
310 1321 428 1349 mere
462 1306 651 1348 internos
698 1318 737 1348 et
771 1305 818 1348 ab
864 1306 1055 1349 humano
1100 1305 1296 1349 tribunali
1342 1317 1579 1364 exemptos:

157 1376 353 1419 eamdem
387 1392 479 1420 esse
512 1376 667 1433 legem,
702 1393 807 1435 quae
841 1376 998 1434 obligat
1046 1379 1174 1421 etiam
1222 1378 1265 1420 in
1306 1393 1403 1420 casu
1438 1378 1578 1435 gravis

155 1446 299 1490 damni
332 1463 378 1490 ac
411 1448 520 1491 vitae
553 1448 687 1505 ipsius
722 1449 905 1492 iacturae
939 1448 992 1491 ob
1026 1449 1116 1492 eius
1153 1447 1392 1492 custodiam
1430 1449 1579 1492 incur-

155 1517 321 1561 rendae.
356 1520 489 1577 Atqui
522 1519 624 1562 haec
657 1535 744 1563 non
779 1532 1031 1578 competunt
1078 1520 1160 1578 legi
1201 1520 1425 1566 humanae.
1460 1522 1578 1580 Ergo

151 1688 398 1723 risdictionem
426 1689 461 1723 in
488 1690 655 1735 seipsum,
683 1699 720 1725 ut
747 1703 784 1726 se
824 1692 938 1737 possit
965 1692 1113 1738 proprie
1151 1704 1215 1738 per
1241 1693 1360 1739 legem
1400 1694 1573 1741 obligare,

153 1756 185 1781 et
214 1759 256 1781 eo
285 1748 408 1790 modo,
437 1760 508 1795 quo
537 1760 573 1783 se
601 1759 721 1794 potest
760 1751 932 1797 obligare,
959 1764 1106 1786 necesse
1134 1762 1187 1788 est
1213 1762 1251 1787 ut
1291 1754 1428 1788 oriatur
1459 1753 1493 1788 id
1532 1766 1575 1790 ex

151 1805 351 1841 voluntate.
379 1807 485 1842 Ratio
513 1819 599 1853 ergo
627 1817 663 1843 ut
692 1810 781 1844 ratio
810 1820 843 1845 et
871 1820 907 1846 ut
936 1811 1104 1857 regulans
1132 1811 1359 1847 voluntatem
1377 1824 1453 1847 non
1472 1812 1573 1847 indu-

150 1865 195 1899 cit
223 1865 407 1911 propriam
448 1868 625 1901 rationem
665 1868 765 1914 legis.
793 1869 862 1903 nisi
891 1879 1064 1916 quatenus
1102 1872 1295 1917 participat
1321 1872 1378 1906 vel
1417 1871 1574 1919 applicat

148 1932 381 1968 praeceptum
409 1924 558 1959 alicuius
593 1927 801 1971 superioris,
832 1928 967 1964 scilicet
998 1929 1067 1964 Dei
1092 1929 1149 1963 vel
1177 1929 1332 1972 alterius,
1359 1931 1418 1977 qui
1456 1932 1572 1976 parti-

150 1982 241 2027 cipet
268 1989 485 2027 potestatem
514 1984 636 2019 eius.»
668 1984 724 2020 Cf.
753 1987 861 2020 etiam
889 1987 932 2021 de
959 1987 1028 2033 leg.
1056 1988 1078 2022 l.
1107 1989 1148 2023 ΙΙ.
1177 2000 1206 2023 c,
1249 1988 1282 2025 6.
1312 2001 1411 2024 num.
1433 2001 1462 2025 1.
1487 1991 1572 2034 Qua

149 2041 192 2075 de
219 2053 255 2075 re
282 2042 442 2087 quaestio
470 2055 587 2077 rursus
614 2054 774 2080 occurret
803 2056 927 2082 contra
955 2048 1226 2091 Rationalistas,
1247 2048 1309 2083 ubi
1328 2049 1371 2083 de
1389 2049 1570 2095 principio

147 2100 382 2159 obligationis
407 2101 497 2148 legis
523 2104 694 2138 naturalis
719 2116 880 2151 agemus.

242 2162 299 2206 (1)
326 2162 420 2197 Vide
446 2174 527 2209 pag.
556 2173 618 2207 243
650 2175 683 2200 et
712 2175 789 2208 244.
818 2166 940 2202 adnot.
972 2174 1023 2201 1.¹¹¹
1050 2168 1191 2210 Suarez,
1219 2168 1262 2203 de
1288 2168 1360 2215 leg.
1391 2168 1412 2203 1.
1438 2179 1463 2205 1.
1484 2180 1514 2205 c.
1533 2169 1567 2205 8.

146 2230 244 2253 num.
276 2229 316 2263 3.,
343 2232 439 2267 «per
474 2233 727 2268 praeceptum,
772 2225 896 2271 inquit,
927 2226 1066 2272 obligat
1103 2228 1327 2274 praecipiens
1352 2229 1478 2271 alium,
1507 2229 1567 2263 cui

144 2279 326 2325 praecipit,
352 2288 386 2314 et
413 2281 495 2316 ideo
522 2293 669 2317 necesse
697 2292 763 2326 est,
793 2294 829 2319 ut
857 2285 893 2319 in
921 2285 1022 2320 illum
1050 2286 1180 2322 habeat
1206 2288 1260 2322 ius
1287 2297 1319 2323 et
1346 2289 1566 2335 superiorem

144 2344 385 2380 potestatem:
407 2364 455 2379 .,..
484 2350 558 2374 non
586 2342 707 2375 omnis
733 2341 847 2376 homo
877 2352 997 2388 potest
1023 2345 1124 2379 alteri
1151 2346 1377 2392 praecipere,
1408 2357 1474 2382 nec
1499 2358 1564 2381 ae-

144 2393 258 2440 qualis
285 2396 341 2440 (ut
367 2397 416 2431 sic
443 2397 580 2443 dicam)
609 2409 730 2445 potest
757 2401 944 2448 aequalem
963 2403 1136 2449 obligare,
1159 2414 1194 2440 ut
1213 2415 1266 2441 est
1282 2417 1345 2452 per
1362 2418 1399 2441 se
1418 2414 1560 2450 notum,

142 2452 224 2499 quia
250 2466 325 2489 non
345 2465 397 2491 est
416 2457 488 2492 ulla
514 2459 619 2502 ratio,
648 2471 711 2494 cur
737 2472 829 2495 unus
848 2463 964 2509 magis
983 2471 1147 2499 teneatur
1170 2476 1295 2510 parere
1321 2465 1436 2509 alteri,
1456 2477 1565 2512 quam

143 2522 162 2545 e
188 2523 374 2556 conver50,
403 2526 566 2562 essetque
593 2518 728 2553 bellum
756 2520 888 2556 iustum
916 2534 958 2556 ex
986 2531 1134 2570 utraque
1158 2533 1259 2571 parte
1285 2538 1317 2560 ».
