1734 2784
647 73 908 116 ——303—

69 169 194 214 atque
227 156 513 199 mutationem
545 171 594 198 ex
619 164 737 213 parte
768 158 978 208 materiae,
1015 148 1274 213 circa-quam
1300 154 1366 197 lex
1387 169 1492 197 ver-

71 240 215 283 satur,
250 243 324 270 seu
357 227 544 283 termini,
577 242 706 284 quem
740 226 806 269 lex
838 228 1035 284 respicit,
1071 242 1176 283 quae
1212 226 1393 269 mutatio
1427 236 1490 267 est

73 299 296 343 materialis
325 310 366 341 et
389 299 611 356 impropria
629 297 713 356 (Ι).
736 299 888 351 Quum
912 297 1032 341 valde
1057 298 1250 341 differant
1273 297 1491 340 obiectum

59 371 279 428 ‘positivae
313 383 352 413 et
385 369 601 413 obiectum
635 369 835 412 naturalis
869 369 991 425 legis,
1028 369 1125 412 hinc
1173 368 1231 422 fit,
1266 382 1312 411 ut
1359 369 1393 410 si
1442 367 1493 411 de

74 440 166 498 lege
199 433 385 498 positiva
412 453 576 497 agatur,
595 441 636 482 in
671 455 717 482 ea
741 440 915 497 quidem
941 453 1119 497 utraque
1143 441 1325 482 mutatio
1348 439 1493 482 locum

77 511 227 554 habere
260 513 413 569 possit,
448 511 574 554 altera
606 527 709 554 vero
742 524 924 566 tantum,
960 513 994 553 si
1028 527 1172 555 sermo
1207 513 1259 554 sit
1304 511 1353 554 de
1403 514 1497 567 lege

76 583 268 636 naturali.
301 608 358 615 —
392 584 456 627 Sit
489 600 523 626 e.
564 600 602 640 g.
637 583 702 626 lex
736 584 868 626 civilis
891 619 901 636 ‚
937 600 1044 642 quae
1076 583 1288 627 tributum
1321 582 1495 639 aliquod

78 655 258 712 imperet
281 670 359 712 pro
383 654 507 698 rebus
541 647 836 698 immobilibus
861 656 1004 699 divino
1029 654 1159 698 cultui
1183 671 1271 698 non
1305 654 1497 698 addictis.

82 727 127 770 Si
160 727 250 784 ipse
284 728 374 772 Rex
407 726 513 769 hanc
545 726 683 783 legem
709 726 825 769 tollat
850 727 913 769 vel
938 739 1165 784 temperet,
1189 738 1291 769 tunc
1317 727 1498 769 mutatio

81 799 160 840 erit
193 798 363 854 propria
397 810 437 840 et
470 814 520 840 ex
554 811 668 854 parte
702 799 834 855 ipsius
867 798 986 853 legis.
1023 797 1160 854 Quod
1200 799 1233 840 si
1283 814 1361 853 res,
1395 813 1501 854 quae

84 870 168 911 iam
201 880 288 912 erat
321 867 518 927 profana,
554 884 666 912 nunc
701 869 828 912 cultui
864 870 1067 925 religioso
1103 868 1336 921 addicatur,
1373 884 1502 911 nemo

73 956 171 998 ‘non
205 939 319 983 videt
353 941 637 983 mutationem
671 940 844 997 quidem
882 939 1032 982 factam
1067 956 1172 997 esse,
1207 940 1281 983 sed
1318 952 1505 982 tantum-

85 1011 268 1054 modum
302 1029 351 1054 ex
384 1025 498 1069 parte
533 1014 757 1067 materiae,
793 1028 898 1069 quae
947 1012 994 1055 ab
1044 1011 1111 1054 illa
1155 1011 1246 1068 lege
1293 1011 1505 1054 subtracta

87 1095 164 1139 est,
197 1097 285 1125 non
318 1096 459 1126 autem
494 1099 545 1126 ex
578 1096 693 1140 parte
727 1084 845 1139 legis,
884 1100 989 1141 quae
1023 1083 1171 1126 eadem
1194 1099 1369 1139 prorsus
1405 1098 1506 1139 per—

88 1167 262 1199 severat.
287 1181 345 1186 ——
365 1157 421 1198 At
445 1156 479 1197 si
502 1155 552 1198 de
574 1155 667 1211 lege
699 1155 877 1198 naturali
912 1171 1054 1198 sermo
1079 1156 1147 1211 sit,
1171 1171 1277 1212 quae
1310 1154 1375 1197 lex
1400 1155 1508 1197 circa

90 1226 372 1269 moralitatem
407 1227 682 1268 intrinsecam
715 1238 805 1268 tota
837 1238 1043 1282 versatur,
1092 1226 1253 1283 nequit,
1297 1238 1341 1268 ut
1375 1224 1509 1268 modo

90 1296 349 1351 dicebamus,
385 1296 534 1340 babere
568 1297 714 1340 locum
748 1299 928 1340 mutatio
963 1299 1133 1355 propria
1165 1306 1350 1355 exparte
1384 1299 1513 1355 ipsius

92 1369 199 1426 Iegis,
231 1369 305 1413 sed
338 1369 618 1413 solummodo
651 1370 888 1427 impropria
920 1385 967 1412 ex
1002 1379 1121 1427 parte
1147 1371 1361 1413 materiae,
1406 1370 1512 1425 legis.

94 1442 266 1500 Nempe
297 1441 387 1485 fieri
419 1443 581 1500 nequit,
615 1454 661 1484 ut
692 1441 856 1485 licitum
890 1442 965 1484 tibi
999 1444 1064 1495 sit,
1088 1458 1258 1485 sumere
1297 1457 1385 1485 rem
1411 1442 1516 1484 alie-

98 1528 213 1570 nam,
246 1513 380 1557 invito
429 1512 733 1556 rationabiliter
765 1512 966 1556 domiuo:
1001 1513 1092 1556 fieri
1129 1526 1296 1556 tantum
1346 1526 1515 1571 potest,

97 1595 145 1626 ut
174 1599 257 1637 reS,
292 1600 400 1642 quae
433 1585 517 1627 iam
551 1596 638 1627 erat
671 1585 817 1641 aliena,
851 1584 1014 1627 desinat
1047 1599 1138 1627 esse
1172 1584 1304 1628 aliena
1330 1601 1403 1627 seu
1439 1584 1517 1628 de-

98 1656 207 1698 sinat
239 1655 291 1699 ad
322 1656 453 1699 alium
486 1668 703 1714 tamquam
729 1657 953 1699 dominum
981 1658 1209 1715 pertinere,
1232 1673 1318 1714 quo
1352 1657 1395 1699 in
1420 1671 1517 1700 casu

203 1877 262 1921 (1)
288 1876 345 1911 Ad
374 1888 448 1911 rem
475 1878 616 1918 Suare2‚
644 1878 664 1912 l.
696 1889 725 1910 c.
753 1889 781 1910 c.
814 1888 866 1921 13.
896 1888 928 1911 n.
958 1876 1002 1911 6.:
1036 1890 1053 1908 «
1068 1877 1117 1911 Ea
1145 1887 1234 1923 quae
1260 1877 1460 1911 consistunt
1489 1876 1524 1910 in

105 1936 260 1983 quadam
286 1936 551 1983 adaequatione
580 1946 613 1971 et
640 1936 738 1982 quasi
768 1936 956 1978 relatione,
985 1936 1174 1982 dupliciter
1200 1945 1348 1981 possunt
1376 1937 1521 1979 mutari,

111 2007 173 2030 seu
199 1995 362 2030 desinere
389 2006 478 2036 esse,
504 1995 650 2035 scilicet,
671 1995 725 2030 vel
746 1996 924 2030 intrinsece
943 2007 1004 2039 per
1023 1995 1262 2029 mutationem
1280 1996 1334 2029 sui
1353 1996 1408 2039 (ut
1427 2003 1526 2040 pater

110 2055 242 2090 desinit
269 2066 345 2089 esse
373 2063 475 2100 pater
500 2055 527 2088 si
547 2055 751 2099 moriatur),
767 2054 822 2088 vel
841 2055 1018 2088 extrinsece
1043 2063 1183 2088 tantum
1205 2065 1267 2099 per
1285 2054 1527 2089 mutationem

109 2114 257 2149 alterius
284 2113 487 2161 (quomodo
517 2123 615 2158 pater
642 2113 771 2148 desiuit
799 2125 875 2148 esse
911 2123 1010 2159 pater
1049 2125 1110 2159 per
1137 2122 1293 2148 mortem
1332 2113 1408 2155 filii,
1438 2125 1529 2160 quae

117 2174 246 2208 desitio
273 2175 307 2208 in
334 2183 433 2219 patre
459 2185 532 2207 non
560 2182 612 2208 est
636 2174 802 2211 mutatio,
823 2174 883 2208 sed
913 2186 975 2220 per
1001 2175 1153 2208 modum
1180 2174 1392 2208 mutationis
1419 2185 1437 2207 a
1464 2185 1531 2208 no-

117 2235 170 2268 bis
196 2234 398 2279 concipitur
422 2233 478 2267 vel
517 2233 766 2278 significatur),
794 2254 835 2258 —
866 2235 903 2268 In
932 2235 1011 2279 lege
1038 2245 1126 2279 ergo
1152 2234 1305 2279 positiva
1348 2233 1529 2280 contingit

114 2293 268 2328 mutatio
295 2293 403 2339 priori
428 2293 554 2335 modo,
585 2294 663 2339 quia
690 2293 769 2327 tolli
798 2302 927 2338 potest:
959 2294 993 2327 in
1021 2294 1101 2337 lege
1129 2302 1249 2327 autem
1277 2293 1429 2328 naturali
1463 2293 1533 2327 mi-

114 2353 224 2395 nime,
251 2352 312 2387 sed
338 2353 458 2388 solum
485 2353 644 2387 secundo
673 2353 783 2387 modo
811 2366 874 2399 per
901 2354 1141 2388 mutationem
1180 2354 1356 2388 materiae
1382 2353 1531 2388 contin-

119 2413 183 2460 git,
211 2422 249 2448 ut
273 2413 366 2447 actio
394 2413 621 2448 subtrabatur
647 2414 689 2447 ab
716 2413 938 2458 obligatione
966 2413 1055 2459 legis
1082 2412 1263 2455 naturalis,
1283 2424 1356 2447 non
1375 2412 1457 2458 quia
1477 2413 1539 2447 lex

116 2471 277 2516 tollatur,
305 2471 361 2507 vel
387 2473 570 2507 minuatur
595 2473 755 2518 (semper
781 2473 879 2507 enim
908 2472 1037 2507 eodem
1065 2472 1176 2507 modo
1212 2472 1351 2518 obligat
1378 2480 1411 2507 et
1441 2471 1538 2507 obli-

124 2531 253 2578 gavit),
280 2531 340 2567 sed
367 2532 449 2579 quia
475 2532 548 2579 ipsa
575 2533 722 2567 materia
751 2532 839 2579 legis
865 2542 1065 2567 mutatur.»
