1734 2784
757 107 1013 150 -288—

182 203 263 252 illa,
298 218 405 259 quae
439 216 537 243 cum
572 202 639 257 sit,
674 200 1043 258 quemadmodum
1094 199 1173 244 dici
1225 202 1349 255 solet,
1399 219 1521 248 caeca
1562 216 1605 248 et

183 276 355 330 insuper
389 271 439 315 ad
472 271 633 315 bouum
670 272 735 315 vel
771 272 928 315 malum
955 272 1130 330 physice
1153 272 1295 326 libera,
1321 274 1484 332 indiget
1507 288 1602 319 tum

183 343 326 399 regula
358 355 449 385 tum
478 342 586 399 lege:
613 343 755 399 regula
778 342 968 400 quidem,
993 358 1099 400 quae
1133 344 1170 386 ei
1205 344 1464 398 manifestet,
1500 344 1604 403 quid

182 416 235 456 sit
268 414 429 456 bouum
453 425 494 456 et
526 413 627 471 quid
654 413 831 467 malum,
856 413 948 468 iege
973 429 1089 463 vero,
1115 430 1197 471 qua
1230 427 1448 473 tamquam
1477 414 1603 460 freno

181 487 410 528 retineatur
443 501 495 527 116
529 485 577 527 ad
614 484 773 528 malum
809 484 1004 539 declinet,
1026 498 1149 542 atque
1181 498 1399 542 tamquam
1425 486 1604 531 stimulo

181 555 232 599 ad
264 556 427 598 bonum
462 556 710 598 sectandum
761 569 974 612 urgeatur.
1020 556 1230 600 Voluntas
1277 558 1406 614 igitur
1440 570 1502 601 est
1533 557 1603 602 1116

180 628 390 684 subditus,
424 629 487 670 cui
525 644 597 685 per
631 629 839 670 rationem
873 628 941 671 lex
978 628 1224 671 immediate
1271 628 1418 686 fertur,
1453 646 1603 688 quem-

182 716 264 757 que
297 700 365 742 lex
398 699 549 742 morali
585 700 739 742 iniecto
788 699 960 742 vinculo
1011 700 1250 757 adstringit:
1299 702 1341 744 in
1384 700 1605 745 voluntate

182 787 284 814 vero
318 771 381 814 lex
408 770 540 814 fertur
564 772 713 814 ceteris
739 772 864 814 etiam
894 770 1173 828 facultatibus,
1198 773 1239 814 in
1265 788 1367 830 quas
1395 773 1603 816 nimirum

181 843 376 885 voluntas
410 843 577 899 regium
612 844 843 900 imperium
879 855 1060 886 exercet.
1089 845 1314 888 —Restat
1346 856 1530 897 tantum,
1557 855 1603 886 ut

182 929 315 971 pauca
347 913 553 956 addamus
588 913 638 956 de
673 913 778 969 legis
812 914 1012 956 naturalis
1045 913 1186 957 obiecto
1221 930 1294 957 seu
1330 916 1516 958 materia.

307 999 404 1040 105.
440 986 823 1028 DEMONSTRATIO.
859 985 1097 1038 Quodnam
1131 986 1183 1028 sit
1217 985 1448 1040 obiectum,
1487 985 1604 1045 quod

181 1057 250 1100 lex
284 1056 385 1099 haec
418 1056 617 1099 naturalis
666 1057 850 1114 respicit,
895 1056 1019 1099 facile
1053 1056 1222 1113 patebit,
1270 1058 1305 1100 si
1337 1070 1604 1115 argumenta,

183 1145 288 1187 quae
322 1128 373 1172 ad
405 1128 669 1186 probandam
716 1128 822 1186 legis
870 1129 996 1172 huius
1047 1130 1317 1172 existentiam
1367 1129 1603 1184 attulimus,

182 1212 339 1244 attente
387 1200 722 1256 considerentur,
771 1201 997 1258 praecipue
1044 1216 1146 1243 vero
1196 1213 1500 1257 argumentum
1550 1214 1604 1244 ex

182 1272 360 1314 rationis
394 1271 612 1328 principiis
647 1270 895 1314 deductum.

302 1343 371 1386 Sic
402 1343 607 1384 nimirum
641 1342 829 1385 secundo
855 1342 951 1385 loco
975 1341 1270 1399 arguebamus.
1306 1343 1349 1386 Si
1374 1359 1481 1400 quae
1504 1355 1605 1387 sunt

183 1414 367 1457 actiones
402 1414 453 1457 de
488 1429 532 1456 se
566 1413 717 1466 maiae,
752 1430 819 1456 eas
854 1414 1019 1471 sapiens
1054 1413 1312 1470 gubernator
1346 1415 1492 1472 nequit
1513 1429 1603 1457 non

182 1484 423 1541 prohibere,
456 1498 497 1527 et
531 1501 552 1527 e
587 1485 801 1527 contrario
855 1485 889 1527 si
923 1501 1029 1542 quae
1076 1497 1175 1527 sunt
1223 1485 1410 1528 actiones
1459 1484 1511 1528 de
1558 1500 1605 1529 se

182 1554 317 1598 bonae
351 1571 395 1597 ac
428 1556 704 1611 necessariae,
738 1571 805 1597 eas
840 1555 1006 1612 sapiens
1040 1553 1300 1611 gubernator
1333 1556 1480 1612 nequit
1512 1569 1602 1600 non

182 1626 437 1683 praecipere:
471 1627 505 1668 si
537 1627 652 1669 6111111
685 1638 784 1668 suut
817 1625 867 1668 de
901 1642 944 1668 se
979 1626 1125 1679 malae,
1170 1641 1241 1668 eae
1284 1626 1464 1683 exigunt
1497 1641 1602 1684 pro-

181 1694 331 1748 hiberi,
364 1707 404 1738 et
437 1696 603 1754 sapiens
638 1695 898 1753 gubernator
932 1711 1019 1739 non
1053 1708 1194 1754 potest
1240 1711 1328 1739 non
1365 1708 1506 1740 vetare
1538 1696 1600 1746 id,

183 1765 300 1823 quod
333 1781 505 1809 necesse
554 1779 616 1810 est
664 1778 710 1809 ut
757 1766 1044 1824 prohibeatur,
1093 1779 1218 1825 atque
1261 1783 1282 1810 e
1320 1783 1528 1811 converso
1566 1767 1601 1810 si

182 1848 281 1880 sunt
314 1836 364 1880 de
397 1854 441 1881 se
474 1837 610 1881 bonae
644 1854 689 1881 ac
721 1839 1000 1892 necessariae,
1050 1854 1122 1882 eae
1171 1839 1347 1895 exigunt
1395 1839 1601 1896 praecipi,

183 1920 224 1950 et
256 1923 402 1950 rursus
435 1910 602 1966 sapiens
635 1908 894 1966 gubernator
940 1924 1025 1952 non
1073 1920 1214 1967 potest
1264 1924 1352 1952 11011
1390 1909 1603 1967 imperare

182 1977 240 2035 id,
272 1978 388 2036 quod
422 1991 591 2036 oportet
625 1992 671 2022 ut
706 1996 783 2038 pro
819 1980 1153 2037 communitatis,
1189 1980 1307 2023 cuius
1342 1995 1489 2023 curam
1518 1979 1602 2023 ha-

182 2048 265 2103 bet,
297 2049 411 2092 bono
447 2051 737 2108 praecipiatur.
771 2051 901 2108 Atqui
936 2051 1089 2093 dantur
1114 2051 1298 2093 actiones
1325 2050 1375 2093 de
1397 2066 1442 2094 se
1465 2049 1603 2093 malae

183 2133 223 2163 et
256 2137 277 2163 e
311 2122 522 2164 contrario
556 2123 684 2164 etiam
718 2122 868 2165 dantur
903 2123 1088 2165 actiones
1123 2121 1172 2165 de
1206 2138 1250 2164 se
1282 2121 1418 2165 bonae
1451 2137 1498 2165 ac
1524 2120 1600 2164 fini

181 2191 393 2236 humanae
427 2195 745 2236 communitatis
780 2195 1050 2237 necessariae:
1095 2207 1158 2236 est
1191 2206 1333 2236 autem
1374 2195 1494 2236 Deus
1527 2208 1601 2236 sa·-

182 2264 474 2319 pientissimus
510 2264 703 2307 eiusdem
739 2264 950 2307 humanae
974 2265 1296 2307 communitatis
1320 2263 1601 2321 gubernator.

181 2337 301 2391 Ergo
336 2336 454 2378 Deus
487 2335 674 2378 actiones
724 2335 775 2378 de
808 2351 851 2377 se
886 2334 1015 2377 malas
1059 2334 1273 2393 prohibet,
1325 2335 1513 2377 actiones
1547 2333 1601 2376 de

180 2419 225 2446 se
258 2404 388 2448 bonas
423 2405 679 2464 easdemque
712 2407 968 2449 necessarias
1003 2406 1220 2464 praecipit,
1254 2422 1327 2449 seu
1352 2405 1498 2449 existit
1527 2403 1602 2447 lex

181 2474 335 2530 divina,
369 2493 474 2534 quae
508 2490 602 2520 tum
634 2477 725 2520 aliis
759 2477 809 2521 de
843 2479 994 2531 causis,
1018 2490 1110 2521 tum
1154 2479 1282 2520 etiam
1315 2491 1368 2520 ex
1413 2475 1600 2528 obiecto,

180 2545 298 2601 quod
331 2548 519 2603 respicit,
555 2548 644 2590 iure
679 2547 831 2591 dicitur
863 2547 1078 2591 naturalis.
1112 2549 1257 2592 Restat
1293 2547 1427 2604 igitur
1459 2545 1600 2590 actio-
