1734 2784
679 117 736 125 -·
768 104 850 147 443
887 115 944 123 ’-

99 189 306 250 pendunt‚
339 203 416 233 nec
439 188 618 246 proinde
638 202 790 231 verum
813 198 1005 244 spectant
1026 184 1157 228 finem
1181 200 1259 227 nec
1277 198 1374 226 vera
1399 181 1526 225 adhi‘

100 261 202 305 bent
253 259 406 304 media.
456 259 712 302 Prudentiae
761 269 1041 316 opponuntur
1092 255 1310 300 secundnm
1356 255 1520 312 falsam

101 331 425 385 similitudinem,
454 330 675 388 prudentia
708 331 860 382 carnis,
893 329 1064 380 astutia,
1098 327 1228 379 dolus,
1264 327 1404 384 fmus,
1439 325 1530 368 sol-

103 403 267 448 licitudo
302 403 585 461 temporalium
620 417 757 444 rerum
789 409 825 443 et
862 399 1088 444 sollicitudo
1126 399 1384 457 futurorum.
1419 398 1525 440 Pru-

102 475 246 519 dentia
293 475 444 531 carnis,
477 486 522 516 ut
566 473 617 516 de
660 488 706 515 ea
753 472 972 529 speciatim
1017 486 1208 527 agamus,
1255 483 1317 512 est
1365 470 1520 511 vitium

102 545 296 601 illorum,
331 546 402 603 qui
437 545 557 587 omni
591 542 766 602 quidem
803 558 900 585 cum
936 541 1156 599 diligentia
1190 553 1230 584 et
1261 539 1389 583 finem
1424 554 1530 596 per-

102 617 296 676 pendunt
328 629 367 660 et
400 616 554 671 media,
588 615 663 658 sed
696 630 772 673 pro
805 613 886 656 fine
921 613 1073 657 habent
1108 612 1313 656 caducum
1349 609 1523 668 aliquod

104 690 216 732 vitae
240 688 369 732 huius
393 687 573 744 bonum,
606 700 645 730 et
679 685 729 729 ad
764 702 859 728 eum
886 684 1012 728 finem
1035 684 1318 728 obtinendum
1352 682 1526 741 quaevis

105 759 306 804 adhibent
347 759 499 815 media,
532 760 659 802 etiam
693 758 838 815 iniqua
869 757 953 815 (1).
990 756 1243 800 Prudentiae
1291 755 1526 812 opponitur

99 841 172 891 per
197 847 396 875 excessum
429 829 712 873 immoderata
746 830 951 882 anxietas,
972 844 1053 887 qua
1086 829 1128 870 in
1152 826 1413 870 excutiendis
1438 841 1531 868 me-

107 903 187 947 diis
211 915 438 962 torquetur
471 904 654 955 animus,
700 914 909 959 quatenus
944 899 1196 942 omnimoda
1221 898 1432 942 evidentia
1456 913 1527 939 ex-

108 975 289 1033 quiritur
308 974 378 1028 ibi,
398 974 466 1017 ubi
486 973 660 1016 moralis
679 985 846 1016 tantum
868 971 1079 1015 certitudo
1104 971 1246 1014 haberi
1279 982 1418 1027 potest
1441 968 1529 1027 (2)

226 1047 446 1089 IUSTITIA.
481 1046 512 1090 I.
550 1045 758 1099 Definitio.
791 1070 849 1076 -—
881 1044 1045 1086 Iustitia
1073 1043 1274 1099 accipitur
1299 1040 1533 1098 aliquando

109 1132 187 1176 pro
220 1130 314 1161 toto
347 1119 556 1160 virtutum
591 1116 952 1174 complexu.NOn
987 1131 1037 1157 eo
1072 1126 1214 1157 tamen
1249 1129 1373 1156 sensu
1400 1128 1420 1154 a
1444 1126 1531 1154 no·-

108 1187 172 1231 bis
205 1188 273 1232 hic
322 1190 523 1242 sumitur,
562 1187 636 1231 sed
683 1203 809 1230 sensu
860 1187 1073 1244 pressiore
1108 1184 1155 1228 ad
1205 1182 1531 1241 significandam

108 1262 311 1305 virtutem
336 1260 575 1318 specialem.
597 1258 811 1302 Definitur
830 1270 970 1301 autem
991 1257 1038 1300 ab
1063 1256 1249 1314 Ulpiano
1268 1255 1356 1313 (3),
1383 1273 1402 1294 «
1422 1269 1528 1296 con-

110 1345 224 1376 stans
247 1345 288 1377 et
321 1345 526 1390 perpetua
558 1331 754 1375 voluntas
789 1331 853 1373 ius
890 1345 1018 1372 suum
1054 1330 1208 1386 cuique
1256 1326 1530 1369 tribuendi.»

111 1405 179 1448 De
213 1419 296 1462 qua
330 1403 577 1446 definitione
600 1420 632 1447 s.
659 1403 857 1446 Thomas
876 1401 961 1459 (4),
983 1412 1208 1458 postquam
1234 1398 1419 1455 singulas
1440 1397 1532 1440 eius

111 1487 252 1534 partes
285 1474 526 1532 explicavit,
562 1474 664 1517 haec
696 1472 824 1516 addit:
867 1473 950 1516 «Si
986 1473 1079 1529 quis
1113 1470 1237 1514 vellet
1261 1486 1353 1512 eam
1378 1470 1418 1510 in
1453 1467 1536 1511 de-

111 1545 241 1590 bitam
276 1545 461 1589 formam
487 1544 744 1589 definitionis
765 1543 981 1599 inducere,
1006 1554 1151 1599 posset
1170 1543 1228 1584 sic
1247 1541 1396 1593 dicere,
1416 1539 1532 1597 quod

111 1617 268 1661 iustitia
301 1626 356 1661 est
388 1617 563 1670 habitus,
598 1616 814 1660 secundnm
848 1631 963 1673 quem
986 1615 1136 1671 aliquis
1168 1615 1363 1657 constanti
1385 1622 1419 1655 et
1441 1621 1533 1670 per-

107 1696 232 1746 petua
263 1688 473 1731 voluntate
508 1690 572 1731 ins
605 1703 722 1730 sitnm
758 1688 973 1743 unicnique
1024 1684 1180 1728 tribuit.
1217 1685 1267 1727 Et
1301 1684 1419 1741 quasi
1469 1693 1534 1725 est

211 1911 267 1955 (1)
299 1924 315 1941 «
334 1909 419 1944 Non
448 1917 510 1951 est,
539 1908 651 1954 inquit
679 1919 705 1942 5.
733 1907 908 1948 Thomas,
939 1906 961 1941 l.
991 1917 1019 1941 c.
1040 1917 1070 1940 a.
1097 1916 1142 1948 2.,
1164 1906 1300 1939 bonum
1328 1904 1535 1947 consilium,

113 1971 190 2006 sive
215 1971 343 2016 aliquis
370 1968 508 2004 malum
537 1968 645 2002 finem
676 1968 709 2001 in
739 1966 966 2001 consiliando
996 1967 1216 2012 praestimat,
1243 1965 1318 1999 sive
1347 1966 1450 1999 ctiam
1492 1964 1535 1998 ad

114 2032 252 2066 bonum
278 2029 386 2064 finem
414 2029 528 2062 malas
555 2028 628 2061 vias
656 2027 870 2061 adinveniat.
898 2026 993 2060 Sicut
1021 2026 1128 2060 etiam
1148 2026 1183 2059 in
1212 2025 1440 2070 speculativis
1460 2035 1535 2057 non

115 2099 168 2126 est
194 2091 290 2124 bona
318 2087 560 2129 ratiocinatio,
589 2089 662 2122 sive
690 2086 816 2133 aliquis
843 2086 971 2120 salsum
1001 2086 1209 2127 concludat,
1231 2087 1302 2119 sive
1323 2086 1428 2118 etiam
1450 2094 1537 2117 con-

116 2149 234 2184 cludat
259 2160 384 2183 verum
412 2160 454 2183 ex
485 2146 594 2189 salsis,
622 2146 702 2192 quia
731 2158 803 2180 non
832 2146 943 2180 utitur
969 2145 1196 2179 convenienti
1234 2145 1401 2178 medio.»
1443 2142 1541 2176 Vide

116 2220 206 2256 quae
233 2207 301 2243 dix.
331 2218 448 2253 super.
477 2218 575 2241 num.
602 2205 657 2248 64.
685 2217 765 2251 pag.
799 2205 872 2249 178.

212 2269 266 2314 (2)
294 2268 349 2303 De
374 2267 472 2301 hisce
499 2266 592 2300 vitiis
632 2265 840 2311 prudentiae
881 2265 1061 2310 oppositis
1096 2264 1137 2299 cf.
1167 2275 1193 2299 S.
1221 2264 1417 2305 Tltoniam,
1446 2273 1476 2297 2.
1505 2273 1541 2297 2.

116 2339 151 2375 q.
181 2337 304 2372 ςς-ςς,
334 2327 393 2361 ubi
421 2326 462 2360 de
489 2325 638 2371 singulis
665 2325 847 2370 praeclare
875 2333 1076 2370 pertractat.

213 2388 268 2431 (3)
294 2386 344 2422 Ff.
370 2386 412 2421 de
443 2387 524 2420 lust.
552 2395 585 2420 et
612 2385 701 2420 Iure.

216 2447 338 2492 (0111
370 2457 400 2480 2.
429 2456 458 2480 2.
487 2458 519 2492 q.
552 2446 602 2488 58.
631 2457 661 2480 a.
694 2457 718 2480 1.
