1734 2784
788 95 1050 149 ..432-

397 192 513 236 legem
542 192 741 225 naturalem
769 209 812 216 —
840 198 1026 236 tamquam
1057 189 1331 224 fundamentum
1371 190 1407 224 in
1437 201 1507 236 quo

399 251 559 285 innititur
585 270 627 275 —
655 249 712 283 vel
739 249 864 284 saltem
893 258 1074 295 tamquam
1103 248 1351 283 conditionem
1377 259 1506 283 neces-

397 312 537 344 sariam.
565 330 609 334 —
637 311 732 344 Haec
754 309 788 343 in
807 309 928 355 specie
948 308 1171 344 declarantur
1190 308 1232 344 de
1250 309 1328 355 lege
1350 308 1508 343 humana

398 371 490 404 civili
496 394 1499 404 ..................

210 443 387 487 Thesis
423 441 582 484 XLIX.
617 465 673 473 —
705 439 920 496 Resellitnr
951 440 1231 498 positivismns
1252 439 1432 483 moralis.

306 536 380 567 140.
410 525 720 560 Praenotiones.
753 544 791 548 -
821 525 924 558 Duae
943 523 1072 558 dantur
1091 523 1201 570 leges:
1224 543 1263 549 —
1285 522 1455 558 naturalis
1474 533 1507 560 et

396 585 564 631 positiva.
595 606 631 610 -
663 584 754 619 Huic
781 584 921 619 veritati
948 584 1078 630 duplex
1105 584 1303 630 opponitur
1321 595 1432 619 error:
1463 604 1500 610 -

396 655 535 687 eorum,
564 645 621 691 qui
648 644 765 679 solam
794 643 987 680 admittunt
1014 644 1133 690 legem
1161 644 1362 679 naturalem
1380 645 1504 690 (natu-

398 704 563 738 ralismus
590 703 755 749 moralis)
781 724 825 730 —
853 714 991 747 eorum,
1019 704 1077 750 qui
1104 704 1221 738 solam
1248 703 1441 739 admittunt
1458 703 1509 740 le-

397 775 477 809 gem
507 763 698 809 positivam
727 763 989 810 (positivismus
1022 762 1196 809 moralis).
1223 783 1269 789 —
1305 763 1509 811 Utrumque

399 834 556 857 errorem
586 821 743 857 refutant
770 822 1025 868 praecedentes
1051 822 1196 858 theses:
1224 843 1270 848 —
1296 823 1415 870 aliqua
1440 822 1507 858 ad-

398 882 528 916 duntur
555 882 597 916 de
624 883 737 917 altero
766 893 884 917 errore
889 908 1501 919 ...........

308 952 384 985 141.
413 943 730 977 Demonstratio.
763 962 801 968 -
824 943 949 977 Errant
968 942 1026 989 qui
1043 941 1158 977 solam
1178 942 1371 978 admittunt
1390 942 1509 990 legem

400 1002 609 1044 humanam,
638 1001 855 1036 nominatim
882 1001 1026 1036 civilem
1056 1023 1096 1027 —
1128 1003 1186 1048 qui
1219 1001 1335 1036 solam
1374 1001 1508 1037 admit-

397 1069 473 1095 tunt
502 1060 621 1105 legem
651 1061 841 1106 positivam
870 1060 1027 1094 divinam
1033 1087 1504 1096 .........

219 1131 397 1175 Thesis
428 1132 476 1175 L.
512 1158 563 1163 —
600 1133 661 1175 De
693 1131 970 1175 essentialibus
999 1132 1198 1189 positivae
1236 1132 1327 1189 legis
1374 1130 1508 1175 condi-

387 1202 574 1247 tionibus.

307 1298 384 1330 142.
411 1288 720 1322 Praenotiones.
749 1307 792 1313 —-
819 1288 873 1322 De
896 1297 1050 1332 quanam
1070 1285 1224 1332 positiva
1245 1286 1324 1332 lege
1344 1285 1506 1332 quaestio

397 1347 484 1381 haec
514 1347 727 1382 instituatur.
783 1375 788 1381 .
841 1375 847 1381 .
905 1372 1504 1381 ...........

310 1417 383 1450 143.
412 1407 729 1441 Demonstratio.
764 1426 798 1430 -
830 1404 1069 1440 Conditiones
1099 1404 1194 1438 iuxta
1221 1415 1247 1438 s.
1268 1403 1445 1439 Isidorum
1463 1423 1508 1430 —

396 1467 490 1501 iuxta
519 1477 544 1500 s,
572 1465 768 1500 Thomam.
805 1486 837 1490 -
866 1465 939 1499 Lex
965 1464 1124 1498 humana
1152 1464 1256 1499 debet
1284 1486 1327 1490 ——
1362 1463 1503 1500 divinae

398 1526 468 1572 legi
495 1537 568 1559 non
595 1524 774 1559 adversari
802 1545 841 1550 -
870 1524 931 1558 sini
959 1523 1245 1567 communitatis,
1287 1525 1343 1558 cui
1382 1524 1505 1567 fertur,

398 1585 600 1622 conducere
616 1605 659 1611 —
675 1584 850 1619 ambitum
879 1584 1063 1630 potestatis
1082 1582 1225 1619 ferentis
1243 1595 1317 1618 non
1336 1584 1507 1620 excedere

398 1667 441 1672 —
468 1657 577 1680 onera
596 1644 747 1679 subditis
766 1643 966 1679 seeundum
986 1643 1238 1690 aequalitatem
1258 1644 1505 1690 proportionis

396 1707 595 1751 imponere.
627 1724 666 1729 ——
694 1704 785 1738 Hinc
814 1702 947 1749 duplici
975 1711 1079 1748 pacto
1108 1702 1206 1747 leges
1244 1711 1394 1748 possunt
1430 1714 1508 1738 esse

399 1765 549 1811 iniquae:
570 1783 613 1789 —
633 1774 695 1808 per
714 1763 984 1808 oppositionem
1004 1762 1046 1796 ad
1068 1763 1187 1808 legem
1207 1762 1364 1796 divinam
1384 1783 1426 1788 —
1446 1774 1508 1808 per

400 1823 670 1869 oppositionem
691 1822 733 1856 ad
752 1823 888 1856 bonum
908 1821 1121 1856 humanum:
1140 1841 1183 1845 —
1202 1820 1400 1856 differentia
1415 1823 1511 1868 prio-

399 1894 472 1916 rem
501 1882 591 1916 inter
618 1891 652 1916 et
679 1882 828 1917 alteram
857 1881 1142 1927 oppositionem.
1170 1900 1213 1906 —
1242 1881 1445 1924 Quomodo
1464 1881 1507 1917 de

395 1943 567 1978 iniustitia
594 1943 683 1987 legis
711 1950 874 1976 constare
901 1942 1030 1983 debet,
1059 1950 1097 1976 ut
1139 1940 1194 1975 lex
1232 1941 1369 1976 censeri
1396 1941 1508 1987 possit

397 2002 493 2036 irrita
499 2027 1506 2036 ..................

313 2072 384 2104 144.
415 2062 613 2097 Scholion
640 2062 664 2095 Ι.
698 2082 714 2085 -
743 2071 770 2094 1.
791 2061 847 2094 Ius
874 2060 1010 2094 ferendi
1030 2059 1138 2105 leges,
1159 2071 1228 2106 quo
1260 2060 1410 2094 humani
1429 2060 1507 2106 pol-

400 2123 473 2156 lent
502 2121 696 2166 principes,
730 2120 945 2155 nominatim
979 2120 1110 2161 civiles,
1145 2120 1215 2154 suis
1251 2128 1301 2155 est
1334 2119 1508 2155 limitibus

399 2182 718 2226 circumscriptum.
730 2200 774 2206 —
790 2180 911 2214 2.Non
924 2191 1066 2224 semper
1078 2179 1300 2226 vituperandi
1316 2179 1508 2226 principes,

401 2240 541 2287 quando
572 2241 705 2274 crimen
734 2239 876 2286 aliquod
904 2240 1058 2275 tolerant
1086 2239 1378 2286 impunitumque
1405 2240 1510 2275 relin-

399 2308 521 2346 quunt.
537 2319 580 2326 —
604 2311 633 2345 3.
652 2301 707 2334 De
727 2299 996 2334 consuetudine:
1016 2319 1059 2324 —
1075 2311 1119 2333 an
1147 2298 1220 2332 vim
1239 2299 1368 2334 habeat
1386 2300 1509 2334 contra

398 2358 516 2404 legem
541 2368 688 2393 naturae
715 2378 757 2384 -
786 2370 827 2392 an
847 2359 1019 2404 abrogare
1043 2358 1153 2403 possit
1172 2358 1292 2403 legem
1310 2358 1507 2392 humanam

404 2437 447 2443 —
476 2429 519 2451 an
547 2429 679 2452 novam
708 2417 872 2452 inducere
899 2418 1017 2463 legem
1045 2437 1088 2443 —-
1116 2416 1258 2464 quando
1287 2417 1320 2451 id
1362 2416 1507 2452 efficiat.

311 2486 386 2519 145.
417 2478 671 2512 ScholionII.
707 2497 750 2503 —
784 2488 810 2511 1.
838 2478 892 2512 De
920 2477 1119 2512 mutatione
1146 2476 1236 2522 legis
1255 2475 1444 2522 positivae:
1465 2495 1508 2502 —

408 2536 532 2580 quibus
546 2536 661 2570 modis
677 2548 714 2570 ea
733 2537 930 2580 contingat:
949 2555 992 2562 —
1009 2547 1053 2570 an
1069 2535 1124 2570 lex
1139 2535 1296 2569 humana
1310 2534 1510 2581 frequenter

1557 378 1621 416 379

1497 475 1507 485 ·
1543 441 1623 497 385

1576 882 1620 918 ib.

1577 1061 1625 1096 ib.

1578 1345 1624 1380 ib.

1561 2425 1622 2462 393
