1734 2784
677 100 733 130 ⁷—-
765 109 848 152 413
885 118 941 128 -.

81 189 337 245 subveniat,
374 191 440 235 ille
475 204 592 235 actus
627 191 860 235 voluntatis
893 192 970 234 erit
1003 207 1100 234 vere
1132 203 1249 234 actus
1284 192 1523 235 misericor-

93 265 235 309 diae.»
261 289 318 298 -
351 265 443 318 Qui
476 282 497 307 e
531 266 744 308 contrario
779 280 821 307 se
879 279 965 307 non
1017 262 1257 307 conformat
1306 264 1374 308 tali
1424 280 1523 308 con—

97 337 297 381 scientiae
330 335 389 395 (si
424 351 470 380 ea
503 337 764 394 praecipiens
784 337 837 378 sit
856 335 921 379 vel
941 335 1211 394 prohibens),
1237 337 1357 393 ponit
1382 349 1524 380 actum

96 408 367 453 materialiter
406 424 481 452 seu
521 408 729 452 obiective
765 408 928 453 bonum
963 422 1002 452 et
1022 408 1255 452 formaliter
1279 425 1351 452 seu
1387 409 1526 454 subie-

97 470 205 524 ctive
239 479 418 524 malum.
450 479 678 538 «Aliquid,
712 481 767 523 ita
801 497 833 525 s,
867 480 1064 524 Thomas
1101 480 1180 539 (Ι),
1211 480 1326 539 qnod
1361 493 1422 524 est
1457 497 1527 525 se-

97 550 288 596 cundum
323 567 368 595 se
400 551 580 606 licitum,
613 550 794 595 efficitur
832 551 1024 595 illicitum
1076 553 1133 605 ei,
1171 553 1242 610 qui
1292 552 1335 596 id
1383 566 1528 596 contra

96 639 218 667 suam
257 623 566 667 conscientiam
600 625 700 681 agit,
732 623 827 667 licet
861 624 1118 667 conscientia
1143 639 1217 667 sua
1250 625 1303 666 sit
1336 639 1528 682 erronea,

93 695 210 755 quod
227 695 529 740 rationabiliter
553 695 719 740 accidit.
739 696 853 740 Nam
883 707 1000 739 actus
1030 695 1268 739 iudicantur
1288 696 1526 740 secundum

93 768 358 813 voluntatem
392 770 638 826 agentium,
674 768 870 812 voluntas
905 781 1046 811 autem
1097 781 1296 811 movetur
1329 785 1349 812 a
1374 784 1416 812 re
1449 785 1527 827 ap-

93 841 313 900 prehensa.
349 840 475 886 Unde
528 843 569 884 in
606 841 647 884 id
680 841 875 884 voluntas
911 840 1078 893 tendit,
1115 840 1229 898 quod
1269 842 1305 884 ei
1353 842 1414 884 vis
1448 858 1527 899 ap-

92 914 344 973 prehensiva
391 927 695 972 repraesentat,
717 928 757 958 et
792 913 1029 958 secundum
1064 913 1144 956 hoc
1179 912 1441 971 qualificatur
1463 914 1528 958 vel

78 985 356 1046 ,specificatur
390 987 512 1031 actio.
534 987 578 1030 Si
602 987 730 1044 igitur
745 987 850 1029 ratio
870 984 1045 1028 alicuius
1076 984 1243 1037 iudicet,
1263 985 1420 1043 aliquid
1438 1001 1529 1029 esse

93 1072 330 1117 peccatum,
375 1071 417 1103 et
449 1059 646 1102 voluntas
681 1058 837 1102 feratur
872 1060 913 1100 in
949 1058 989 1100 id
1039 1056 1309 1114 faciendum,
1343 1057 1527 1102 manife-

92 1143 207 1175 stum
241 1144 320 1185 est,
340 1131 457 1190 quod
481 1131 614 1175 homo
640 1130 764 1174 habet
795 1130 1059 1174 voluntatem
1087 1130 1263 1173 faciendi
1285 1144 1523 1187 peccatum,

91 1216 131 1247 et
153 1204 208 1247 ita
230 1204 340 1247 actio
363 1205 454 1247 eius
487 1205 683 1257 exterior,
703 1219 809 1262 quae
850 1201 1108 1246 informatur
1132 1220 1181 1246 ex
1210 1203 1441 1260 voluntate,
1465 1216 1527 1247 est

91 1288 326 1336 peccatum.
362 1277 415 1320 Et
448 1276 595 1322 eadem
635 1277 804 1320 ratione
840 1277 874 1319 si
907 1276 1057 1334 aliquis
1092 1277 1286 1319 aestimet
1319 1276 1374 1329 id,
1409 1276 1527 1334 quod

91 1362 153 1393 est
184 1349 348 1393 veniale
382 1362 615 1408 peccatum,
642 1364 734 1392 esse
771 1347 956 1392 mortale
990 1361 1226 1406 peccatum,
1247 1349 1279 1390 si
1304 1348 1381 1391 hac
1418 1362 1526 1391 con-

91 1421 264 1465 scientia
292 1411 472 1465 'durante
505 1419 609 1464 illud
642 1419 775 1475 faciat,
809 1419 1084 1463 manifestum
1136 1433 1197 1464 est
1232 1419 1349 1478 quod
1382 1420 1508 1478 clegit

92 1508 264 1552 peccare
295 1492 549 1545 mortaliter,
584 1504 623 1536 et
656 1492 711 1535 ita
746 1493 852 1536 actio
904 1493 992 1537 eius
1044 1506 1217 1551 propter
1267 1509 1387 1537 suain
1436 1493 1524 1537 elc—

92 1566 279 1609 ctionem
313 1578 375 1609 est
408 1576 629 1624 peccatum
665 1565 900 1609 mortale».

214 1638 408 1692 Quaeres
434 1648 592 1690 autem,
625 1637 838 1680 undenam
865 1638 1084 1696 proveniat
1110 1637 1314 1694 obligatio
1338 1637 1528 1695 ponendi

92 1707 212 1752 illum
248 1722 404 1767 actum,
439 1725 566 1768 quem
602 1710 859 1753 conscientia
883 1709 1182 1753 invincibiliter
1206 1725 1384 1753 erronea
1409 1726 1525 1767 prae-

93 1782 207 1840 cipit,
243 1782 306 1826 vel
341 1781 457 1825 illum
494 1783 736 1838 omittendi,
773 1798 901 1840 quein
946 1782 1093 1827 eadem
1147 1782 1382 1840 prohibet?
1421 1783 1524 1826 Pro-

187 1995 242 2039 (1)
270 1993 417 2029 Comm.
433 1993 469 2028 in
486 2004 541 2039 ep.
561 1992 603 2028 ad
616 1994 721 2028 Rom.
739 2004 766 2027 c.
787 1992 882 2028 XIV.
900 2005 931 2027 v.
955 2002 1010 2036 24.
1031 1993 1123 2028 Cum
1139 1993 1378 2039 praemisisset
1393 2004 1418 2028 s.
1435 1994 1525 2029 Pau-

92 2054 149 2089 lus
167 2062 260 2089 recte
279 2065 385 2100 agere
405 2054 557 2101 gentiles
573 2054 615 2088 ad
632 2053 813 2089 Christum
834 2064 1040 2097 conversos,
1060 2064 1134 2087 non
1159 2054 1404 2089 discernentes
1424 2054 1521 2089 iuxta

92 2115 199 2158 ritum
214 2113 395 2150 iudaicum
415 2114 514 2148 cibos
533 2114 689 2148 mundos
709 2114 750 2148 ab
767 2113 973 2156 immundis,
990 2113 1050 2148 sed
1072 2125 1113 2148 ex
1131 2113 1301 2148 omnibus
1318 2115 1523 2159 promiscue

94 2173 342 2216 comedentes,
359 2175 393 2208 in
414 2185 445 2208 v,
464 2184 520 2217 24.
544 2174 739 2219 subiungit:
774 2174 845 2218 Qui
873 2178 983 2208 antem
1012 2173 1178 2216 discernit,
1205 2175 1233 2207 si
1259 2172 1527 2216 manducaverit,

92 2230 271 2268 damnalus
307 2239 365 2268 cst:
397 2233 475 2280 quia
504 2245 571 2266 non
599 2245 636 2267 ex
657 2232 734 2279 fide.
761 2234 868 2268 Omne
889 2238 1015 2275 auam,
1044 2232 1127 2279 quod
1153 2244 1217 2267 non
1245 2237 1289 2267 ast
1316 2245 1353 2267 ex
1371 2232 1438 2279 fide
1452 2239 1530 2280 pec-

95 2298 212 2330 catum
243 2297 302 2328 est.
333 2293 503 2335 Quorum
532 2293 723 2327 verborum
751 2292 807 2327 hic
828 2301 876 2328 cst
907 2304 1043 2327 sensus:
1066 2293 1124 2339 qui
1145 2292 1301 2327 iudicant
1321 2292 1420 2327 cibos
1439 2293 1528 2327 alios

94 2365 172 2390 esse
190 2355 336 2396 vetitos,
359 2353 449 2388 alios
470 2353 679 2399 permissos,
699 2363 732 2389 ct
752 2353 989 2388 nihilominus
1008 2366 1050 2388 ex
1070 2354 1237 2388 omnibus
1257 2353 1367 2387 edunt
1394 2353 1528 2398 promi-

97 2425 193 2457 scue,
210 2413 374 2460 profecto
390 2423 553 2460 peccant,
574 2414 653 2460 quia
669 2421 863 2459 operantur
890 2423 1013 2447 contra
1032 2413 1210 2447 dictamen
1227 2413 1387 2447 rationis.
1404 2412 1527 2447 Omne

95 2483 228 2517 autem,
256 2474 349 2521 quod
377 2486 450 2509 non
478 2482 529 2509 est
555 2474 650 2508 iuxta
680 2473 859 2508 dictamen
887 2473 1036 2508 rationis
1064 2482 1096 2508 ct
1127 2474 1222 2508 iuxta
1244 2474 1276 2507 id
1299 2473 1394 2520 quod
1416 2485 1526 2508 unus-

91 2533 240 2580 quisque
267 2534 376 2569 credit
398 2535 463 2568 sibi
484 2533 603 2572 licere,
630 2543 707 2568 esto
736 2533 854 2568 credat
875 2533 976 2576 salso,
998 2543 1185 2580 peccatum
1207 2543 1269 2569 est.
1291 2533 1341 2570 Cf.
1366 2534 1520 2580 Esparza

100 2592 170 2628 loc.
196 2593 255 2629 cit.
