1734 2784
691 81 958 135 -139-

114 189 280 236 praeter
312 174 417 218 alios
457 174 578 218 Plato
610 173 682 233 (1)
715 187 755 218 et
789 190 821 218 s.
854 176 1052 217 Irenaeus
1085 174 1169 233 (2).
1203 176 1299 232 Ipse
1332 190 1364 219 S.
1401 175 1538 218 Tho—

110 264 200 291 mas
233 246 304 306 (3)
337 246 603 289 mentionem
636 245 733 289 facit
766 261 936 302 eorum,
984 247 1056 304 qui
1100 247 1328 304 opinantur
1372 265 1392 288 (ς
1424 246 1531 289 nihil

111 336 204 364 esse
237 318 484 362 naturaliter
516 318 680 360 iustum
714 329 754 360 et
788 318 1025 371 iniustum,
1059 317 1133 360 sed
1170 317 1406 361 secundum
1440 318 1534 375 legis

107 391 356 450 positionem.
394 389 452 432 Hi
483 401 626 432 autem
661 390 840 447 proprio
874 390 1055 432 nomine
1097 402 1303 432 vocantur
1335 391 1542 447 positivi-

111 472 194 507 stae
216 461 304 520 (4),
324 460 375 504 de
400 459 552 518 quibus
574 459 701 518 paulo
722 459 897 503 inferius
931 476 1077 503 rursus
1103 462 1295 518 quaestio
1320 472 1532 503 occurret.

111 533 325 587 Quamvis
357 532 621 590 positivistae
655 532 838 574 omnino
874 531 1181 589 profiteantur,
1228 548 1271 575 se
1306 531 1532 575 admittere

111 604 399 648 moralitatem
431 602 635 661 aliquam,
660 604 881 649 *nimirum
915 605 1195 660 extrinsecam,
1219 616 1362 646 tamen
1393 616 1541 645 revera

109 691 288 720 omnem
320 673 608 717 moralitatem
656 687 840 731 negant:
877 676 1072 718 reiiciunt
1104 676 1220 718 enim
1257 677 1546 724 intrinsecam,

109 749 201 791 sine
235 763 316 805 qua
347 745 461 789 nulla
497 758 640 805 potest
684 762 777 790 esse
821 746 1038 790 moralitas
1084 748 1330 801 extrinseca,
1375 748 1534 805 quippe

111 835 217 878 quae
250 819 293 861 in
326 819 553 861 intrinseca
584 817 808 862 fundatur.

226 889 526 934 Nihilominus
558 889 730 932 adverte
764 891 1062 948 quaestionem
1091 889 1318 947 generalem
1352 907 1402 933 an
1437 890 1538 933 den-

108 974 177 1004 tur
208 961 397 1004 actiones
431 960 566 1003 bonae
601 973 641 1003 et
662 962 849 1004 actiones
874 961 1022 1018 malae,
1047 963 1240 1005 actiones
1269 962 1314 1004 de
1337 978 1374 1005 se
1399 961 1534 1006 bonae

111 1045 151 1076 et
183 1033 372 1075 actiones
422 1031 467 1074 de
512 1046 549 1074 se
590 1032 738 1088 malae,
784 1032 935 1075 debere
980 1033 1186 1089 distingui
1223 1050 1245 1075 a
1287 1034 1539 1091 quaestione

110 1104 282 1163 speciali,
316 1118 524 1161 quaenam
558 1104 600 1146 in
634 1104 874 1161 particulari
908 1105 992 1147 sint
1016 1106 1204 1147 actiones
1229 1104 1377 1158 bonae,
1402 1120 1536 1162 quae-

110 1191 210 1219 nam
242 1175 390 1229 malae‚
425 1190 633 1234 quaenam
677 1176 720 1217 in
755 1175 995 1232 particulari
1043 1178 1127 1218 sint
1173 1177 1360 1219 actiones
1405 1176 1455 1219 de
1487 1192 1532 1219 se

110 1247 260 1301 bonae,
295 1261 504 1304 quaenam
537 1261 639 1289 vero
674 1245 724 1289 de
759 1262 804 1289 se
839 1246 984 1289 malae.
1020 1248 1118 1289 Huc
1161 1263 1297 1305 usque
1344 1249 1532 1305 priorem

110 1332 278 1363 tantum
301 1317 545 1376 generalem
565 1319 863 1376 quaestionem
882 1319 1253 1376 pertractavimus,
1275 1319 1382 1362 circa
1407 1335 1536 1377 quam

112 1391 392 1450 potissimum
411 1401 545 1433 exstat
568 1390 781 1432 unanimis
805 1390 1003 1432 omnium
1027 1389 1258 1433 hominum
1283 1406 1533 1434 consensus.

113 1462 215 1506 Dixi
243 1462 523 1520 potissimum.
559 1461 731 1503 Etenim
767 1473 865 1502 sunt
900 1462 1025 1504 etiam
1060 1461 1268 1518 quaedam
1290 1461 1535 1505 individuae

113 1534 320 1587 actiones,
356 1549 477 1592 quae,
510 1544 558 1575 ut
591 1533 675 1575 iam
722 1532 922 1590 diximus,
956 1532 1004 1575 ab
1049 1532 1263 1587 omnibus,
1307 1533 1464 1592 ubique
1497 1545 1538 1576 et

114 1620 284 1663 semper
317 1604 481 1648 habitae
515 1617 613 1647 sunt
645 1616 865 1662 tamquam
894 1604 1029 1648 bonae
1047 1604 1113 1647 vel
1140 1618 1360 1663 tamquam
1392 1607 1546 1663 malae,

115 1688 156 1719 et
187 1675 364 1734 quidem
399 1677 526 1718 etiam
559 1676 604 1718 de
636 1691 689 1728 se,
710 1676 854 1733 quales
887 1688 987 1718 sunt
1021 1692 1107 1729 eae,
1130 1693 1232 1735 quas
1258 1677 1415 1735 pluries
1449 1678 1532 1719 iam

117 1747 576 1791 commemoravimus.

213 1897 270 1942 (1)
298 1897 353 1930 De
382 1896 448 1943 leg.
478 1896 502 1931 1.
532 1896 579 1931 Χ.

211 1954 268 1999 (2)
296 1955 333 1989 L.
369 1966 398 1990 1.
426 1955 504 1989 adv.
532 1955 667 1989 haeres.
696 1966 774 1999 cap.
798 1964 919 1996 2o-24,

213 2014 270 2058 (3)
299 2014 338 2048 In
371 2024 398 2049 1.
427 2014 542 2049 Ethic.
572 2014 651 2049 lect.
685 2026 716 2059 3.
747 2014 883 2048 Eadem
911 2014 1015 2049 habet
1043 2015 1078 2049 in
1106 2025 1305 2049 comment.
1338 2016 1372 2048 in
1411 2027 1463 2060 ep.
1493 2016 1535 2049 ad

115 2073 224 2108 Rom.
251 2083 282 2107 c.
312 2073 356 2107 V.
386 2073 466 2108 lect.
495 2083 516 2116 4

212 2132 269 2176 (4)
298 2132 393 2166 Inter
420 2132 641 2179 positivistas
656 2133 792 2167 eminet
807 2133 876 2167 Th.
893 2134 1051 2174 Hobbes,
1074 2133 1182 2179 quiin
1202 2144 1321 2179 opere,
1339 2133 1393 2166 cui
1413 2133 1537 2167 titulus

116 2191 329 2234 Leviatlmn‚
355 2200 389 2226 et
416 2192 452 2226 in
481 2192 552 2226 alio
581 2204 704 2238 opere,
735 2193 771 2226 de
798 2193 879 2235 cive,
907 2193 968 2233 ait,
998 2193 1135 2227 nullam
1163 2193 1259 2230 boni,
1279 2193 1363 2226 mali
1391 2201 1425 2226 et
1451 2192 1532 2226 vilis

119 2261 354 2284 communem
382 2250 543 2296 regulam
572 2252 615 2285 ab
643 2252 804 2296 ipsorum
832 2253 1057 2286 obiectorum
1086 2252 1220 2286 naturis
1240 2251 1392 2285 derivari
1423 2262 1542 2296 posse,

118 2308 263 2355 regulas
290 2310 376 2344 boni
404 2319 438 2344 et
465 2309 562 2352 mali,
590 2310 674 2344 iusti
694 2320 726 2345 et
746 2310 869 2345 iniusti
889 2322 966 2345 esse
987 2310 1085 2356 leges
1115 2310 1240 2352 civiles,
1262 2310 1415 2356 ideoque
1443 2308 1538 2355 quod

119 2367 305 2414 legislator
329 2370 562 2415 praeceperit,
589 2369 623 2402 id
651 2381 715 2414 pro
744 2371 852 2412 bono,
881 2370 975 2416 quod
1004 2379 1124 2403 autem
1152 2369 1384 2415 prohibuerit,
1412 2368 1447 2402 id
1475 2380 1542 2413 pro

119 2427 219 2462 malo
246 2427 453 2462 habendum
482 2440 568 2463 esse.
590 2430 678 2463 Item
700 2429 929 2464 intrinsecam
950 2429 1192 2463 moralitatem
1220 2429 1331 2463 reiicit
1350 2429 1445 2463 Sam.
1473 2430 1544 2463 Pu-

119 2485 276 2526 fendorf,
303 2486 346 2521 de
375 2488 447 2522 iure
475 2498 545 2523 nat.
568 2498 601 2523 et
629 2498 729 2535 gent.
758 2491 780 2525 l.
805 2501 833 2524 1.
850 2501 881 2524 c.
903 2499 948 2532 2.‚
970 2490 1027 2535 qui
1055 2489 1196 2523 liberam
1225 2489 1292 2523 Dei
1311 2487 1542 2522 voluntatem

121 2555 186 2579 seu
214 2544 334 2592 legem
362 2554 546 2592 tamquam
574 2548 720 2583 unicam
746 2548 944 2584 honestatis
971 2549 1091 2582 omnis
1118 2559 1286 2583 normam
1313 2546 1512 2583 constituit.
