1734 2784
759 115 820 121 —
853 103 932 145 333
972 116 1024 121 -

183 181 308 226 habet
340 194 598 241 potestatem
632 183 940 241 praestituendi
988 182 1119 227 finem
1167 183 1335 228 homini
1369 198 1408 228 et
1442 201 1608 230 conne-

183 253 321 298 ctendi
355 270 467 297 nexu
499 255 739 298 necessario
773 256 963 299 actiones
997 255 1187 299 hominis
1239 273 1336 299 cum
1371 256 1456 301 fine
1489 274 1609 316 prae-

181 326 334 369 stituto
366 325 452 384 (Ι).
487 326 620 383 Atqui
652 327 761 370 ratio
796 326 981 370 humana
1024 342 1112 370 non
1160 326 1284 370 habet
1317 344 1367 371 ex
1400 344 1444 371 se
1476 328 1604 373 talem

179 409 450 456 potestatem.
497 397 612 454 Ergo
660 398 768 441 ratio
816 398 1003 441 humana
1050 414 1137 442 non
1184 398 1307 442 habet
1352 416 1402 443 ex
1436 417 1480 444 se
1512 402 1603 444 vim

179 467 407 525 obligandi.
442 467 590 510 Minor
623 468 841 526 probatur.
889 468 963 512 Ille
997 469 1114 512 solus
1157 486 1207 512 ex
1241 486 1284 513 se
1319 470 1442 514 habet
1475 471 1602 515 talem

178 540 450 597 potestatem,
488 540 559 597 qui
594 552 657 583 est
691 553 840 583 auctor
873 553 913 583 et
937 554 1247 599 consequenter
1274 558 1501 600 supremus
1536 559 1608 586 or-

179 609 346 653 dinator
377 622 552 654 naturae
586 609 807 656 humanae.
857 613 990 670 Atqui
1034 613 1142 655 ratio
1190 612 1377 656 humana
1418 630 1507 657 non
1540 628 1603 658 est

182 682 344 725 auctrix
377 697 455 725 nec
488 681 669 740 proinde
703 698 901 740 suprema
924 683 1160 726 ordinatrix
1184 697 1354 727 naturae
1379 684 1603 742 humanae,

177 753 252 797 sed
285 766 349 796 est
381 769 476 811 pars
511 766 684 797 naturae
718 754 928 798 humanae
961 771 983 797 a
1016 755 1112 798 Deo
1147 755 1343 799 conditae
1377 768 1501 814 atque
1536 756 1599 800 id-

176 825 290 868 circo
325 837 386 868 est
410 824 596 868 subiecta
619 825 877 869 ordinationi
901 827 966 868 sui
987 827 1204 870 Creatoris
1225 827 1317 870 Dei.
1347 828 1461 884 Ergo
1496 829 1602 871 ratio

175 895 363 940 humana
388 912 438 939 ex
461 913 505 939 se
536 896 770 940 nonhabet
804 910 1056 955 potestatem
1091 898 1397 956 praestituendi
1432 898 1599 942 homini

174 969 304 1012 finem
349 968 551 1012 ultimum
593 981 634 1012 et
684 970 964 1012 connectendi
996 985 1105 1013 nexu
1140 971 1379 1013 necessario
1412 971 1600 1013 actiones

179 1042 269 1084 eius
304 1056 403 1083 cum
438 1039 593 1083 ultimo
628 1039 724 1084 fine.

297 1111 379 1170 2.⁰)
413 1112 596 1154 Eatenus
644 1112 751 1154 ratio
802 1111 986 1155 humana
1028 1113 1071 1155 in
1115 1129 1381 1170 unoquoque
1420 1113 1597 1156 homine

174 1197 226 1225 ex
257 1197 293 1224 se
325 1180 495 1224 haberet
544 1182 633 1223 vim
677 1181 894 1239 obligandi
941 1181 1221 1236 voluntatem,
1256 1196 1463 1241 quatenus
1507 1185 1597 1227 eius

172 1251 329 1296 iudicia
362 1268 436 1296 seu
471 1252 699 1297 dictamina
733 1266 908 1311 possent
941 1270 988 1297 ex
1011 1256 1150 1312 seipsis
1174 1256 1433 1299 constituere
1456 1255 1596 1312 legem

171 1324 396 1368 voluntati.
431 1325 563 1382 Atqui
598 1324 680 1368 hoc
714 1341 806 1368 esse
838 1326 999 1383 nequit.
1036 1326 1186 1369 Minor
1217 1326 1434 1385 probatur.
1469 1327 1597 1372 Nulla

171 1395 239 1439 lex
272 1396 413 1438 existit
447 1396 536 1438 sine
571 1408 665 1439 actu
698 1395 928 1439 voluntatis
962 1396 1045 1455 (2).
1081 1398 1213 1455 Atqui
1237 1397 1391 1441 iudicia
1424 1415 1497 1441 seu
1534 1397 1594 1441 di—

173 1467 356 1509 ctamina
374 1467 550 1509 rationis
571 1483 620 1510 ex
638 1482 681 1510 se
701 1482 789 1510 non
813 1469 1033 1510 continent
1056 1480 1197 1511 actum
1216 1468 1457 1512 voluntatis.
1478 1470 1593 1526 Ergo

170 1552 259 1580 non
292 1549 475 1595 possunt
509 1553 559 1580 ex
592 1553 636 1581 se
671 1538 930 1581 constituere
961 1538 1100 1595 legem
1134 1538 1358 1582 voluntati.

293 1608 373 1667 3.⁰)
408 1609 452 1652 Si
478 1610 583 1651 ratio
608 1608 792 1652 humana
815 1610 857 1652 in
881 1625 1148 1668 unoquoque
1172 1610 1351 1653 homine
1384 1626 1432 1654 ex
1453 1625 1489 1654 sc
1511 1610 1588 1654 ha-

170 1679 287 1724 beret
320 1681 408 1723 vim
443 1679 659 1738 obligandi
692 1681 978 1735 voluntatem,
1006 1694 1151 1739 posset
1183 1698 1233 1725 ex
1266 1698 1310 1725 se
1344 1698 1435 1726 esse
1477 1682 1587 1740 legi-

169 1753 313 1795 slatrix
345 1751 589 1796 voluntatis.
624 1744 755 1810 Atqui
790 1752 871 1796 hoc
903 1765 1122 1810 repugnat.
1168 1754 1281 1810 Ergo
1330 1771 1380 1798 ex
1428 1770 1472 1797 se
1506 1770 1593 1797 non

169 1822 292 1867 habet
323 1823 413 1866 vim
448 1823 667 1881 obligandi
700 1824 979 1867 voluntatem.
1014 1825 1158 1867 Minor
1181 1824 1397 1882 probatur,
1424 1826 1482 1868 Ut
1505 1826 1589 1868 iam

168 1896 297 1954 paulo
329 1896 524 1954 superius
558 1895 761 1950 diximus,
797 1908 1005 1953 repugnat
1033 1911 1163 1939 unam
1191 1896 1474 1954 eamdemque
1508 1895 1592 1938 hu—

169 1983 340 2011 manam
374 1980 570 2011 naturam
604 1983 696 2011 esse
744 1967 820 2010 sibi
855 1968 1122 2025 superiorem
1169 1983 1215 2010 ac
1257 1967 1493 2011 subditam:
1529 1968 1592 2009 si—

168 2039 341 2097 quidem
362 2039 464 2083 haec
482 2052 581 2082 sunt
600 2039 686 2082 duo
711 2037 896 2096 relativa,
915 2051 954 2082 et
977 2038 1154 2097 proinde
1174 2040 1216 2082 in
1236 2054 1322 2082 uno
1350 2038 1590 2096 eodemque

167 2109 361 2154 subiecto
395 2123 590 2169 respectu
627 2110 820 2153 eiusdem
855 2125 946 2153 6556
995 2124 1225 2168 nequeunt.
1277 2110 1416 2155 Simili
1465 2122 1587 2167 pacto

165 2197 295 2226 nemo
320 2182 448 2226 relate
472 2182 522 2225 ad
547 2183 739 2239 seipsum
764 2193 905 2239 potest
928 2197 1019 2225 esse
1044 2183 1248 2238 magister
1273 2194 1312 2225 et
1337 2180 1595 2238 discipuius,

166 2268 283 2313 pater
315 2268 355 2299 et
389 2255 497 2298 filius
533 2268 614 2298 etc.
648 2255 780 2312 Atqui
814 2256 848 2297 si
881 2256 988 2298 ratio
1023 2267 1132 2298 esset
1164 2255 1394 2312 legis-latrix
1427 2254 1587 2297 volun-

164 2327 277 2380 tatis,
311 2342 394 2369 una
426 2326 662 2384 eademque
695 2338 844 2369 natura
876 2325 1060 2369 humana
1110 2339 1219 2368 esset
1266 2325 1344 2368 sibi
1388 2326 1585 2383 superior

264 2512 321 2557 (ι)
351 2510 408 2548 Cf.
436 2510 484 2546 th.
512 2511 679 2545 XXXIX.
707 2520 740 2545 et
767 2510 842 2545 XL.

263 2570 320 2616 (2)
351 2570 406 2606 Cf.
438 2570 486 2605 th.
515 2570 650 2605 XVIII.
676 2581 709 2603 n.
736 2578 796 2614 90.
824 2577 994 2614 punctum
1023 2574 1077 2601 2.m
