1734 2784
712 78 770 86 -
804 67 886 109 279
921 76 979 85 .—

123 149 231 206 legis
265 160 457 191 aeternae
503 148 545 190 in
594 147 787 190 rationali
837 159 1027 191 creatura
1054 164 1094 191 ³).
1129 148 1191 191 Ita
1224 162 1256 190 S.
1291 146 1488 190 Thomas
1523 146 1554 190 l.

129 236 253 278 saepe
286 220 355 263 cit.
387 218 582 276 Intellige
616 230 759 261 autem
794 219 1165 277 participationem
1199 220 1395 276 primam.
1443 218 1559 260 Hinc

124 290 239 334 idem
273 306 305 335 s,
339 290 537 334 Thomas
567 302 666 348 post
700 306 747 332 ea
778 289 904 333 verba
952 290 1095 333 statim
1144 288 1304 344 subdit,
1337 288 1455 347 quod
1486 288 1556 332 lex

124 361 327 406 naturalis
351 374 413 406 est
434 363 606 420 «prima
625 360 804 404 directio
829 374 1001 404 actuum
1021 374 1274 404 nostrorum
1298 360 1349 405 ad
1367 361 1553 404 finem».

125 433 286 478 Omnis
306 433 421 476 enim
438 432 505 476 lex
523 444 585 475 est
603 431 739 489 aliqua
757 432 861 489 legis
881 444 1073 476 aeternae
1092 433 1372 491 participatio:
1393 432 1467 476 sed
1485 432 1554 476 lex

122 503 322 547 naturalis
357 503 440 547 hoc
473 503 598 546 habet
632 503 711 546 sibi
747 505 987 561 proprium,
1004 516 1047 546 ut
1072 504 1126 547 sit
1150 504 1416 562 participatio
1440 503 1548 561 legis

122 586 313 617 aeternae
345 573 592 617 immediata
625 585 666 617 et
699 575 851 632 prima.
887 574 938 616 Et
972 590 1072 617 sane
1104 575 1147 616 in
1180 590 1449 632 unoquoque
1470 589 1548 616 na-

122 657 216 688 tura
249 657 313 688 est
347 646 550 703 primum.
586 638 786 698 Quarum
823 646 1022 688 omnium
1047 645 1455 689 denominationum
1486 646 1549 688 vis

122 732 167 760 ac
199 718 306 761 ratio
341 717 493 760 clarius
519 716 657 760 adhuc
681 734 731 760 ex
755 717 1031 775 sequentibus
1056 717 1247 761 thesibus
1273 717 1547 775 intelligetur.

247 882 265 928 5
292 883 346 916 II.
375 882 478 927 Quid
505 882 559 915 sit
585 882 654 915 lex
681 882 883 916 naturalis
910 881 1131 917 secundum
1159 892 1205 916 se
1230 883 1426 926 inspecta.

573 1038 738 1080 Tfflzsts
775 1039 984 1081 XXXIV.

117 1170 205 1213 Lex
237 1168 447 1212 naturalis
489 1168 709 1212 secundum
757 1184 795 1212 51:
829 1168 1083 1212 considerata
1116 1170 1298 1212 consistit
1331 1169 1373 1211 in
1406 1183 1550 1212 mora-

237 1239 342 1283 libus
376 1240 459 1284 illis
491 1239 829 1297 ezumciabililms,
863 1255 964 1298 qnae
1000 1242 1041 1282 in
1085 1239 1346 1283 naturalibus
1378 1241 1551 1283 rationis

229 1312 430 1369 practicae
463 1311 618 1355 indiciis
651 1314 920 1355 continentur.

241 1431 335 1461 102.
369 1419 685 1462 DECLARATlo.
721 1419 781 1461 Ex
815 1420 880 1471 iis,
914 1434 1020 1475 quae
1054 1417 1105 1461 de
1129 1418 1222 1475 lege
1245 1419 1289 1461 in
1325 1418 1548 1461 communi

116 1504 161 1531 ac
196 1487 247 1531 de
279 1487 373 1545 lege
406 1501 574 1532 aeterna
608 1489 811 1545 diximus,
846 1502 971 1547 atque
1005 1506 1054 1532 ex
1105 1490 1368 1547 argumentis
1392 1523 1404 1542 ,
1441 1505 1548 1547 quae

116 1558 338 1602 attulimus
372 1559 423 1602 ad
456 1558 838 1603 demonstrandam
878 1561 982 1617 legis
1021 1560 1222 1603 naturalis
1272 1561 1543 1603 existentiam

115 1631 200 1674 iam
234 1630 334 1673 satis
369 1643 496 1688 patet,
531 1631 634 1689 quid
668 1631 767 1674 haec
802 1631 867 1674 lex
912 1633 978 1674 sit.
1014 1630 1312 1676 Nihilominus
1363 1643 1410 1674 ut
1457 1643 1548 1675 tota

115 1717 182 1745 res
217 1702 370 1746 melius
404 1703 666 1761 intelligatur
687 1740 697 1757 ‚
732 1704 872 1760 legem
913 1704 1018 1747 hanc
1054 1709 1300 1761 spectemus
1349 1705 1546 1763 inprimis

116 1773 337 1817 secundum
371 1775 544 1831 seipsam
576 1774 660 1832 (1)

237 1844 631 1898 Quemadmodum
666 1846 807 1902 itaque
839 1844 945 1887 illud
979 1845 1241 1888 enunciabile
1275 1846 1509 1903 practicum
1530 1882 1541 1899 ‚

114 1932 153 1960 v.
188 1930 228 1973 g.
263 1916 375 1959 cives
409 1931 562 1959 omnes
587 1915 637 1959 ad
661 1915 831 1958 hostem
857 1915 1150 1973 repellendum
1175 1932 1292 1960 arma
1325 1917 1544 1975 arripiant,

116 1986 236 2045 quod
272 1988 451 2031 nomine
486 1988 616 2044 Regis
652 2003 726 2045 per
760 2002 911 2030 vocem
947 1989 1170 2044 praeconis
1195 1987 1352 2046 publici
1383 1988 1545 2032 civibus

113 2057 417 2117 proclamatur,
451 2071 513 2102 est
547 2058 612 2102 lex
636 2060 819 2116 positiva
845 2059 977 2102 civilis
1001 2059 1240 2102 secundum
1263 2075 1308 2103 se
1340 2061 1544 2117 inspecta3

115 2130 173 2173 ita
204 2129 272 2172 illa
304 2129 583 2173 enunciabilia
618 2129 810 2185 moralia,
843 2147 882 2173 v.
907 2146 947 2187 g.
969 2139 1158 2188 parentes
1178 2139 1276 2174 sunt
1296 2131 1541 2184 honorandi,

105 2201 277 2259 furtum
324 2210 378 2244 est
425 2201 670 2258 vitandum,
705 2217 811 2258 quae
861 2203 1065 2259 principia
1114 2203 1292 2246 nomine
1340 2203 1542 2246 Auctoris

115 2284 289 2315 naturae
323 2272 413 2330 ipsa
445 2272 633 2315 humana
665 2273 771 2315 ratio
806 2275 1244 2332 practica‚tamquam
1278 2290 1432 2331 praeco
1467 2289 1541 2317 seu

209 2469 267 2515 (1)
295 2468 354 2505 Cf.
383 2481 423 2503 ca
450 2480 540 2516 quae
566 2469 601 2502 in
630 2469 720 2504 thesi
747 2470 879 2504 XXIX.
908 2481 1009 2505 num.
1053 2479 1108 2515 92.
1137 2470 1296 2505 diximus
1324 2470 1368 2505 de
1408 2470 1541 2506 multi-

114 2528 198 2575 plici
225 2536 319 2564 statu
345 2529 444 2575 legis,
474 2529 507 2564 in
535 2530 754 2575 legislatore,
785 2530 818 2563 in
847 2530 1005 2580 subdito,
1035 2529 1070 2564 in
1098 2529 1234 2573 codice,
1261 2530 1299 2565 in
1324 2531 1446 2576 seip5a.
