1734 2784
691 93 954 124 —121—

105 177 308 222 volumus
352 176 477 220 alicui
525 191 733 235 personae
765 177 790 221 i.
825 193 860 222 e.
894 177 960 221 vel
993 177 1116 221 nobis
1159 177 1226 221 vel
1258 177 1372 222 aliis:
1410 194 1533 223 amor

107 247 427 292 benevolentiae
461 260 524 292 est
550 263 671 291 amor
704 263 930 306 personae,
967 249 1034 292 cui
1067 248 1231 292 bonum
1265 249 1368 293 illud
1401 250 1531 294 volu-

109 335 219 363 muS.
255 320 307 363 Et
334 319 488 363 merito
512 320 573 362 sic
604 331 842 363 vocantur:
876 336 975 363 nam
1009 321 1320 378 concupiscimus
1351 320 1532 379 bonum,

107 404 149 435 et
182 391 277 435 bene
311 391 503 435 volumus
534 407 743 449 personae
772 392 856 451 (Ι).
891 391 1061 450 Duplex
1095 393 1222 435 etiam
1256 392 1533 449 distinguitur

107 463 275 516 odium,
299 463 618 506 abominationis
641 477 680 506 et
706 465 952 508 inimicitiae.
979 465 1103 507 Prius
1127 476 1189 506 est
1224 479 1310 521 quo
1344 464 1533 509 nolnmns

108 535 269 578 malum
312 534 434 578 alicui
470 551 692 593 personae,
727 536 752 579 i,
787 552 821 578 e.
855 536 921 579 vel
954 535 1075 579 nobis
1109 535 1175 579 vel
1208 535 1314 592 aliis,
1349 535 1531 579 alterum

108 619 171 650 est
203 622 289 664 quo
327 606 516 650 volumus
548 605 711 650 malu'm
749 606 874 650 alicui
909 623 1130 666 personae.

224 680 298 722 Est
331 678 409 722 alia
441 692 629 732 actuum,
655 680 726 736 qui
753 679 879 722 eliciti
905 692 1018 736 sunt,
1042 693 1129 722 non
1153 678 1529 736 praetermittenda

106 751 275 795 divisio.
313 752 397 795 Sex
430 751 588 794 scilicet
621 764 739 794 actus
776 751 902 794 eliciti
936 751 1261 809 distinguuntur
1295 750 1343 793 ab
1378 762 1530 793 aucto-

105 823 220 867 ribus
253 823 338 882 (2)‚
372 839 559 882 quorum
593 836 677 866 tres
712 836 934 866 versantur
967 824 1074 866 circa
1106 822 1250 877 finem,
1285 823 1424 866 volitio
1461 824 1528 865 in-

105 897 225 940 tentio
259 896 428 954 fruitio,
471 908 555 939 tres
589 907 732 938 autem
776 895 882 938 circa
930 895 1087 948 media,
1138 896 1266 939 electio
1315 910 1528 939 consensus

103 1086 182 1131 quis
208 1084 284 1120 vult
312 1083 430 1125 alicui,
458 1081 515 1116 vel
554 1082 620 1116 sibi
648 1082 703 1116 vel
732 1082 821 1123 aliis,
850 1090 882 1115 et
910 1082 945 1115 in
974 1081 1073 1123 illud,
1104 1083 1156 1115 cni
1194 1080 1268 1114 vult
1297 1084 1443 1116 bonum.
1472 1081 1527 1116 Ad

106 1143 195 1178 illud
222 1155 308 1190 ergo
336 1144 488 1185 bonum,
517 1142 611 1189 quod
639 1143 718 1189 quis
737 1142 812 1176 vult
840 1141 954 1176 alteri.
973 1141 1122 1176 liabetur
1149 1153 1250 1175 amor
1269 1142 1530 1188 concupiscen—

103 1206 183 1247 tiae,
211 1204 254 1239 ad
281 1203 368 1239 illud
397 1212 529 1246 autern,
557 1203 613 1237 cui
641 1203 766 1249 aliquis
794 1202 868 1237 vult
901 1204 1049 1242 bonum,
1077 1203 1229 1237 habetur
1255 1214 1358 1237 amor
1398 1203 1527 1237 amici-

102 1266 220 1300 tiae.»
249 1265 300 1298 Ita
327 1275 353 1298 s.
382 1263 558 1306 Thomas,
592 1274 618 1297 1.
647 1274 678 1298 2.
710 1275 741 1309 q.
771 1261 824 1296 26.
853 1274 882 1297 a.
910 1273 941 1305 4.
970 1262 1020 1296 Cf.
1051 1274 1102 1301 ea,
1139 1274 1227 1308 quae
1264 1263 1334 1296 iam
1366 1264 1527 1308 superius

105 1325 261 1359 diximus
287 1335 386 1359 num.
414 1334 445 1357 2.
471 1323 514 1358 de
541 1323 610 1358 fine
639 1324 695 1369 qui
722 1332 755 1357 et
782 1323 846 1357 cni.
1572 1316 1574 1319 ’

195 1384 252 1429 (1)
279 1383 327 1419 Ut
354 1382 494 1430 plenius
520 1382 610 1418 haec
645 1382 829 1417 distinctio
857 1382 1087 1428 intelligatur,
1108 1382 1192 1417 haec
1213 1384 1305 1416 iuvat
1333 1382 1462 1417 addere
1483 1394 1525 1417 ex

59 1441 65 1443 s
101 1445 255 1486 Becano,
283 1443 352 1478 loc.
381 1444 439 1477 cit.
468 1453 566 1477 nuni.
597 1451 639 1485 3.:
662 1442 855 1476 «Nomine
876 1442 972 1480 boni,
994 1442 1087 1488 quod
1107 1453 1270 1476 amamus
1289 1453 1413 1476 amore
1434 1453 1524 1476 con-

102 1503 356 1549 cupiscentiae,
387 1514 461 1537 non
501 1503 621 1538 solum
662 1502 873 1547 intelligitur
911 1503 1047 1536 bonum
1087 1502 1231 1548 aliquod
1272 1502 1478 1536 distinctum
1507 1514 1525 1536 a

100 1574 268 1609 persona,
295 1562 356 1597 sed
385 1562 493 1597 etiarn
516 1568 661 1609 persona
689 1562 773 1608 ipsa,
793 1570 967 1607 quatenus
987 1561 1091 1595 alicui
1111 1562 1205 1594 bona
1226 1572 1286 1595 sen
1306 1561 1525 1595 conveniens

100 1631 164 1657 est.
195 1623 237 1657 V.
268 1635 301 1669 g.
329 1634 404 1657 non
430 1622 549 1657 solum
579 1622 872 1668 concupiscimus
900 1624 1080 1664 virtutem,
1100 1621 1314 1663 doctrinam,
1334 1621 1525 1665 honorem,

98 1682 252 1725 divitias,
281 1694 370 1730 quae
397 1692 478 1717 sunt
506 1683 611 1717 nobis
639 1683 746 1725 bona,
775 1682 834 1716 sed
863 1683 969 1716 etiam
1010 1683 1139 1723 Deum,
1168 1682 1225 1727 qui
1261 1691 1312 1716 est
1341 1693 1524 1715 summum

99 1750 262 1776 nostrum
279 1742 428 1776 bonum.
444 1742 552 1777 Unde
572 1743 740 1789 sequitur.
757 1743 876 1777 Deum
896 1742 1086 1787 dupliciter
1100 1741 1251 1786 spectari
1269 1752 1373 1787 posse
1398 1745 1442 1775 1⁰.
1462 1753 1525 1787 per

99 1801 250 1836 modum
279 1813 467 1848 personae,
496 1803 550 1836 cui
576 1801 746 1835 volumus
773 1802 921 1843 bonum,
952 1807 1001 1835 2⁴0
1027 1813 1088 1847 per
1127 1801 1277 1835 modum
1315 1802 1412 1843 boni,
1440 1800 1524 1848 quod

99 1860 202 1895 nobis
230 1860 287 1895 vel
313 1861 413 1895 alteri
440 1861 618 1895 volumus.
648 1862 726 1895 Hoc
755 1872 860 1895 sensu
889 1861 1111 1906 distinguunt
1130 1860 1313 1907 Tlieologi
1342 1861 1523 1906 duplicem

99 1931 261 1955 amorem
289 1920 381 1955 circa
408 1922 541 1961 Deum,
572 1932 683 1954 unum
711 1920 971 1956 lwnevolaentiaa.
995 1932 1063 1966 quo
1093 1921 1262 1954 volumus
1290 1920 1339 1954 illi
1369 1921 1520 1963 bonum,

98 1979 251 2014 alterum
278 1981 571 2027 concupiscentiae,
600 1992 668 2026 quo
710 1980 811 2013 illum
852 1980 955 2014 nobis
983 1980 1288 2024 concupiscimus.
1332 1981 1370 2014 In
1413 1981 1522 2025 priori

97 2039 206 2074 habet
232 2052 270 2075 se
296 2050 332 2075 nt
354 2052 515 2086 persona,
535 2041 588 2074 cui
619 2042 710 2074 bene
730 2040 912 2081 volumus,
936 2040 969 2074 in
992 2040 1193 2085 posteriori,
1213 2049 1249 2074 ut
1269 2040 1405 2081 bonnm,
1427 2040 1521 2086 quod

98 2100 440 2145 concupiscimus.»
470 2101 521 2134 Ex
549 2101 604 2134 his
632 2099 747 2133 lucem
777 2099 966 2133 clariorem
998 2099 1183 2144 acquirunt
1211 2112 1265 2141 ea,
1308 2110 1396 2145 quae
1428 2099 1521 2133 dixi-

98 2170 177 2194 mus
204 2171 300 2195 num.
331 2170 386 2203 24.
418 2171 497 2205 pag.
527 2159 585 2196 66.

192 2219 249 2264 (2)
275 2219 310 2254 S.
339 2219 514 2261 Thomas,
548 2230 574 2253 1.
596 2229 625 2253 2.
654 2232 685 2266 q.
713 2220 744 2253 8.
773 2228 853 2253 ante
882 2219 990 2261 artie,
1017 2218 1105 2253 haec
1134 2219 1253 2253 habet:
1289 2220 1431 2253 «Actus
1458 2230 1521 2253 vo-

94 2277 240 2314 luntatis
267 2279 302 2313 in
330 2279 439 2314 finem
468 2279 632 2313 videntur
659 2290 735 2313 esse
763 2287 843 2319 tres,
871 2279 1004 2313 scilicet
1031 2279 1127 2321 velle,
1151 2278 1229 2323 [ναί
1257 2288 1288 2313 et
1318 2277 1520 2313 intendere.»

93 2337 148 2373 De
174 2338 287 2374 tribus
314 2338 412 2374 hisce
438 2340 578 2374 actibus
615 2340 689 2384 agit
728 2351 753 2373 s.
781 2340 920 2374 Doctor
960 2351 989 2373 a.
1019 2349 1153 2385 quaest.
1184 2339 1217 2373 8.
1248 2338 1289 2372 ad
1324 2344 1395 2372 12¹⁰.
1424 2338 1520 2373 Tum

93 2409 179 2432 vero
207 2399 242 2432 in
270 2409 406 2445 quaest.
440 2408 489 2442 13.
517 2409 598 2434 ante
625 2399 724 2434 artic.
753 2399 800 2434 ita
829 2400 955 2444 pergit:
996 2413 1012 2430 «
1045 2400 1319 2445 Consequcnter
1345 2398 1513 2433 conside-

95 2457 243 2492 randum
273 2468 325 2494 est
354 2459 396 2493 de
424 2459 560 2493 actibus
587 2459 796 2496 voluntatis,
834 2460 889 2505 qui
919 2468 998 2493 sunt
1029 2460 1061 2492 in
1091 2458 1364 2504 comparatione
1392 2458 1433 2491 ad
1462 2470 1516 2500 ea,

36 2552 40 2555 ,
97 2527 187 2562 quae
228 2526 309 2552 sunt
338 2517 379 2551 ad
420 2517 541 2555 finem,
570 2527 602 2552 et
630 2528 711 2553 sunt
739 2528 820 2560 tres,
848 2519 979 2563 eligere,
1007 2520 1191 2553 consentire
1219 2527 1251 2552 et
1279 2518 1341 2551 nli:
1371 2517 1520 2552 electio-

93 2585 178 2610 nem
205 2577 386 2621 praecedit
414 2578 599 2612 consilinm.
626 2594 641 2608 »
673 2579 713 2613 Et
742 2577 784 2613 de
811 2578 865 2613 his
892 2579 964 2625 agit
994 2590 1011 2612 21
1041 2587 1174 2625 quaest.
1208 2586 1256 2621 13.
1286 2577 1327 2612 ad
1351 2578 1425 2612 16¹⁰.
