1734 2784
771 109 1034 163 —408—‘-

314 207 353 264 χ)
388 208 443 250 Ut
477 206 571 263 quis
604 206 703 249 licite
727 216 856 263 ponat
884 204 948 247 vel
974 204 1144 247 omittat
1168 203 1354 261 aliquam
1381 205 1610 262 actionem,

190 278 310 322 debet
344 294 434 321 esse
470 277 686 320 moraliter
730 290 884 333 certus,
916 277 1128 320 actionem
1177 275 1306 334 illam,
1357 291 1485 334 quam
1519 275 1608 320 vult

189 366 362 407 ponere,
395 365 480 392 non
516 365 606 393 esse
631 348 847 392 obiectum
877 349 980 406 legis
1005 348 1181 392 alicuius
1203 347 1467 406 prohibentis,
1487 349 1607 392 item-

190 438 271 479 que
304 422 517 464 actionem
551 421 681 478 illam,
715 437 841 479 quam
878 420 966 464 vult
1005 421 1217 474 omittere,
1242 437 1328 464 non
1363 437 1454 464 esse
1488 420 1609 464 obie-

191 506 304 536 ctum
339 493 442 549 legis
477 493 651 536 alicuius
679 495 961 552 praecipientis
994 493 1080 552 (1):
1113 509 1218 551 quae
1262 492 1437 537 moralis
1482 495 1609 537 certi-

189 565 294 608 tudo
328 564 542 608 obtinetur
575 580 648 623 per
682 581 809 608 usum
848 565 1009 609 debitae
1054 566 1358 624 inquisitionis.
1392 590 1448 600 —-
1481 565 1533 609 Et
1566 581 1609 609 re

189 634 362 694 quidem
386 651 484 678 vera
516 636 587 694 qui
612 648 729 694 putat
748 648 817 679 aut
840 638 1023 691 coniicit,
1048 653 1092 680 se
1111 638 1308 695 ignorare
1332 636 1521 695 aliquam
1545 637 1607 680 le-

190 724 304 764 gem,
325 724 450 765 quam
484 709 772 765 ignorantiam
807 710 942 766 possit
977 711 1010 752 si
1044 708 1142 752 velit
1169 708 1400 767 deponere,
1426 721 1465 752 et
1492 708 1607 752 nihi-

191 780 378 822 lominus
422 779 613 837 procedit
660 780 709 824 ad
744 797 868 839 opus,
911 780 1023 824 nulla
1061 780 1245 825 adhibita
1292 780 1511 838 diligentia
1553 780 1605 825 ad

191 868 282 895 eam
317 852 613 910 deponendam
647 865 716 895 aut
750 869 837 896 non
871 853 1054 897 adhibita
1109 853 1334 897 sufficienti
1378 852 1608 911 diligentia,

285 1099 341 1143 (1)
370 1100 462 1144 Apte
481 1098 634 1139 Tullius,
653 1098 694 1133 de
714 1097 776 1132 off.
798 1098 820 1133 l.
846 1109 873 1133 1.
895 1110 921 1132 c.
941 1109 986 1144 9.:
1009 1099 1134 1132 «Bene
1153 1098 1387 1144 praecipiunt,
1405 1098 1464 1146 qui
1487 1108 1608 1135 vetant

190 1157 384 1203 quidquam
411 1170 528 1203 agere,
558 1158 653 1204 quod
681 1158 820 1192 dubites
840 1170 994 1205 aequum
1013 1158 1056 1193 sit
1076 1169 1120 1192 an
1142 1158 1315 1204 iniquum.
1332 1172 1349 1191 n
1380 1157 1491 1202 Quod
1510 1158 1608 1194 Ton—

192 1217 321 1263 giorgi,
337 1217 416 1251 Eth.
446 1218 532 1263 Cap.
560 1219 620 1252 IV.
648 1230 746 1252 num.
774 1217 933 1263 236„sic
962 1218 1125 1264 explicat:
1157 1218 1308 1264 «Agere
1335 1230 1417 1252 cum
1438 1218 1544 1254 dubio
1565 1219 1607 1255 de

190 1276 380 1311 honestate
407 1277 562 1310 actionis
590 1276 752 1312 illicitum
785 1285 847 1311 est.
875 1277 949 1318 Qui
976 1277 1073 1311 enim
1102 1289 1183 1311 cum
1211 1277 1280 1311 hoc
1308 1277 1418 1312 dubio
1445 1278 1533 1324 agit,
1562 1279 1609 1313 ita

190 1346 418 1381 comparatus
445 1336 568 1370 animo
596 1346 658 1378 est,
687 1347 722 1372 ut
750 1337 825 1371 sive
850 1337 944 1371 actio
972 1337 1123 1372 honesta
1151 1338 1195 1372 sit
1224 1338 1297 1372 sive
1324 1349 1445 1383 prava,
1473 1350 1609 1384 ponere

192 1395 289 1429 illam
317 1395 410 1430 velit.
437 1396 506 1430 Sed
536 1397 592 1442 qui
620 1396 728 1431 talem
757 1397 916 1430 animum
944 1397 1049 1442 gerit,
1070 1396 1295 1431 voluntatem
1321 1395 1429 1432 habet
1457 1397 1498 1431 ad
1528 1409 1610 1443 pec-

191 1455 344 1489 candum
372 1464 531 1500 paratam
559 1467 597 1490 ac
627 1465 849 1501 promptam,
880 1465 914 1490 et
942 1467 1023 1490 cum
1064 1456 1126 1491 tali
1151 1455 1337 1491 voluntate
1364 1456 1399 1490 in
1437 1457 1609 1503 peccandi

191 1515 388 1560 periculum
414 1523 549 1549 temere
577 1526 613 1549 se
641 1516 798 1549 coniicit.
820 1515 1036 1549 Huiusmodi
1055 1526 1140 1549 vero
1160 1514 1290 1561 agendi
1311 1515 1440 1550 modus
1459 1516 1610 1551 omnino

192 1586 319 1620 pravus
347 1584 408 1609 est.
435 1576 611 1621 Ergo.»—
628 1576 724 1609 Deus
752 1575 977 1610 voluntatem
1004 1583 1163 1619 paratam
1185 1583 1218 1609 et
1246 1584 1452 1621 promptam
1472 1575 1515 1609 ad
1534 1575 1609 1610 eius

192 1634 375 1679 implenda
395 1644 582 1680 praecepta
598 1643 735 1680 reputat
753 1647 817 1680 pro
839 1636 915 1680 ipso
936 1632 1044 1668 facto:
1063 1634 1155 1675 hinc,
1177 1643 1212 1668 ut
1235 1633 1364 1680 legitur
1385 1634 1473 1669 Gen.
1493 1635 1609 1670 XXII.

197 1692 260 1733 16,
281 1693 457 1736 Abrahae,
474 1694 531 1739 qui
550 1702 690 1728 tantum
719 1693 832 1728 voluit
852 1692 1041 1727 immolare
1070 1692 1181 1727 filium
1203 1694 1308 1735 Isaac,
1329 1693 1428 1736 dixit,
1448 1693 1541 1738 Quia
1554 1693 1608 1739 fe-

192 1753 266 1787 cisti
291 1753 375 1788 hanc
403 1764 469 1787 rem
491 1759 525 1787 et
543 1764 609 1787 non
624 1754 809 1800 pepercisti
827 1752 903 1798 filio
929 1757 1019 1787 tua..
1046 1753 1237 1788 benedicam
1260 1754 1329 1788 tibi.
1351 1754 1523 1789 Similiter
1549 1765 1611 1789 vo-

193 1813 370 1848 luntatem
403 1823 610 1859 promptam
639 1823 671 1848 et
699 1822 859 1859 paratam
890 1813 933 1847 ad
961 1813 1080 1859 legem
1120 1813 1329 1848 violandam
1369 1814 1466 1848 Deus
1503 1813 1610 1849 habet

193 1883 258 1918 pro
286 1873 362 1918 ipso
392 1872 499 1907 facto:
520 1873 604 1907 hinc
632 1872 804 1915 Christus,
823 1872 948 1908 Matth.
969 1873 1011 1907 V.
1031 1872 1099 1914 28.,
1120 1874 1182 1915 ait,
1206 1874 1276 1917 Qui
1294 1873 1420 1908 viderit
1438 1871 1610 1908 mulierem

194 1932 236 1965 ad
267 1933 565 1979 mancupisccmlum
592 1944 678 1975 eam,
706 1933 775 1966 iam
803 1933 989 1967 moechatus
1016 1938 1061 1967 est
1088 1943 1159 1967 eam
1187 1933 1222 1966 in
1248 1933 1344 1967 corde
1370 1944 1437 1967 suo.
1464 1932 1609 1967 Scilicet

194 2002 229 2026 ut
255 1991 414 2026 formalis
442 1993 585 2028 bonitas
613 1993 767 2027 actionis
785 1993 976 2033 humanae,
991 1994 1037 2027 ita
1064 1994 1212 2028 moralis
1241 1993 1377 2028 malitia
1397 1991 1557 2027 formalis
1577 2002 1610 2028 et

193 2053 345 2098 propria,
374 2064 461 2098 quae
489 2053 678 2087 hominem
706 2052 842 2087 malum
870 2062 903 2088 et
930 2062 1144 2098 peccantem
1164 2054 1362 2095 constituit,
1384 2061 1458 2088 tota
1486 2061 1534 2088 est
1559 2054 1609 2088 in—

193 2112 345 2147 trinsece
373 2113 406 2147 in
436 2114 596 2148 interiori
623 2122 700 2148 actu
728 2114 922 2149 voluntatis
951 2114 1094 2160 eiusque
1122 2113 1330 2148 habitudine
1357 2114 1398 2147 ad
1426 2113 1554 2159 legem,
1574 2115 1608 2148 in

194 2173 430 2207 exterioribus
456 2185 540 2208 vero
568 2174 706 2208 actibus
734 2175 853 2209 solum
884 2182 934 2208 est
964 2184 1030 2219 per
1071 2174 1406 2208 denominationem
1442 2174 1612 2208 extrinse-

196 2243 337 2265 cam.—
356 2233 433 2266 Huc
459 2231 539 2267 facit
568 2231 611 2274 id,
640 2232 734 2279 quod
762 2242 926 2268 auctores
957 2232 1101 2273 docent,
1130 2242 1251 2267 actum
1279 2242 1465 2267 externum
1488 2239 1551 2279 per
1580 2245 1610 2268 se

195 2302 267 2324 non
297 2291 424 2326 addere
463 2292 706 2327 moralitatem
748 2293 839 2328 actui
882 2293 1037 2334 interno,
1079 2292 1143 2326 etsi
1182 2299 1243 2338 per
1269 2292 1416 2327 accidens
1454 2292 1610 2338 plerum-

193 2362 261 2396 que
288 2362 415 2397 augeat
441 2353 515 2386 eius
543 2352 798 2394 moralitatem,
815 2366 844 2386 e.
865 2364 898 2398 g.
925 2360 1073 2398 propter
1091 2352 1225 2386 bonam
1245 2351 1534 2386 aedificationem
1554 2351 1609 2386 vel

194 2410 401 2444 scandalum
431 2423 471 2445 ex
499 2422 606 2457 opere
646 2420 794 2446 externo
834 2422 1075 2457 consequens,
1105 2410 1162 2444 vel
1201 2411 1282 2456 quia
1308 2419 1407 2445 actus
1445 2419 1609 2445 externus

195 2478 339 2513 propter
367 2481 465 2503 suam
494 2470 705 2505 arduitatem
734 2479 785 2504 est
815 2470 971 2507 occasio,
989 2481 1050 2504 cur
1076 2470 1253 2504 intensior
1280 2470 1404 2504 evadat
1431 2469 1486 2503 vel
1525 2481 1608 2514 pro-

195 2528 353 2562 trahatur
380 2538 476 2563 actus
505 2530 663 2563 internus
691 2540 755 2564 etc.
785 2531 866 2573 Qua
895 2530 937 2564 de
965 2528 1000 2564 re
1028 2529 1073 2563 cs.
1100 2529 1300 2571 Suare2,de
1326 2529 1515 2563 humanor.
1543 2538 1607 2563 atet.

197 2588 310 2622 bonit.
341 2587 427 2633 disp.
455 2590 499 2623 X.
532 2598 614 2623 sect.
648 2600 673 2623 1.
702 2600 776 2635 sqq.
