1734 2784
689 121 941 161 .--9-—-

107 196 263 258 *goras*
286 203 372 259 (1):
403 217 425 257 (ς
446 201 566 243 Deus
599 214 687 243 non
734 199 890 243 frustra
936 199 1159 243 hominem
1195 200 1323 255 (idem
1376 200 1442 244 dic
1491 199 1542 245 de

127 275 277 316 ceteris
310 272 530 328 creaturis)
562 270 688 316 fecit:
722 283 785 315 est
818 272 933 315 enim
967 272 1155 330 sapiens,
1184 271 1350 315 nullum
1400 285 1541 316 autem

115 345 357 402 *sapientiae
390 359 499 401 opus
534 343 684 387 inutile
708 361 747 387 >›.

244 416 296 458 II.
330 415 412 458 Hic
432 413 535 473 finis
566 416 702 473 nequit
729 430 815 484 gaon
848 431 922 458 csse
947 417 1032 459 Deo
1055 415 1210 473 dignus.
1238 441 1293 449 —
1316 417 1428 460 Nam
1462 417 1544 473 ille,

107 486 201 545 vqui
232 486 320 543 agit
351 485 681 543 sapientissime,
715 488 863 544 nequit
897 502 1025 544 opera
1057 502 1132 529 sua
1164 501 1250 530 non
1274 486 1469 530 ordinare
1493 488 1543 531 ad

125 556 252 601 finem
286 552 331 601 se
363 556 558 614 dignum:
579 559 842 616 contrarium
863 559 977 602 enim
997 557 1106 602 foret
1130 559 1375 618 imperfecte
1399 575 1540 616 agere,

126 628 243 688 quod
274 629 317 672 in
349 641 500 687 agente
548 630 864 688 sapientissimo
913 646 1003 673 esse
1051 632 1211 688 nequit.
1255 633 1387 690 Atqui
1425 632 1542 674 Deus

123 700 211 758 agit
243 700 570 759 sapientissime.
605 702 719 758 Ergo
754 703 872 745 Deus
923 717 1053 759 opera
1100 717 1173 745 sua
1222 702 1272 746 ad
1320 703 1451 747 finem
1500 720 1544 747 se

124 771 306 829 dignum
339 770 517 816 ordinat.
545 771 751 816 «Omnia
785 773 827 815 in
861 773 1064 831 sapientia
1096 771 1268 816 fecisti»
1294 775 1378 833 (2).

159 894 161 896 ,
242 843 316 887 ΙΙΙ.
352 842 397 886 Si
428 842 473 886 de
505 842 691 887 omnibns
725 843 848 888 huius
881 844 1024 887 mnndi
1070 848 1268 889 creaturis
1310 846 1351 889 id
1396 861 1542 890 vertam

122 924 190 967 est,
224 913 389 973 speciali
422 915 578 958 ratione
612 915 721 958 valet
754 915 798 958 de
832 916 999 959 bonisne.
1026 943 1077 948 —-
1102 917 1212 960 Nam
1247 918 1445 975 sapientis
1480 931 1543 960 est

123 984 288 1044 opificis
326 984 378 1029 ad
426 984 555 1029 finem
602 1002 678 1029 sua
720 987 923 1044 sapientia
971 987 1149 1044 dignum
1193 988 1388 1031 ordinare
1437 988 1539 1031 illud

122 1058 376 1116 praesertim
425 1073 560 1115 opus,
594 1057 712 1116 quod
761 1059 957 1101 omnium
1012 1060 1064 1101 sit
1111 1060 1538 1117 praestantissimum.

118 1129 250 1187 Atqui
283 1130 403 1173 Deus
435 1141 498 1173 est
521 1128 665 1187 opifex
687 1130 885 1172 omnium
905 1131 1258 1187 sapientissimus:
1280 1130 1413 1173 homo
1438 1147 1538 1174 vero

118 1214 182 1245 est
213 1200 532 1244 nobilissimum
566 1201 789 1244 creationis
813 1217 920 1258 opus
946 1202 1055 1244 inter
1077 1201 1268 1245 visibilia.
1288 1203 1401 1259 Ergo
1421 1203 1537 1244 Deus

119 1272 345 1316 hominem
378 1273 627 1330 praesertim
662 1272 830 1315 ordinat
862 1272 912 1315 ad
935 1272 1062 1315 finem
1087 1288 1130 1315 56
1150 1289 1308 1331 suaque
1333 1274 1536 1331 sapientia

120 1342 315 1401 dignum.
348 1344 486 1387 Porro
519 1339 636 1402 quod
670 1345 713 1387 in
747 1343 877 1386 altero
904 1345 1081 1387 minoris
1108 1344 1537 1397 membroasseritur,

119 1414 344 1459 hominem
366 1431 459 1459 esse
485 1415 806 1459 nobilissimum
832 1417 1057 1459 creationis
1082 1432 1191 1474 opus
1216 1418 1322 1460 inter
1342 1416 1536 1474 visibilia,

119 1485 161 1530 id
194 1499 308 1545 patet
338 1486 518 1532 absolute
552 1486 727 1546 quidem
760 1504 810 1531 ex
843 1488 1030 1545 inspecta
1064 1488 1251 1531 hominis
1286 1502 1445 1542 natura,
1480 1506 1540 1532 re-

119 1558 242 1602 lative
275 1570 416 1602 autem
449 1575 499 1602 ex
531 1559 725 1603 instituta
761 1560 1079 1617 comparatione
1114 1561 1219 1603 inter
1253 1561 1392 1618 ipsum
1430 1573 1538 1603 cete-

118 1645 270 1688 rasque
302 1629 429 1674 huius
462 1630 613 1674 mundi
649 1643 872 1675 creaturas,
894 1632 943 1674 Et
977 1648 1075 1674 sane
1110 1648 1206 1674 cum
1232 1632 1366 1675 homo
1399 1633 1537 1675 varios

117 1700 309 1756 aliarum,
343 1718 450 1760 quae
485 1701 566 1745 hoc
614 1703 656 1744 in
695 1703 858 1746 mundo
893 1716 1008 1756 sunt,
1045 1716 1331 1746 creaturarum
1381 1703 1536 1761 gradus

118 1772 161 1816 in
195 1788 238 1816 se
273 1772 437 1835 habeat,
470 1775 739 1819 existentiam
781 1791 936 1833 nempe
968 1776 1097 1818 vitam
1146 1788 1186 1818 et
1233 1791 1422 1829 sensum,
1471 1792 1538 1820 eas

117 1844 245 1903 longe
279 1846 494 1904 praecellit
527 1848 571 1890 in
605 1847 702 1903 hoc,
738 1848 855 1906 quod
900 1847 1030 1907 pollet
1077 1849 1117 1890 vi
1162 1848 1436 1905 intelligendi.
1471 1848 1538 1893 Ad

211 2047 262 2092 (1)
288 2047 344 2082 De
371 2054 557 2080 resurrect.
587 2054 696 2081 mort.
723 2058 749 2080 c.
786 2056 836 2080 12.
864 2045 1040 2092 Apposite
1068 2046 1177 2080 etiam
1198 2045 1367 2081 Palmieri
1388 2046 1429 2080 de
1457 2047 1536 2083 Deo

117 2115 261 2142 creante
287 2107 376 2142 thes.
403 2107 460 2141 X:
494 2119 512 2138 «
538 2106 720 2148 Quamvis
746 2106 913 2140 voluntas
933 2106 1052 2140 divina
1071 2105 1210 2140 nullam
1229 2118 1371 2140 causam
1398 2106 1536 2143 habeat„

115 2175 275 2202 attamen
303 2167 476 2214 quoniam
507 2165 774 2200 rationabiliter
801 2166 888 2212 agit,
918 2175 1064 2200 necesse
1093 2174 1145 2199 cst
1173 2174 1209 2199 ut
1237 2164 1423 2199 effectibus
1466 2165 1538 2198 suis

116 2226 226 2261 finem
254 2225 475 2273 praestimat,
503 2225 546 2260 ad
574 2236 728 2272 eumque
748 2225 844 2271 ipsos
872 2225 1026 2267 ordinet,
1054 2225 1210 2271 velitque
1237 2224 1370 2258 idcirco
1390 2224 1536 2258 elic-ctus

116 2296 202 2321 suos
240 2297 317 2321 esse
344 2295 491 2332 propter
529 2286 684 2331 aliquem
712 2285 834 2319 finem.
871 2284 1091 2320 Eorumdem
1119 2294 1302 2330 praeterea
1344 2284 1534 2318 effectuum

116 2354 242 2381 natura
269 2345 354 2382 talis
381 2355 445 2387 cst,
474 2354 507 2380 ut
537 2354 686 2391 propter
711 2345 866 2392 aliquem
896 2344 1016 2386 linem,
1045 2346 1101 2391 qui
1134 2356 1207 2379 non
1236 2345 1278 2378 sit
1308 2345 1379 2389 ipsa
1411 2354 1535 2376 eorum

112 2405 188 2440 sola
215 2407 369 2440 essentia
396 2414 456 2440 aut
485 2414 619 2447 natura,
648 2405 801 2439 existere
840 2405 1007 2439 debcant:
1040 2413 1120 2439 sunt
1149 2405 1246 2438 euim
1275 2404 1369 2437 entia
1411 2403 1441 2435 iu
1473 2414 1534 2448 po<

114 2464 225 2498 tentia
251 2463 294 2498 ad
321 2463 428 2502 aliud,
456 2472 539 2509 puta
567 2463 609 2497 ad
638 2464 886 2509 operatione-111
915 2472 972 2497 aut
1002 2463 1083 2509 quid
1114 2462 1240 2497 simile:
1283 2462 1434 2506 itit-oque
1469 2473 1534 2493 ue-

115 2523 187 2570 quit
214 2534 339 2558 eorum
367 2532 492 2557 auctor
521 2523 563 2556 ad
594 2532 733 2558 certum
764 2523 871 2557 linem
901 2535 962 2558 eos
993 2534 1066 2557 nou
1096 2523 1272 2557 ordinare.
1301 2541 1316 2551 ,ι

212 2583 264 2628 (2)
292 2584 345 2619 Ps.
378 2582 527 2618 CXXII.
556 2595 586 2616 v.
617 2591 670 2625 25.
