1734 2784
196 215 277 257 hoc
311 213 368 255 illi
403 211 554 255 indidit
588 212 886 269 incorruptum
912 211 1134 268 iudicium,
1158 227 1313 270 nempe
1339 214 1620 258 uniuscuius-

197 302 278 344 que
310 299 436 327 suum
471 284 756 326 conscientiae
791 283 1012 326 calculum.
1048 283 1217 327 Iudaeis
1252 297 1392 327 autem
1417 285 1500 329 hoc
1522 302 1621 344 pro-

195 357 355 400 curavit
387 355 612 410 exhnium,
664 366 709 397 ut
744 370 850 413 quae
900 368 1019 398 erant
1067 356 1176 398 iusta
1224 372 1270 399 ac
1313 355 1503 413 legitima
1541 373 1617 415 per

194 428 350 484 scripta
382 437 705 483 cognoscerent.
757 426 808 468 Et
841 425 937 469 ideo
987 442 1075 469 non
1110 425 1214 469 dixit
1263 426 1369 484 ipse,
1416 443 1496 471 non
1520 427 1622 486 fecit

195 500 236 541 in
269 498 379 542 omni
404 506 532 554 gente,
565 495 638 539 sed
673 511 759 539 non
793 495 906 548 fecit,
943 497 1094 540 taliter.
1134 498 1230 539 Hoc
1269 510 1347 550 est,
1383 513 1471 541 non
1504 499 1621 542 misit

195 571 253 613 eis
286 569 461 623 tabulas,
496 583 582 611 non
617 569 784 626 scripta,
818 583 904 611 non
955 569 1139 626 Moysen
1189 568 1498 628 legislatorem,
1531 585 1620 614 non

194 640 271 684 alia
305 656 412 698 quae
445 639 615 682 fuerunt
650 640 692 682 in
727 652 873 682 monte
908 640 1020 693 Sina,
1055 639 1128 682 sed
1167 639 1311 682 Iudaei
1355 639 1436 683 soli
1485 656 1618 698 pecu-

193 711 281 754 liari
315 710 503 768 quodam
537 709 762 767 privilegio
799 709 900 752 haec
935 711 1081 752 omnia
1130 711 1349 753 consecuti
1399 724 1510 755 sunt:
1547 728 1617 756 ve-

194 798 289 825 rum
323 783 518 825 universa
550 793 698 824 natura
732 780 919 823 humana
967 780 1110 823 habuit
1159 781 1441 825 sufficientem
1476 782 1617 841 legem

195 854 534 897 conscientiae...
569 854 620 896 Et
653 851 749 896 ideo
783 851 928 895 Iudaei
964 853 1081 909 digni
1105 865 1203 895 sunt
1227 854 1379 896 maiori
1413 853 1615 898 condem-

195 927 382 982 natione,
416 924 534 983 quod
568 939 666 968 cum
701 939 781 967 una
815 940 912 967 cum
947 924 1041 981 lege
1070 924 1246 967 naturali
1271 926 1473 982 scriptam
1507 941 1617 984 quo-

192 1013 274 1055 que
307 996 449 1055 legem
481 996 735 1054 acceperint,
783 1007 871 1038 tam
919 995 1117 1038 scelerate
1166 1009 1205 1038 et
1239 1008 1324 1039 tam
1360 995 1520 1040 nefarie
1571 1012 1614 1040 se

194 1079 432 1126 gesserunt.
467 1065 769 1120 Quamobrem
803 1082 1011 1123 magnum
1046 1068 1127 1110 Dei
1161 1065 1416 1110 beneficium
1449 1068 1508 1110 eis
1541 1083 1614 1111 ne-

192 1138 451 1196 gligentibus
485 1138 616 1181 evasit
649 1138 817 1180 occasio
850 1138 1025 1180 maioris
1060 1137 1488 1181 condemnationis.»

312 1212 353 1254 S.
374 1212 617 1254 ANSELMUS
638 1209 781 1253 CANT.
808 1208 878 1267 (1)
900 1209 1113 1265 duplicem
1135 1209 1359 1266 distinguit
1379 1210 1612 1252 institutio-

190 1298 289 1325 nem
323 1281 511 1325 divinam
538 1315 549 1333 ,
582 1280 819 1323 naturalem
853 1292 893 1323 et
927 1280 1304 1337 supernaturalem.
1337 1298 1356 1321 «
1390 1280 1611 1323 Institutio

191 1353 330 1397 divina
353 1353 434 1396 Dei
465 1351 662 1396 voluntas
695 1368 783 1395 non
816 1353 1051 1409 improprie
1085 1351 1329 1409 appellatur.
1363 1353 1444 1395 Dei
1467 1364 1611 1395 autem

190 1424 403 1467 institutio
422 1424 465 1466 in
484 1423 571 1466 duo
591 1421 721 1466 dividi
742 1435 895 1480 potest,
914 1423 954 1464 in
974 1434 1195 1480 praecepta
1229 1422 1469 1465 divinarum
1503 1423 1613 1465 scri—

190 1508 411 1553 pturarum
425 1507 466 1538 et
480 1496 523 1537 in
541 1494 681 1551 legem
701 1493 948 1537 naturalem.
967 1495 1281 1551 Quaecumque
1300 1493 1468 1537 homini
1487 1494 1611 1537 insita

187 1579 251 1609 est
283 1565 497 1609 naturalis:
532 1581 639 1623 quae
673 1577 752 1618 est,
798 1565 903 1623 quod
937 1564 1011 1608 tibi
1033 1565 1130 1623 fieri
1172 1565 1364 1617 nolueris,
1411 1564 1532 1608 alteri
1562 1580 1609 1607 ne

176 1637 333 1694 feceris,
355 1637 439 1680 Cui
472 1637 732 1694 quicumque
758 1634 915 1688 obviat,
940 1636 1020 1678 Dei
1043 1635 1309 1678 voluntatem
1344 1651 1432 1678 non
1456 1646 1607 1678 servat.

189 1708 413 1765 Praecepta
446 1707 573 1750 etiam
608 1705 848 1749 divinarum
883 1706 1201 1763 Scripturarum
1236 1705 1308 1764 (ab
1338 1705 1406 1748 illa
1428 1704 1608 1748 naturali

184 1777 278 1836 lege
327 1777 674 1821 contradistincta
718 1776 784 1820 lex
827 1775 1018 1834 profecto
1068 1775 1397 1834 supernaturalis
1449 1774 1533 1833 est)
1567 1787 1608 1818 et

184 1861 320 1892 rectae
355 1848 675 1892 observationes
725 1848 1001 1891 ecclesiarum
1044 1847 1241 1890 voluntas
1278 1848 1359 1890 Dei
1394 1863 1482 1890 non
1515 1847 1605 1889 im-

185 1920 340 1963 merito
373 1919 654 1978 appellantur,
690 1919 844 1977 quibus
894 1919 1154 1976 quicumque
1205 1917 1473 1961 deservanter
1515 1931 1603 1959 non

184 1991 426 2049 acquiescit,
461 2006 482 2033 a
515 1991 596 2034 Dei
629 1989 846 2033 voluntate
881 1989 1048 2032 deviare
1081 1989 1250 2046 penitus
1275 1988 1443 2041 dicitur,
1468 2003 1602 2044 quum

181 2074 326 2105 tamen
357 2060 405 2105 ab
440 2060 590 2104 ordine
614 2061 914 2118 praescientiae
940 2061 1029 2102 eius
1053 2058 1291 2102 nullatenus
1316 2057 1448 2101 valeat
1473 2072 1602 2100 exor-

184 2132 331 2176 bitare.
364 2151 386 2172 »

300 2204 343 2248 S.
361 2205 654 2247 AUGUSTmus
673 2202 744 2261 (2)
767 2202 835 2245 ait:
863 2220 882 2242 α
905 2203 1084 2244 Furtum
1119 2213 1228 2244 certe
1263 2200 1385 2258 punit
1418 2198 1484 2243 lex
1515 2210 1600 2255 tua,

275 2424 332 2468 (1)
360 2423 414 2457 De
439 2423 578 2458 volunt.
605 2422 674 2458 Dei
703 2433 731 2457 c.
759 2431 790 2456 2.
818 2422 873 2457 De
899 2422 1027 2456 eadem
1054 2428 1202 2454 naturae
1229 2419 1310 2465 lege
1329 2417 1372 2453 cf.
1390 2415 1539 2462 Didyrn.
1562 2414 1599 2449 in

180 2494 233 2529 ps.
259 2483 515 2528 XXXV1.‚ap.
541 2482 614 2517 Mai
640 2482 684 2517 N.
710 2483 779 2517 ΡΡ.
805 2482 846 2517 B.
875 2490 899 2516 t.
927 2481 990 2516 ΙΙΙ.
1019 2492 1053 2526 p.
1081 2489 1160 2523 215.
1187 2478 1255 2513 col.
1283 2488 1314 2512 2.

274 2542 331 2585 (2)
360 2540 529 2581 Confess,
556 2541 579 2575 l.
606 2541 649 2575 11.
678 2552 706 2575 c.
733 2550 767 2582 4.
797 2540 893 2575 Tum
920 2539 1037 2586 pergit
1065 2537 1274 2573 confitendo
1300 2535 1434 2571 furtum
1461 2543 1596 2579 pomo-

179 2610 258 2634 rum
286 2611 305 2633 a
343 2611 380 2634 se
418 2599 533 2634 adhuc
572 2598 801 2633 adolescente
828 2606 1074 2643 perpetratum
1116 2595 1249 2630 «nulla
1287 2593 1478 2641 compulso
1511 2603 1598 2638 ege-
