1734 2784
775 124 975 165 -8-

167 215 353 257 hominis
389 229 570 273 quatuor
604 216 703 259 haec
737 216 946 259 distinctis
979 215 1169 258 thesibus
1203 215 1485 272 inquiremus,
1519 217 1578 258 vi-

166 285 315 329 delicet
338 303 460 330 —an
495 288 547 330 sit
582 287 673 330 finis
708 288 855 345 aliquis
891 286 1153 329 hominis—
1178 287 1352 344 quinam
1399 286 1453 329 sit
1484 286 1579 330 finis

165 359 229 400 citi
262 357 435 401 ultimus
470 359 654 402 hominis
676 359 788 401 ——in
823 374 909 415 quo
944 360 1145 401 consistat
1180 357 1272 400 finis
1307 358 1377 416 (μιί
1399 357 1578 401 ultimus

164 426 352 471 hominis
375 446 498 473 —an
533 443 571 473 et
606 429 829 488 quomodo
863 428 912 472 ad
946 428 1169 472 hominem
1214 428 1448 472 referantur
1481 429 1574 472 reli-

165 515 289 556 quae,
324 516 429 558 quae
465 502 504 544 in
541 501 614 544 hac
640 516 779 544 rerum
811 501 1088 544 universitate
1121 501 1324 558 existunt,
1351 512 1578 544 creaturae.

166 572 226 615 Sit
260 573 389 628 igitur

769 763 934 805 Tinzsls
970 762 999 805 Ι.

168 907 284 949 ‘Delu‘
317 915 524 949 franima>-
558 920 669 962 ωας,
696 906 938 963 pracsertim
972 920 1066 949 vcro
1099 907 1326 963 hominem,
1364 906 1417 949 acl
1456 906 1583 964 finem

282 1006 317 1033 st·
350 1005 499 1047 >7111aestth
534 990 729 1047 „rapiamini
763 990 931 1047 dignum
965 989 1103 1048 dirigit.
1137 999 1171 1034 et
1205 991 1382 1034 ordinat.

283 1170 320 1211 4.
356 1157 718 1199 PRAENOTIONES.
752 1156 897 1199 Nemo
922 1171 1007 1199 non
1032 1156 1157 1213 videt,
1182 1156 1267 1200 duo
1291 1173 1382 1201 esse
1405 1174 1581 1217 prorsus

165 1230 343 1286 diversa,
375 1228 422 1271 ab
456 1228 537 1272 alio
573 1229 736 1271 moveri
771 1240 810 1272 et
845 1227 1031 1272 ordinari
1066 1229 1109 1272 in
1143 1228 1286 1284 finem,
1320 1246 1436 1274 sensu
1479 1240 1581 1289 pas-

162 1303 261 1355 sivo,
293 1313 332 1344 et
364 1314 481 1343 sensu
513 1302 662 1357 activo,
695 1299 772 1343 alia
806 1315 981 1343 movere
1014 1312 1054 1343 et
1101 1300 1296 1345 ordinare
1344 1303 1386 1344 in
1433 1301 1576 1347 finem.

163 1373 357 1414 Primum
393 1371 495 1414 illud
530 1371 629 1415 dicit
663 1370 989 1430 dependentiam
1025 1383 1151 1431 atque
1189 1373 1576 1431 imperfectionem,

163 1459 206 1486 ac
240 1442 417 1501 proinde
450 1444 544 1486 Deo
578 1441 702 1486 tribui
737 1443 897 1502 nequit:
932 1443 1111 1487 alterum
1144 1457 1206 1487 est
1240 1444 1443 1503 perfectio
1478 1447 1578 1489 sim-

162 1514 338 1572 pliciter,
371 1531 477 1572 quae
511 1516 624 1568 Deo,
660 1516 801 1573 primo
841 1516 1039 1559 omnium
1088 1517 1263 1573 motori‚
1296 1518 1442 1575 nequit
1490 1532 1576 1561 non

163 1587 312 1630 inesse.
360 1587 554 1630 Iamvero
603 1602 690 1630 non
740 1585 843 1630 illud
886 1587 1093 1644 primum,
1138 1586 1212 1630 sed
1259 1586 1340 1631 hoc
1384 1588 1577 1642 aiterum,

162 1670 207 1700 ut
255 1674 303 1701 ex
335 1658 507 1701 theseos
540 1659 838 1702 enunciatione
872 1657 978 1702 clare
1011 1671 1140 1716 patet,
1172 1658 1223 1703 de
1256 1660 1352 1703 Deo
1397 1659 1578 1704 affirma-

164 1743 272 1772 mus.
307 1729 354 1771 In
388 1745 469 1787 qua
502 1730 673 1773 veritate
707 1728 921 1786 probanda
955 1730 1242 1787 supponimus
1295 1732 1439 1774 Deum
1487 1732 1579 1774 exi-

161 1811 283 1857 stere,
317 1817 407 1844 esse
441 1814 675 1845 creatorem
709 1800 899 1844 hominis
933 1817 1162 1859 rerumque
1196 1805 1411 1855 omnium,
1446 1818 1573 1846 eum-

161 1871 344 1931 demque
368 1889 458 1916 esse
482 1874 846 1932 sapientissimum
871 1889 1002 1932 aeque
1021 1889 1065 1917 ac
1083 1873 1452 1932 providissimum:
1475 1875 1578 1919 haec

161 1944 305 1987 onmia
336 1945 427 1987 iure
460 1945 720 1987 assumimus
753 1961 803 1988 ex
835 1944 1080 2002 Theologia
1112 1945 1304 2003 naturali,
1338 1946 1406 1989 cui
1444 1946 1572 1989 nimi-

162 2032 253 2059 rum
291 2016 560 2074 philosophia
594 2016 767 2060 moralis
801 2029 863 2060 est
896 2016 1191 2061 subalternam.

283 2102 319 2142 5.
353 2089 733 2132 DEMONSTRATIO.
770 2088 984 2132 Claritatis
1019 2091 1154 2146 gratia
1186 2101 1269 2133 tres
1294 2089 1370 2133 hac
1393 2090 1435 2133 in
1467 2089 1577 2134 thesi

164 2171 301 2216 partes
335 2171 515 2216 possunt
549 2158 767 2216 distingui.

278 2231 308 2274 I.
346 2230 479 2274 Nulla
510 2240 564 2274 est
597 2240 800 2288 creatura,
833 2241 1197 2290 qnantmnczmzqzw
1231 2232 1324 2276 vilis
1363 2240 1397 2276 et
1429 2232 1579 2276 abiecta

161 2301 270 2345 nobis
303 2301 507 2357 videatur,
540 2316 662 2359 (litam
694 2302 806 2346 Dens
838 2302 892 2345 ad
915 2303 1043 2360 finam
1076 2312 1229 2346 certum
1260 2318 1306 2346 ac
1338 2303 1579 2346 determina-

161 2383 245 2416 lnm
262 2387 342 2416 1sz
363 2372 534 2417 ordinet.
551 2399 607 2407 --
631 2374 801 2416 Etenim
826 2373 1011 2432 prudens
1035 2386 1075 2416 et
1109 2374 1275 2432 sapiens
1301 2373 1445 2432 opifex
1469 2389 1578 2432 opus

163 2460 287 2487 suum
324 2443 375 2487 ad
407 2444 535 2487 finem
571 2456 734 2487 certum
771 2444 964 2488 destinat.
1001 2445 1133 2503 Atqui
1168 2446 1286 2488 Deus
1334 2457 1397 2488 est
1440 2444 1579 2502 opifex

162 2516 357 2559 omnium
392 2516 748 2574 sapientissimus.
795 2517 910 2573 Ergo
962 2517 1080 2559 Deus
1125 2528 1334 2560 creaturas
1382 2532 1478 2559 suas
1526 2514 1576 2558 ad

164 2600 327 2630 certum
363 2603 407 2630 ac
442 2587 775 2632 determinatum
809 2587 937 2631 finem
974 2587 1133 2645 dirigit.
1156 2588 1365 2646 Apposite
1396 2585 1581 2631 Athena-
