1734 2784
713 124 982 167 „203-

246 208 505 252 Doctrinam
538 224 571 252 S.
605 207 808 252 Thomae
840 218 1029 263 tuentur,
1062 203 1212 248 saltem
1264 217 1310 247 ut
1353 202 1558 262 probabi-

125 281 296 338 liorem,
329 279 453 323 multi
485 281 600 338 iique
631 281 818 323 maxime
851 279 1042 335 insignes
1076 276 1290 321 doctores.
1341 277 1447 319 Eam
1482 292 1559 320 se-

129 366 320 412 quuntur
349 354 419 396 Fr.
454 353 613 397 suarez
635 352 722 411 (1),
745 353 872 395 Mart.
892 352 1081 393 Becanus
1100 349 1186 408 (2),
1212 349 1346 405 Greg.
1371 349 1437 391 De
1460 350 1556 393 Va-

126 426 255 469 lentia
286 424 372 484 (3),
406 423 533 469 Card.
567 423 852 467 Bellarminus
884 422 970 481 (4),
1004 437 1036 465 s.
1061 420 1310 478 Alphonsus
1335 419 1386 463 de
1410 420 1552 477 Ligo-

128 497 194 540 rio
227 496 299 555 (5)
332 495 485 554 aliique
519 495 677 554 plures.

245 568 320 611 III.
354 558 624 611 Arbitramur
658 567 917 609 sententiam
950 577 1177 622 negantem
1230 564 1383 606 maiori
1432 562 1556 620 plane

131 637 317 696 gaudere
350 631 667 696 probabilitate*

248 710 300 752 Et
333 725 432 752 sane
465 708 690 752 redeamus
740 707 791 750 ad
840 707 928 749 illas
978 707 1195 762 actiones,
1246 720 1354 762 quae
1395 705 1439 747 in
1482 704 1561 748 alia

130 781 338 823 sententia
370 780 605 823 affirmante
644 779 867 822 traduntur
902 791 1124 835 tamquam
1171 792 1249 819 nec
1296 776 1432 820 bonae
1482 792 1560 819 nec

134 850 282 896 malae.
305 852 413 895 Sunt
435 863 593 908 autem,
612 863 657 893 ut
682 849 939 902 dicebamus,
963 850 1150 892 actiones
1174 848 1442 905 huiusmodi,
1459 865 1497 891 v.
1517 864 1559 905 g.

128 921 387 976 ambulandi,
424 922 693 975 comedendi,
714 921 959 965 dormiendi
994 934 1205 978 tempore,
1225 920 1336 973 loco,
1356 936 1557 963 mensura

129 992 268 1037 debita
302 994 447 1052 (secus
480 995 595 1037 enim
629 995 738 1036 actio
762 993 872 1035 foret
897 1008 1024 1050 prava
1057 993 1219 1035 ratione
1253 992 1556 1034 adiunctorum

128 1065 193 1108 vel
229 1066 348 1108 modi
383 1080 470 1124 quo
501 1065 584 1123 fit),
617 1081 703 1108 non
737 1066 835 1122 quia
869 1065 950 1107 hoc
983 1077 1125 1106 totum
1160 1076 1223 1106 est
1248 1063 1482 1106 honestum
1516 1076 1558 1106 et

128 1138 283 1180 rationi
317 1150 666 1190 consentaneum,
700 1137 774 1179 sed
809 1136 858 1179 ad
885 1135 1173 1178 valetudinem
1199 1134 1555 1188 conservandam,

130 1208 179 1251 ad
213 1207 452 1265 pellendam
486 1208 659 1261 famem,
694 1224 901 1250 somnum
937 1221 1013 1251 etc.
1035 1224 1120 1250 uno
1144 1207 1274 1250 Verbo
1310 1206 1360 1250 ad
1384 1220 1562 1250 naturae

129 1278 375 1337 indigentiis
409 1279 766 1332 subveniendum,
792 1295 972 1336 eamque
998 1278 1286 1335 recreandam,
1309 1278 1413 1321 nihil
1447 1278 1561 1322 aliud

129 1362 224 1394 actu
257 1350 323 1394 vel
355 1352 512 1394 virtute
546 1350 811 1393 intendendo
845 1351 928 1409 (6).

249 1422 386 1476 Quod
419 1423 495 1466 hae
529 1424 716 1465 actiones
751 1423 821 1465 tali
858 1422 992 1465 modo
1028 1424 1192 1480 positae
1228 1439 1314 1465 non
1347 1424 1430 1465 sint
1466 1438 1561 1465 ma-

132 1493 194 1537 lae
227 1495 314 1538 sive
346 1493 596 1537 inhonestae
631 1495 862 1550 moraliter,
896 1493 938 1536 id
982 1494 1096 1536 ultro
1151 1493 1400 1536 adversariis
1450 1509 1556 1536 con-

131 1565 337 1609 cedimus}
372 1566 470 1608 Hoc
503 1580 600 1607 sane
636 1564 816 1622 probant
865 1577 1114 1621 argumenta
1158 1565 1205 1607 ab
1257 1566 1358 1622 ipsis
1409 1564 1558 1608 allata:

130 1649 389 1695 quapropter
421 1637 637 1679 reiicimus
671 1637 927 1679 sententiam
962 1635 1163 1689 illorum,
1199 1637 1271 1693 qui
1315 1635 1556 1679 contende-

131 1720 224 1751 rent
257 1708 489 1766 praedictas
523 1708 708 1750 actiones
742 1707 812 1749 tali
846 1707 980 1749 modo
1015 1708 1172 1765 positas
1206 1724 1294 1750 non
1329 1723 1420 1750 esse
1455 1723 1560 1749 mo-

132 1779 273 1823 raliter
305 1779 594 1823 indifferentes
628 1796 679 1823 eo
714 1779 832 1837 quod
868 1781 951 1822 sint
984 1795 1149 1837 pravae.
1184 1780 1279 1823 Nos
1314 1780 1430 1821 enim
1464 1778 1562 1822 ideo

132 1867 342 1908 negamus
376 1868 445 1895 eas
495 1867 587 1894 esse
637 1851 954 1907 indifferentes,
1004 1852 1102 1908 quia
1140 1850 1440 1894 contendimus
1488 1866 1558 1893 eas

132 1922 265 1965 bonas
300 1938 405 1965 esse.

253 1994 423 2036 Etenim
454 1993 495 2051 α)
513 1994 555 2035 in
576 2009 643 2035 eas
663 1994 850 2035 actiones
870 2008 966 2036 vera
985 1992 1120 2051 aliqua
1140 1991 1349 2035 rectitudo
1372 1991 1559 2034 dimanat

136 2080 187 2106 ex
220 2063 352 2107 altero
388 2063 641 2107 moralitatis
676 2065 809 2118 fonte,
830 2066 901 2122 qui
936 2078 997 2108 est
1030 2064 1126 2107 finis
1161 2064 1389 2122 operantis.
1426 2064 1478 2105 Et
1517 2078 1561 2104 re

135 2134 312 2193 quidem
344 2151 440 2179 vera
474 2152 524 2178 ex
558 2135 639 2178 fine
674 2145 775 2179 recto
812 2135 973 2178 derivat
1010 2137 1050 2178 in
1084 2137 1296 2178 actionem
1332 2132 1561 2177 rectitudo,

230 2285 287 2329 (1)
316 2285 355 2319 In
388 2295 414 2318 1.
445 2296 475 2319 2.
504 2294 608 2320 tract.
640 2285 699 2318 III.
728 2284 815 2329 disp,
843 2284 907 2318 IX.
935 2294 1020 2319 sect.
1048 2284 1108 2317 ΙΙΙ.

231 2345 288 2390 (2)
315 2346 371 2380 De
399 2353 464 2379 act.
493 2344 592 2378 hum.
622 2355 698 2389 cap.
725 2345 769 2377 V.
798 2357 829 2390 q.
858 2343 919 2377 VI.

230 2404 286 2449 (3)
313 2404 368 2438 De
394 2413 461 2438 act.
488 2403 589 2437 hum.
617 2415 648 2448 q.
676 2403 772 2436 XIII.
799 2414 831 2448 p.
858 2401 892 2437 6.

232 2464 289 2509 (4)
319 2464 494 2498 Controv.
525 2462 567 2496 de
595 2474 647 2508 gr.
675 2471 709 2496 ct
738 2462 796 2496 lib.
825 2463 901 2497 arb.
930 2461 952 2495 1.
982 2462 1041 2495 lv.
1073 2473 1101 2495 c.
1135 2472 1163 2495 1.

233 2523 291 2567 (5)
319 2523 373 2557 De
401 2531 469 2556 act.
497 2521 594 2555 hum.
622 2530 703 2555 ante
733 2529 834 2555 tract.
863 2520 905 2554 de
933 2521 1101 2566 peccatis.

231 2580 288 2627 (6)
318 2582 368 2616 Ita
398 2580 469 2615 fere
496 2579 652 2622 Lessius,
682 2579 749 2614 loc.
778 2580 834 2614 cit.
