1734 2784
843 141 1106 195 —116i—

270 248 335 290 illa
374 248 584 290 viatorum
622 263 737 290 mors
773 262 857 290 non
907 261 1005 290 sunt
1040 263 1058 289 a
1095 247 1313 290 voluntate
1363 247 1572 302 navarchi,
1608 246 1698 303 sed?

274 319 320 362 ab
354 319 442 362 aliis
477 320 612 362 causis
648 319 828 361 omnino
862 320 1128 371 extrinsecis,
1165 319 1205 360 in
1240 333 1341 375 quas
1375 330 1540 361 tantum
1586 332 1684 363 sunt

282 403 499 447 tamquam
534 389 703 433 effectus
739 389 969 433 referenda.

391 462 640 520 Requiritur
678 461 756 519 3.⁰)
792 474 834 504 ut
869 461 1040 505 effectus
1085 478 1132 504 ex
1177 478 1243 514 eo,
1293 461 1409 519 quod
1457 477 1586 519 agens
1619 463 1685 504 in—

271 533 425 587 tendit,
461 546 661 591 sequatur
690 542 763 591 per
794 549 845 590 se,
880 535 904 577 i.
940 551 973 577 e.
1010 535 1052 576 vi
1084 534 1254 577 actionis
1282 535 1456 591 praecise
1488 542 1684 593 sumptae,

268 604 334 648 vel
368 606 400 646 si
436 617 636 662 sequatur
669 616 832 647 tantum
861 614 930 662 per
954 604 1148 657 accidcns,
1186 605 1209 647 i.
1246 620 1279 648 e.
1311 606 1354 647 vi
1385 604 1684 662 adunatorum,

270 676 500 733 requiritur
535 688 579 718 ut
613 690 738 733 agens
773 688 964 718 teneatur
997 691 1083 718 non
1118 690 1275 733 ponere
1311 691 1479 719 causam
1509 675 1575 720 vel
1598 692 1683 734 po—

272 748 394 790 sitam
429 746 590 804 tollere,
625 748 739 805 idque
774 749 812 790 in
845 748 947 790 hunc
987 747 1112 805 finem
1147 764 1192 790 ne
1223 748 1463 792 huiusmodi
1494 757 1686 807 sequ-atzar

268 817 439 875 effectus.
476 819 597 861 Hanc
629 819 797 862 tertiam
833 818 1124 862 conditionem
1149 820 1206 861 sic
1231 818 1336 862 clare
1370 820 1544 876 exponit
1580 820 1685 863 Sua-

268 904 336 932 rez
368 889 467 948 (1):
509 908 527 930 <‹
562 890 743 933 Duobus
777 890 917 934 modis
951 890 1137 933 accidere
1171 904 1326 948 potest,
1362 904 1407 934 ut
1440 891 1578 949 posita
1611 879 1682 934 ac-

265 962 380 1004 tione
426 962 467 1003 in
516 977 552 1004 se
600 961 837 1004 voluntaria
886 961 1045 1019 aliquid
1093 974 1304 1020 sequatur.
1360 963 1518 1015 Primo,
1569 961 1685 1020 quod

265 1044 468 1090 sequatur
498 1041 569 1090 per
602 1048 654 1089 se,
705 1049 753 1076 ex
787 1034 827 1075 vi
863 1049 979 1076 meae
1030 1035 1204 1077 actionis
1254 1035 1440 1091 praecise
1488 1046 1685 1091 sumptae

266 1103 483 1162 (spoliatae
516 1104 564 1148 ab
598 1105 806 1148 adiunctis
841 1121 914 1148 seu
952 1106 1293 1163 circumstantiis,
1329 1121 1435 1163 quae
1470 1107 1683 1149 actionem

265 1176 559 1234 comitantur).
597 1176 794 1229 Secundo,
831 1177 947 1235 quod
980 1192 1066 1220 non
1109 1190 1309 1235 sequatur
1344 1194 1416 1235 per
1459 1194 1502 1221 se
1550 1193 1685 1236 neque

266 1264 320 1292 ex
353 1249 393 1291 vi
428 1247 539 1291 illius
576 1261 755 1302 tantum,
781 1248 854 1291 sed
877 1265 925 1292 ex
952 1250 1047 1292 aliis
1084 1250 1287 1294 adiunctis
1310 1250 1439 1307 (quae
1477 1251 1685 1293 actionem

265 1314 583 1363 accidentaliter
629 1320 940 1379 circumstant),
990 1321 1044 1363 ita
1076 1332 1233 1376 tamen,
1286 1333 1330 1363 ut
1377 1320 1445 1364 hic
1493 1334 1531 1364 et
1573 1337 1686 1365 nunc

361 1505 416 1550 (Ι)
446 1507 500 1540 De
529 1504 664 1538 volunt.
693 1513 726 1538 et
754 1504 929 1539 involunt.
960 1504 1047 1551 disp.
1080 1507 1103 1539 I.
1133 1514 1217 1540 sect.
1246 1505 1305 1539 IV.
1334 1517 1431 1539 num.
1452 1506 1482 1539 8.
1502 1506 1593 1541 Rem
1613 1517 1684 1540 uno

263 1564 421 1600 alterove
448 1565 603 1599 adducto
631 1564 800 1610 exemplo
830 1565 1059 1600 illustremus.
1081 1566 1132 1600 Sit
1161 1578 1189 1600 e.
1210 1577 1241 1611 g.
1264 1565 1358 1600 actio
1388 1565 1603 1600 inserviendi
1623 1577 1688 1599 ae·
1727 1598 1730 1600 .

263 1625 375 1670 grotis
401 1623 568 1669 pestifera
594 1623 652 1657 lue
680 1624 863 1669 correptis.
891 1624 941 1657 Ex
981 1625 1123 1658 actione
1149 1623 1213 1657 hac
1249 1624 1399 1669 praecise
1437 1623 1679 1666 considerata,

263 1691 298 1717 ut
328 1692 377 1717 est
405 1683 577 1717 nimirum
606 1683 700 1717 actio
730 1683 946 1717 inserviendi
976 1684 1143 1728 aegrotis,
1172 1695 1245 1717 non
1283 1683 1440 1729 sequitur
1466 1694 1564 1717 mors
1604 1694 1686 1728 pro-

262 1742 347 1788 pria,
373 1742 435 1776 sed
462 1743 582 1787 potius
610 1742 697 1776 haec
724 1743 879 1788 sequitur
905 1743 941 1776 vi
968 1743 1214 1784 ‹zdimictorzmz‚
1243 1754 1374 1788 nempe
1403 1754 1443 1776 ex
1471 1753 1517 1776 eo
1547 1741 1641 1787 quod
1660 1742 1683 1774 ii
1717 1756 1724 1769 ι

261 1802 399 1847 aegroti
424 1802 485 1836 tali
513 1811 545 1836 et
571 1814 645 1836 non
672 1802 742 1836 alio
770 1803 900 1836 morbo
929 1802 1102 1836 laborent.
1129 1802 1214 1836 Non
1234 1803 1340 1848 igitur
1358 1813 1456 1835 mors
1475 1802 1615 1847 propria
1638 1813 1683 1835 ex

263 1862 323 1896 illa
348 1862 491 1896 actione
516 1862 673 1907 sequitur
694 1867 756 1908 per
781 1873 822 1903 se,
849 1861 908 1895 sed
937 1870 1075 1895 tantum
1097 1868 1159 1907 pur
1185 1861 1342 1895 accitlens.
1371 1863 1484 1896 Porro
1513 1872 1595 1894 cum
1625 1872 1677 1894 se—

261 1930 387 1968 quatur
414 1932 473 1967 per
500 1921 678 1963 accidens,
708 1933 773 1954 nec
800 1922 858 1955 lex
886 1920 958 1955 ulla
985 1922 1151 1967 positiva,
1180 1932 1294 1967 neque
1313 1920 1370 1955 lex
1388 1920 1559 1955 naturalis
1577 1930 1679 1966 prae-

261 1981 395 2027 cipiunt
421 1981 656 2015 omissionem
684 1981 881 2015 illiusmodi
908 1981 1060 2016 actionis
1089 1982 1124 2014 in
1151 1980 1244 2015 hunc
1274 1980 1383 2014 finem
1403 1992 1448 2014 ne
1477 1990 1575 2014 mors
1596 1991 1683 2025 pro-

261 2040 338 2086 pria
376 2050 552 2086 sequatur,
581 2040 640 2074 sed
679 2052 808 2074 omnes
847 2041 965 2086 potius
992 2040 1090 2086 leges
1129 2041 1312 2075 actionem
1348 2040 1458 2082 illam,
1499 2048 1684 2086 tamquam

258 2100 420 2135 officium
448 2101 626 2133 maximae
654 2100 686 2133 in
714 2101 919 2146 proximum
948 2100 1117 2142 caritatis,
1147 2100 1406 2134 commendant
1434 2111 1473 2133 ac
1521 2098 1682 2133 suadent.

259 2159 381 2206 Itaque
408 2171 505 2194 mors
535 2161 688 2204 propria,
718 2161 746 2193 si
774 2174 815 2194 ex
842 2160 904 2195 tali
924 2161 1065 2194 actione
1085 2170 1262 2206 sequatur,
1290 2159 1390 2193 nullo
1411 2170 1557 2205 prorsus
1577 2166 1683 2203 pacto

261 2228 312 2254 est
339 2219 554 2260 voluntaria,
576 2219 637 2253 sed
659 2229 708 2254 est
736 2220 887 2253 omnino
917 2229 1055 2265 praeter
1082 2220 1321 2254 intentionem
1350 2219 1498 2265 agentis,
1519 2228 1624 2264 atque
1641 2219 1683 2252 ab

260 2290 302 2313 eo
317 2287 456 2313 tantum
477 2278 701 2324 permittitur.
722 2279 768 2312 At
784 2290 883 2320 vero,
907 2289 942 2313 ut
972 2279 1180 2324 exemplum
1208 2279 1302 2313 aliud
1328 2278 1529 2320 afferamus,
1550 2277 1578 2311 si
1607 2278 1683 2323 quis

260 2338 367 2372 iudici
386 2337 593 2372 manifestet
620 2336 752 2372 furtum
774 2338 831 2372 vel
859 2339 1097 2373 homicidium
1117 2339 1157 2373 ab
1178 2338 1290 2374 altero
1317 2346 1577 2384 perpetratum,
1600 2347 1684 2370 con-
1720 2381 1726 2389 ‚

259 2406 454 2445 sequuntur
481 2409 567 2432 sane
595 2409 636 2432 ex
663 2398 730 2432 hac
757 2398 1048 2434 manifestatione
1067 2409 1143 2434 tum
1172 2398 1319 2433 infamia
1340 2399 1445 2440 illius,
1464 2406 1540 2431 tum
1561 2407 1684 2442 poena

259 2458 300 2492 ab
329 2469 371 2492 eo
398 2457 525 2492 luenda
553 2467 586 2492 et
626 2466 891 2504 consequuntur
912 2465 974 2504 per
1010 2470 1051 2493 se.
1081 2459 1173 2494 Cum
1212 2467 1334 2493 autem
1362 2469 1404 2491 ex
1441 2456 1502 2490 illa
1541 2455 1684 2490 actione
1723 2486 1728 2489 .

258 2525 451 2562 sequantur
478 2527 539 2562 per
566 2527 613 2559 se,
642 2528 703 2550 seu
731 2517 812 2563 quid
841 2528 952 2551 unum
978 2529 1060 2551 cum
1088 2517 1147 2551 illa
1176 2518 1404 2558 constituant,
1434 2516 1495 2562 qui
1521 2515 1595 2549 vult
1634 2514 1681 2548 il-
1727 2517 1730 2549 f

259 2575 345 2617 lam,
371 2586 432 2610 eos
459 2576 567 2610 etiam
595 2575 740 2610 effectus
768 2575 861 2610 velle
889 2576 1060 2610 dicendus
1088 2587 1152 2620 est,
1180 2577 1235 2610 sin
1266 2577 1382 2610 minus
1409 2575 1445 2608 in
1472 2574 1539 2608 alio
1567 2585 1629 2608 seu
1648 2573 1684 2607 in
1722 2568 1727 2605 ῗ.

263 2644 376 2668 causa.

1695 2642 1726 2784 Quam,
1721 2613 1727 2626 -
