1734 2784
760 105 1023 157 ..296-

194 212 215 232 «
254 194 365 236 Cum
401 191 566 246 dicitur,
605 193 720 250 quod
752 211 832 238 non
864 211 978 240 omne
993 205 1202 255 peccatum
1224 198 1308 242 ideo
1341 208 1398 243 est
1429 200 1598 254 malum,

192 265 288 320 ‹lniaez
320 264 580 320 prohibitum,
613 264 863 322 intelligitur
895 267 945 310 de
978 268 1266 325 prohibitione
1297 269 1400 314 facta
1429 279 1502 329 per
1535 274 1599 315 ius

176 336 406 391 pavilivztm.
442 335 485 378 Si
519 348 659 379 autem
694 336 898 381 referatur
930 339 984 382 ad
1018 341 1079 383 itt-s
1112 342 1316 395 naturale,
1351 342 1467 399 quod
1490 357 1597 386 con-

182 407 344 448 tinetur
379 406 519 463 primo
553 407 727 464 quidem
765 410 807 451 in
840 409 931 466 lege
978 423 1158 468 aeterna,
1200 412 1449 456 secundario
1497 429 1599 457 vero

186 478 228 518 in
267 477 445 519 naturali
480 477 734 522 iudicatorio
767 482 940 523 rationis
974 481 1198 535 humanae,
1232 496 1332 527 tunc
1364 500 1477 527 omne
1505 493 1600 542 pec-

185 557 318 591 salum
352 559 405 592 est
440 551 593 593 malam
627 553 722 608 quiet
750 553 1017 609 prohibilnm;
1051 570 1100 596 ex
1123 554 1205 598 hoc
1228 556 1341 598 enim
1365 557 1457 614 ipso
1481 556 1599 614 quod

183 632 246 663 est
280 621 586 676 inordinatum,
621 624 699 665 iuri
734 636 906 668 naturae
937 639 1203 683 repugnat.»
1260 628 1383 680 Quae
1420 644 1452 670 5.
1478 627 1600 672 Tho—

184 708 277 734 mae
330 692 452 735 verba
507 695 564 736 sic
618 696 789 751 exponit
836 697 1051 740 Antonius
1098 699 1223 756 Mayr
1268 698 1366 757 (1):
1427 719 1446 741 «
1491 699 1602 743 Illud

183 764 354 805 axioma
386 763 679 821 theologicum
713 782 744 808 5.
781 766 976 810 Thomas
1025 769 1097 824 ait,
1140 769 1460 827 intelligendum
1509 786 1601 814 esse

189 847 360 876 tantum
395 835 445 877 de
477 835 702 892 prohibitis
736 839 821 880 iure
848 841 1025 896 positivo
1058 840 1162 898 (hoc
1194 843 1309 884 enim
1343 842 1431 884 iure
1463 841 1602 900 aliqua

189 905 483 962 prohibentur,
518 924 624 964 quae
672 909 754 951 iam
799 910 1092 954 antecedenter
1140 925 1238 954 sunt
1285 912 1394 955 mala
1439 914 1600 956 ratione

192 976 493 1033 prohibitionis
528 978 656 1022 factae
689 996 711 1022 a
742 982 832 1024 iure
865 984 1075 1041 naturae),
1098 999 1185 1026 non
1233 997 1373 1027 autem
1406 1000 1497 1028 esse
1530 986 1599 1027 in-

186 1048 471 1105 telligendum
507 1050 551 1092 dc
586 1053 670 1094 inre
704 1068 777 1095 seu
803 1053 876 1109 lege
899 1063 1061 1097 aeterna
1085 1056 1165 1098 Dei
1184 1056 1384 1099 naturali:
1407 1069 1601 1114 respectu

185 1122 300 1162 enim
337 1121 476 1175 huius,
511 1124 564 1164 ait
598 1139 630 1166 5.
665 1124 848 1179 Doctor,
883 1126 1027 1167 omnia
1060 1142 1150 1168 esse
1184 1126 1293 1169 mala
1325 1128 1423 1184 quia
1454 1127 1600 1185 prohi-

190 1192 289 1236 bita.
327 1194 371 1235 Si
407 1206 549 1236 tamen
583 1194 699 1251 velis,
746 1208 868 1252 potes
918 1198 1042 1239 etiam
1091 1197 1141 1240 ad
1182 1197 1476 1255 explicandum
1519 1199 1601 1242 hoc

191 1265 359 1307 axioma
393 1264 588 1308 adhibere
622 1266 938 1310 distinctionem
973 1269 1080 1311 inter
1114 1268 1273 1312 malurn
1306 1269 1538 1313 radicaliter
1561 1282 1601 1312 et

182 1337 437 1394 formaliter.
471 1354 490 1375 »
530 1338 675 1394 Itaque
725 1338 895 1381 effatum
944 1339 1047 1382 illud
1095 1341 1153 1382 sic
1194 1341 1237 1383 in
1278 1340 1415 1383 forma
1462 1354 1600 1398 potest

185 1407 409 1464 distingui.
446 1408 627 1451 Effatum
662 1409 765 1452 illud
799 1423 860 1452 est
883 1426 1032 1453 verum
1056 1424 1248 1468 respectu
1272 1411 1374 1468 legis
1403 1413 1601 1469 positivae

190 1494 314 1531 cons„
351 1488 533 1523 aeternae
568 1494 607 1523 et
641 1481 845 1525 naturalis
887 1482 1018 1535 subd„
1054 1483 1077 1526 i.
1114 1500 1147 1525 e.
1183 1482 1301 1525 datur
1343 1484 1451 1526 actio
1493 1482 1602 1526 mala

188 1550 345 1592 malitia
371 1552 546 1608 fhrmali
579 1565 618 1594 et
651 1554 841 1610 completa
874 1553 1169 1597 antecedenter
1191 1554 1242 1597 ad
1265 1553 1599 1612 prohibitionem

179 1622 293 1678 legis
327 1635 517 1666 aeternae
551 1636 591 1666 et
622 1624 820 1667 naturalis
854 1641 967 1686 nego,
1002 1625 1306 1668 fundamentali
1339 1641 1442 1669 conc.

314 1694 686 1737 Animadvertatur
717 1708 860 1738 tamen
884 1696 1126 1753 diligenter,
1149 1696 1265 1754 quod
1288 1696 1475 1739 radicalis
1498 1695 1600 1738 haec

191 1781 266 1806 seu
302 1764 626 1808 fundamentalis
660 1766 874 1810 moralitas
909 1767 1031 1811 habet
1065 1783 1186 1810 suam
1218 1767 1404 1810 radicem
1439 1780 1478 1810 et
1504 1766 1598 1809 fun-

191 1967 290 2001 milia
318 1967 434 2004 habet.
463 1968 504 2002 de
532 1978 598 2002 act.
625 1969 723 2002 hum.
752 1970 773 2002 1.
799 1971 843 2004 V.
870 1978 931 2003 art.
960 1970 1137 2004 1V.num.
1160 1978 1225 2012 35.:
1259 1968 1436 2004 «Nullum
1463 1969 1599 2002 bonum

200 2027 354 2069 morale,
382 2027 521 2061 nullum
549 2028 683 2061 malum
710 2028 862 2074 intelligi
889 2038 1006 2073 potest
1033 2028 1107 2062 sine
1133 2038 1293 2074 respectu
1320 2028 1362 2062 ad
1388 2028 1506 2073 legem
1534 2028 1600 2062 sal-

187 2094 265 2119 tem
296 2086 509 2120 naturalem.
536 2087 628 2120 Hinc
657 2088 831 2132 Epicurei,
851 2089 906 2133 qui
925 2099 1054 2121 omnes
1071 2087 1287 2121 sustulerunt
1305 2087 1416 2132 leges,
1436 2085 1601 2121 dicebant

187 2146 364 2179 iustitiam
394 2146 622 2180 adinventam
651 2158 726 2180 esse
754 2157 851 2181 metu
879 2147 964 2180 mali
989 2147 1126 2192 physici
1152 2148 1198 2181 ob
1223 2147 1314 2180 vitae
1341 2146 1544 2189 utilitatem,
1561 2154 1598 2180 ut

190 2205 376 2239 Lucretius
403 2206 552 2251 scripsit,
572 2206 594 2239 1.
614 2205 645 2240 6.
665 2206 755 2240 Cum
784 2206 893 2252 vulgo
921 2206 1058 2248 dicitur,
1077 2205 1236 2252 quaedam
1253 2217 1316 2240 esse
1328 2205 1502 2251 prohibita
1520 2206 1599 2251 quia

189 2266 297 2306 mala,
325 2266 375 2299 sic
402 2275 495 2299 recte
515 2274 566 2299 est
592 2265 879 2311 intelligendum,
899 2266 1072 2311 quaedam
1092 2277 1169 2300 esse
1187 2265 1250 2311 per
1267 2266 1384 2311 legem
1404 2266 1597 2311 positivam

186 2324 311 2365 vetita,
335 2332 371 2357 ut
391 2325 626 2369 repugnantia
654 2324 723 2370 legi
750 2324 912 2358 naturali.
930 2324 1025 2358 Nihil
1044 2324 1139 2358 enim
1169 2333 1219 2358 est
1237 2324 1426 2358 intrinsece
1445 2322 1594 2364 malum,

185 2384 214 2418 si
252 2395 321 2418 non
350 2394 578 2428 comparetur
604 2384 822 2418 saltem'iuri
849 2393 1037 2418 naturae.»
1081 2383 1138 2418 Cf.
1164 2383 1272 2417 etiam
1308 2394 1333 2417 5.
1374 2383 1597 2416 Bonaventu-

194 2455 285 2485 ram,
317 2444 357 2478 11.
386 2444 462 2478 dist.
493 2453 548 2487 33.
577 2445 611 2477 in
637 2450 688 2487 40.
715 2443 797 2478 dub.
821 2444 913 2477 circa
938 2452 1023 2478 text.
1048 2444 1218 2489 Magistri.

291 2503 347 2546 (1)
378 2502 508 2537 Theoi.
535 2503 648 2537 schol.
675 2512 775 2538 tract.
802 2504 859 2537 IV.
888 2503 919 2537 d.
950 2514 976 2537 1.
1004 2515 1036 2549 q.
1065 2504 1124 2538 111.
1151 2515 1181 2537 a.
1207 2503 1251 2537 11.
