1734 2784
700 131 935 184 -53-

95 241 200 270 vero
224 224 271 283 β)
303 223 543 267 excluditur
575 223 769 281 voluptas
811 231 1015 281 corporea.
1048 222 1164 267 Nam
1214 222 1435 267 beatitudo
1470 237 1533 267 est

99 295 304 356 perfectio
352 295 480 352 partis
515 295 697 352 potioris
747 293 954 351 hominis,
986 309 1142 351 nempe
1176 296 1346 339 mentis.
1399 297 1530 354 Atqui

95 367 191 412 talis
223 381 312 409 non
344 377 407 409 est
439 364 635 422 voluptas
660 380 879 423 corporea,
903 380 1010 422 quae
1044 366 1187 424 potius
1211 364 1527 422 perfectionem

95 451 138 483 et
170 437 466 496 operationem
515 436 671 479 mentis
715 435 908 493 impedit.
943 436 1166 479 Praeterea
1213 449 1363 479 natura
1395 436 1526 480 volu-

96 521 258 568 ptatem
292 506 473 551 destinat
505 506 555 550 ad
585 508 904 564 operationem:
926 508 1049 551 certis
1084 508 1200 551 enim
1230 507 1527 552 functionibus

95 580 289 625 adiunxit
313 578 595 636 voluptatem,
613 590 815 636 tanquam
840 578 1170 622 condimentum
1187 591 1237 622 et
1267 578 1529 631 illecebram,

96 669 149 696 ne
167 650 408 694 functiones
433 648 525 692 illae
552 650 814 692 necessariae
832 649 882 693 ad
912 648 1122 693 individui
1151 649 1217 693 vel
1240 651 1398 708 speciei
1425 666 1527 693 con—

96 723 381 766 servationem
400 719 720 777 negligerentur
754 733 928 778 propter
963 736 1072 764 onus
1103 733 1143 764 et
1177 721 1420 764 molestiam
1441 721 1526 780 (1).

96 793 228 851 Atqui
262 791 380 848 illud,
413 790 530 849 quod
564 804 710 834 natura
745 791 911 834 ordinat
946 790 996 835 ad
1030 791 1161 844 aliud,
1196 808 1296 836 sane
1341 808 1428 835 non
1466 805 1528 836 est

95 864 259 908 bonum
292 862 504 906 sufficiens
538 878 613 905 seu
648 862 867 906 beatitudo
904 863 1114 906 humanae
1147 863 1397 907 voluntatis.

215 937 472 993 Spectentur
497 934 577 992 3.‘')
601 933 703 977 hona
729 935 903 978 animae.
923 960 978 968 -—
998 936 1055 978 Ut
1078 934 1248 978 disserit
1266 936 1422 978 Suarez
1441 935 1527 994 (2),

99 1008 250 1051 «inter
273 1006 375 1049 haec
398 1006 508 1049 bona
537 1005 579 1063 χ)
614 1006 802 1062 primum
827 1018 889 1048 est
923 1007 1011 1064 ipsa
1041 1007 1197 1063 anima,
1216 1022 1324 1064 quae
1352 1006 1525 1063 quidem

93 1091 157 1122 est
189 1077 409 1122 subiectum
443 1075 731 1131 beatitudinis,
757 1092 843 1119 non
868 1089 1009 1119 tamen
1035 1093 1126 1120 esse
1150 1090 1292 1134 potest
1317 1076 1525 1129 obiectum,

94 1150 193 1208 quia
224 1165 312 1192 non
347 1160 487 1206 potest
521 1163 613 1191 esse
646 1146 739 1189 finis
776 1147 950 1190 ultimus
985 1149 1048 1191 sui
1083 1149 1231 1205 ipsius,
1252 1161 1292 1192 et
1317 1148 1414 1191 ideo
1439 1163 1526 1190 non

95 1232 235 1279 potest
270 1221 312 1262 in
345 1236 390 1263 se
424 1219 757 1277 conquiescere:
794 1235 891 1261 nain
927 1220 1035 1262 sicut
1069 1234 1156 1261 non
1194 1232 1257 1262 est
1307 1235 1329 1262 a
1376 1235 1433 1272 se,
1470 1220 1523 1261 ita

95 1307 184 1336 non
218 1303 359 1350 potest
391 1307 484 1334 esse
517 1292 656 1348 seipsa
689 1290 825 1342 beata,
862 1290 935 1333 sed
969 1292 1132 1348 quaerit
1166 1290 1325 1348 aliquid
1373 1290 1526 1333 melius

91 1378 137 1406 se
170 1375 210 1406 et
244 1363 494 1420 optimum,
529 1362 571 1404 in
607 1377 694 1419 quo
731 1362 930 1419 quiescat.
968 1361 1168 1405 Secundo
1195 1362 1240 1420 ί)
1273 1375 1372 1404 sunt
1417 1362 1527 1404 inter

94 1433 197 1476 haec
229 1432 341 1476 bona
374 1432 454 1486 illa,
488 1448 595 1490 quae
630 1431 866 1475 formaliter
900 1432 1120 1475 inhaerent
1155 1433 1233 1490 ipsi
1268 1433 1448 1484 animae,
1480 1444 1526 1473 ut

92 1517 192 1548 sunt
226 1505 439 1562 potentiae
474 1519 574 1546 suae
608 1516 647 1546 et
671 1516 817 1556 actus3
852 1517 890 1546 et
925 1504 965 1545 in
992 1503 1055 1545 liis
1081 1505 1313 1546 consistere
1350 1502 1525 1560 quidem

21 1593 40 1605 2
93 1589 234 1634 potest
257 1575 458 1634 formalis
493 1574 731 1627 beatitudo,
766 1590 853 1617 non
902 1587 1045 1617 tamen
1092 1574 1285 1618 obiectiva
1321 1573 1395 1632 (de
1443 1589 1525 1630 qua

93 1645 228 1691 modo
261 1646 546 1705 quaerimus),
582 1647 679 1703 quia
714 1645 814 1688 haec
850 1646 992 1688 minus
1028 1645 1211 1702 perfecta
1246 1644 1356 1688 bona
1390 1659 1487 1688 sunt
1513 1681 1523 1701 ‚

93 1735 222 1777 quam
257 1719 440 1776 ipsamet
472 1719 632 1770 anima,
656 1717 803 1760 saltem
840 1716 981 1774 quoad
1016 1718 1235 1759 entitatem
1260 1716 1523 1759 substantia-

92 1789 177 1833 lem
205 1806 246 1831 ».
281 1790 333 1832 Et
367 1789 469 1832 haec
503 1804 634 1847 pauca
668 1789 857 1832 innuisse
893 1787 1074 1830 sufficiat
1106 1787 1193 1846 (3).

187 1998 243 2043 (1)
273 2012 289 2029 ‹<
308 1999 547 2044 Voluptatem
576 2008 702 2033 natura
731 1998 943 2031 necessariis
970 1997 1073 2031 rebus
1099 1996 1302 2039 admiscuit,
1323 2008 1396 2031 non
1425 2006 1462 2031 ut
1483 1997 1524 2030 il-

91 2057 163 2092 lam
190 2066 407 2102 peteremus,
436 2057 496 2091 sed
527 2066 564 2091 ut
591 2069 643 2096 ea,
672 2057 748 2090 sine
774 2057 902 2101 quibus
931 2067 1004 2089 non
1045 2067 1240 2101 possumus
1278 2056 1409 2092 vivere.
1438 2067 1522 2101 gra-

90 2116 183 2152 tiora
209 2116 315 2150 nobis
341 2116 434 2150 illius
463 2115 595 2150 faceret
623 2115 794 2150 accessio
812 2130 827 2146 »
858 2116 995 2149 Seneca
1023 2115 1124 2160 epist.
1155 2115 1282 2150 CXVI.
1314 2126 1344 2159 3.

183 2175 240 2219 (2)
261 2176 322 2210 *De
351 2173 420 2209 fine
447 2175 513 2209 ult.
541 2174 629 2219 disp.
658 2174 702 2207 V.
732 2182 820 2208 sect.
854 2184 878 2208 ι.
906 2184 940 2207 n.
972 2182 1002 2215 5.

186 2233 243 2278 (3)
271 2233 347 2268 Hac
375 2233 418 2268 de
446 2244 481 2267 re
517 2233 567 2266 sic
595 2232 749 2267 breviter
789 2232 928 2266 disserit
968 2232 1163 2278 Taparelli.
1190 2233 1310 2278 saggio
1339 2236 1457 2266 teoret.
1486 2231 1523 2265 di

89 2289 206 2326 diruto
244 2293 403 2326 naturale
441 2301 540 2337 parte
572 2301 599 2325 1.
643 2302 720 2336 cap.
750 2300 780 2324 2.
814 2302 915 2326 num.
945 2299 1014 2333 35.:
1047 2290 1148 2332 «No,
1188 2293 1234 2324 ne
1273 2291 1304 2324 le
1346 2291 1522 2335 ricchaqqa.

90 2350 182 2385 bene
210 2360 423 2396 puramente
452 2350 549 2392 utile;
570 2353 614 2384 ne
634 2350 658 2383 il
682 2350 816 2396 placere
837 2348 888 2383 del
906 2355 1020 2395 corpo,
1042 2351 1132 2384 bene
1149 2361 1384 2395 passeggero,
1404 2358 1519 2394 turpe,

89 2410 276 2452 rovinoso;
306 2411 345 2444 nh
371 2410 510 2451 l'onora,
535 2410 568 2443 la
585 2409 710 2455 gloria,
742 2409 775 2442 di
804 2410 859 2443 cui
880 2420 953 2442 non
983 2411 1000 2443 ἐ,-
1028 2418 1154 2443 nostro
1184 2409 1208 2442 il
1236 2420 1423 2453 possesso,
1444 2408 1522 2453 poi-

89 2468 157 2503 che
182 2477 275 2504 tutto
303 2477 356 2504 sta
385 2469 479 2504 nella
506 2478 628 2503 niente
657 2469 691 2502 di
718 2468 772 2502 clii
796 2469 829 2502 lo
858 2469 1000 2509 tributass,
1021 2470 1063 2501 ne
1085 2469 1115 2502 la
1135 2468 1214 2501 sola
1234 2469 1342 2509 vireis,
1365 2468 1430 2501 che
1449 2467 1519 2501 mai

91 2538 166 2562 non
192 2529 210 2562 e
238 2529 271 2562 in
299 2538 391 2563 terra
420 2540 518 2574 pura,
552 2530 594 2561 ne
622 2527 874 2569 inamissibile3
904 2529 948 2561 ne
976 2527 1007 2560 la
1036 2528 1178 2572 scieuza,
1197 2527 1265 2562 che
1292 2538 1364 2561 non
1388 2528 1521 2571 gimige-

91 2586 162 2621 mai
191 2599 210 2621 a
235 2589 392 2630 saziarsi3
422 2589 466 2622 n'e
495 2588 517 2621 il
540 2588 678 2633 placere
704 2585 788 2620 dello
816 2587 945 2632 spirim,
965 2586 1029 2620 che
1058 2598 1284 2633 pre—suppone
1306 2586 1329 2619 il
1349 2597 1520 2632 possesso
