1734 2784
69 169 333 215 eexcludere?
355 168 408 211 Et
429 183 528 211 sane
549 166 806 211 vocabulum
831 167 914 211 hoc
945 183 1086 211 sensus
1106 168 1149 210 in
1171 167 1320 224 lingua
1351 167 1504 225 latina,

70 254 207 300 ¹atque
252 241 297 283 in
329 240 423 298 ipso
456 238 590 282 modo
636 239 841 298 loquendi
873 238 1040 293 biblico,
1080 241 1239 297 passim
1279 238 1504 283 adhibetur

70 315 126 357 ‘in
158 311 310 356 ordine
342 310 394 355 ad
427 326 493 354 res
518 327 634 355 mere
658 310 943 369 intelligibiles
967 324 1007 354 et
1028 311 1283 369 spirituales.
1301 310 1350 355 Id
1374 311 1503 354 docet

74 383 379 438 ·Quintilianus
412 381 483 441 (1)
516 382 731 440 inquiens,
762 398 923 426 sensum
956 383 1128 440 proprie
1161 398 1255 426 esse
1295 383 1506 440 corporis,

74 453 442 499 consuetudinem
485 465 628 496 tamen
675 467 820 497 tenere
869 465 914 496 ut
961 470 1039 511 pro
1088 466 1297 512 conceptu
1348 454 1506 497 mentis

73 525 327 584 ,accipi-atur.

204 610 271 652 72.
307 597 557 640 SCHOLION.
591 596 834 638 Intellectus
869 597 1010 653 itaque
1043 597 1253 654 practicus
1293 608 1356 639 est
1388 596 1506 654 prin-

76 668 246 725 cipium
293 666 560 710 subiecti-vum
609 666 932 723 cognoscendae
981 666 1243 711 moralitatis.
1297 668 1510 724 Quaeres,

78 738 309 797 quodnam
332 739 386 781 sit
411 739 670 796 principium
690 738 881 782 eiusdem
902 739 1227 795 cognoscendae
1250 738 1507 791 obiectivum,

86 810 177 853 aliis
213 808 367 862 verbis,
403 809 611 867 quidnam
644 810 698 851 sit
732 808 850 862 illud,
874 824 925 852 ex
960 825 1062 866 quo,
1087 822 1307 867 tamquam
1342 826 1393 852 ex
1426 810 1511 852 cri-

87 882 210 937 teri0‚
244 880 484 924 intellectus
517 881 725 937 practicus
760 879 999 923 discernere
1034 880 1156 923 debet
1182 881 1290 924 inter
1324 881 1511 924 actiones

88 952 219 995 bonas
246 965 287 995 et
310 952 499 995 actiones
525 951 655 994 malas
683 951 911 994 moraliter.
932 977 988 984 —
1010 953 1068 995 Ut
1090 952 1227 1009 liquet
1249 968 1300 995 ex
1325 952 1446 995 dictis
1470 953 1514 994 in

88 1023 266 1067 articulo
290 1024 417 1066 huius
447 1025 591 1081 capitis
616 1023 823 1079 secundo,
842 1024 883 1065 in
908 1039 994 1081 quo
1016 1023 1066 1066 de
1099 1023 1350 1066 moralitatis
1373 1038 1514 1067 essen-

90 1096 145 1138 tia
169 1108 307 1138 actum
344 1107 421 1152 est,
445 1095 523 1137 tale
549 1095 808 1152 principium
842 1110 916 1136 seu
944 1095 1162 1136 criterium
1191 1107 1254 1137 est
1278 1094 1373 1138 ordo
1398 1103 1515 1137 nalu-

84 1167 206 1210 salis.
227 1165 295 1209 Ad
320 1165 433 1209 hunc
452 1167 567 1208 enim
595 1165 814 1208 advertens
836 1165 1072 1208 intellectus
1101 1166 1399 1224 actionemque
1417 1182 1515 1209 cum

92 1237 247 1280 eodem
283 1252 548 1294 comparans,
582 1249 693 1280 recte
728 1236 958 1280 diiudicare
982 1249 1140 1294 potest,
1162 1250 1314 1280 utrum
1339 1254 1385 1281 ea
1407 1239 1516 1282 actio

83 1310 146 1352 sit
179 1308 289 1351 bona
321 1324 373 1351 an
407 1308 539 1365 mala,
573 1321 720 1351 utrum
756 1308 806 1351 de
840 1324 884 1351 se
918 1308 1026 1350 bona
1064 1309 1117 1351 sit
1151 1325 1200 1351 an
1225 1308 1347 1366 mala,
1370 1321 1516 1352 utrum

84 1380 148 1423 ¹sit
179 1378 291 1422 bona
323 1395 375 1422 an
417 1379 524 1422 mala
559 1378 864 1422 tantummodo
914 1395 986 1436 per
1032 1378 1226 1422 accidens
1259 1395 1334 1422 seu
1368 1379 1416 1422 ab
1451 1396 1520 1423 ex-

94 1452 295 1504 trinseco,
329 1452 354 1494 i.
391 1467 426 1494 e.
462 1452 628 1493 ratione
661 1449 765 1507 legis
802 1451 1008 1507 positivae
1052 1467 1072 1493 a
1106 1450 1234 1493 libera
1287 1452 1520 1508 superioris

95 1522 315 1565 voluntate
340 1521 635 1579 dependentis.
657 1521 791 1574 Quod
816 1521 1052 1564 intellectus
1080 1522 1284 1565 iudicium
1303 1534 1349 1565 ut
1370 1538 1520 1565 verum

97 1609 267 1651 semper
301 1594 354 1636 sit
389 1606 513 1651 atque
548 1593 845 1650 adaequatum,
866 1593 1018 1636 debent
1051 1609 1148 1636 sane
1178 1606 1271 1636 tum
1305 1593 1418 1637 ordo
1451 1609 1523 1637 na-

98 1664 243 1707 turalis
277 1676 371 1707 tum
406 1666 515 1707 actio
550 1664 736 1706 humana
769 1664 945 1721 spectari
979 1664 1177 1721 complete,
1197 1680 1284 1707 non
1318 1681 1373 1708 ex
1405 1677 1522 1722 parte

47 1738 56 1745 ²
98 1747 268 1777 tantum
287 1750 361 1777 seu
381 1735 653 1792 incomplete.
675 1734 800 1778 Ordo
831 1736 972 1792 itaque
992 1734 1191 1777 naturalis
1209 1736 1290 1778 rite
1309 1748 1525 1794 spectetur

99 1805 339 1849 secundum
374 1805 600 1849 relationes
637 1806 726 1848 illas
761 1822 910 1848 omnes
947 1819 987 1849 et
1013 1806 1221 1863 singulas,
1241 1806 1394 1864 quibus
1418 1822 1522 1850 con-

92 1890 198 1920 :statt
215 1878 326 1920 actio
352 1878 479 1920 etiam
504 1877 689 1920 humana
710 1877 1005 1920 consideretur
1022 1890 1061 1920 et
1088 1890 1365 1936 comparetur
1383 1879 1525 1936 primo

103 1948 276 2006 quidem
296 1965 346 1992 ex
365 1965 409 1992 se
428 1965 503 1992 seu
524 1967 573 1992 ex
593 1949 776 2002 obiecto,
797 1949 985 1992 secundo
1009 1965 1116 1992 vero
1136 1950 1382 2007 inspiciatur
1399 1951 1526 1993 etiam

104 2019 341 2063 secundum
376 2036 546 2074 omnes,
583 2020 736 2079 quibus
772 2019 965 2075 afficitur,
999 2021 1355 2073 ci1·cumstantias‚
1394 2034 1437 2064 et
1469 2022 1529 2064 sic

205 2239 260 2283 (1)
288 2239 328 2273 L.
359 2239 390 2273 8.
418 2249 448 2273 c,
483 2249 510 2281 ς.
542 2238 683 2272 Sufficit
716 2238 923 2271 meminisse
951 2237 1035 2270 illud
1071 2238 1272 2278 Ciceronis,
1294 2238 1335 2271 de
1354 2236 1413 2272 off.
1442 2237 1467 2270 Ι.
1485 2247 1531 2279 4.;

113 2298 273 2332 «Unum
301 2298 371 2332 hoc
399 2298 528 2332 animal
560 2298 716 2342 (homo)
745 2297 863 2333 sentit,
892 2297 971 2343 quil
1000 2298 1042 2331 sit
1070 2297 1170 2337 ordo,
1190 2296 1271 2343 quid
1299 2297 1341 2330 sit
1362 2296 1455 2342 quod
1476 2296 1536 2330 de-

110 2367 199 2399 ceat,
227 2357 263 2391 in
292 2356 391 2392 factis
419 2358 594 2403 dictisque
624 2358 679 2403 qui
714 2356 887 2389 modus.»
918 2357 955 2389 ln
984 2355 1076 2389 libro
1105 2365 1222 2389 autem
1251 2356 1452 2400 Sapientiae
1479 2354 1533 2388 di-

111 2417 222 2451 citur:
254 2431 272 2449 «
302 2416 435 2462 Optavi
479 2427 512 2451 et
557 2418 659 2450 datus·
689 2426 738 2450 est
779 2415 865 2449 milii
908 2427 1042 2449 sensus.
1068 2430 1083 2445 »
1116 2414 1171 2450 Cf.
1202 2414 1395 2460 Taparelli‚
1421 2414 1539 2459 saggio

111 2478 222 2509 taor-et.
244 2476 385 2510 dissert.
415 2477 438 2509 I.
467 2487 543 2520 cap.
579 2476 641 2509 IV.
673 2474 723 2509 Aa!
763 2486 854 2509 senso
895 2475 1036 2508 inm-alc:
1081 2474 1183 2509 Card.
1214 2474 1357 2520 Sigism.
1387 2472 1538 2516 Gerdil,

109 2532 287 2581 dissarluz.
315 2544 416 2582 sopra
444 2536 600 2580 l'origt‘rza
634 2535 683 2569 del
709 2546 798 2569 senso
828 2536 966 2568 morale.
