1734 2784
712 110 770 118 ·-
804 97 885 141 335
920 109 978 118 -

251 182 306 225 ΙΙ.
340 182 522 239 Urgent.
573 182 775 225 Humana
815 181 924 225 ratio
973 180 1155 232 intimat,
1191 179 1299 237 «fac
1344 178 1495 221 bonum
1528 186 1561 220 et

136 256 230 298 vita
263 253 421 297 malum
443 270 486 308 >›‚
511 254 612 311 quin
646 252 699 297 de
731 254 828 297 Deo
873 253 1044 309 cogitet.
1096 253 1210 308 Ergo
1258 267 1346 294 non
1395 251 1563 293 intimat

143 326 378 384 simpliciter
409 333 455 368 ut
481 333 622 383 praeco
654 324 761 382 legis
809 324 1022 368 naturalis
1046 325 1235 367 —Dist.
1270 331 1353 366 cml.
1458 321 1563 380 quin

139 397 300 454 cogitet
332 395 383 439 de
416 397 513 439 Deo
547 396 726 454 explicite
758 410 861 440 conc.
893 395 960 439 vel
997 404 1143 447 trans„
1164 396 1267 452 quin
1301 393 1451 437 saltem
1485 394 1562 436 im-

132 469 268 526 plicite
302 468 460 525 cogitet
494 467 544 511 de
578 468 672 510 Deo
705 466 782 510 sub
816 479 1024 524 conceptu
1060 467 1167 509 entis
1201 466 1435 524 superioris
1470 464 1560 507 cui-

140 555 325 597 cumque
349 538 530 592 homini,
558 540 695 597 aliqua
718 539 1033 596 praecipientis,
1059 537 1135 581 alia
1159 537 1425 595 prohibentis
1450 552 1557 593 nego.

137 610 227 653 Etsi
245 625 367 653 mens
385 610 622 668 quandoque
647 610 688 655 in
707 609 943 652 illiusmodi
967 608 1293 666 pronuntiandis
1318 608 1558 651 dictamini-

137 681 214 724 bus
237 697 325 725 non
345 682 503 738 cogitet
523 681 699 738 explicite
732 680 783 724 de
807 681 918 738 Deo,
942 696 1112 738 semper
1135 693 1277 723 tamen
1301 680 1460 736 cogitat
1484 677 1563 721 sal-

136 764 224 796 tem
243 753 640 810 implicite.Semper
662 753 778 795 enim
797 753 839 795 in
859 751 938 794 illis
964 751 1131 795 iudiciis
1150 750 1382 793 involvitur
1407 765 1558 792 conce-

139 834 238 882 ptus
251 823 427 866 alicuius
447 823 635 866 occultae
653 825 871 881 potestatis
890 824 1123 880 superioris
1145 823 1400 879 cuicumque
1415 821 1563 864 homi-

135 895 195 952 ni,
218 911 324 953 quae
357 895 480 938 nobis
515 896 708 953 imperat,
733 907 773 938 et
797 896 933 947 cuius,
955 896 987 936 si
1014 907 1159 937 contra
1182 893 1379 947 facimus,
1411 904 1564 935 aucto-

139 967 306 1010 ritatem
339 967 657 1010 contemnimus
692 978 732 1009 et
763 967 871 1009 iram
906 967 1163 1009 incurrimus
1183 1001 1193 1021 ,
1227 981 1333 1023 quae
1367 977 1558 1022 potestas

139 1037 345 1081 obiective
378 1039 567 1096 inspecta
600 1050 640 1080 et
672 1038 714 1080 in
748 1053 792 1081 se
824 1053 912 1080 non
947 1049 1010 1080 est
1043 1038 1124 1079 nisi
1173 1038 1291 1079 Deus
1326 1035 1411 1093 (1).
1446 1036 1563 1091 Ergo

140 1124 261 1152 mens
294 1109 465 1167 quando
509 1126 556 1152 ea
588 1108 783 1152 efformat
816 1108 971 1151 iudicia
1004 1124 1175 1166 semper
1208 1108 1366 1164 cogitat
1409 1105 1562 1149 saltem

140 1181 343 1239 implicite
377 1181 429 1224 de
461 1183 555 1225 Deo
588 1180 665 1224 sub
699 1194 906 1239 conceptu
942 1182 1176 1238 superioris
1202 1179 1499 1238 praecipientis
1526 1190 1566 1221 et

144 1252 423 1311 prohibentis.

262 1323 338 1367 III.
372 1324 548 1367 Instant.
586 1324 812 1367 Dictamen
860 1324 1036 1365 rationis
1086 1323 1292 1380 practicae
1347 1337 1471 1378 saepe
1523 1321 1565 1362 in

140 1394 362 1453 operando
395 1410 483 1438 non
517 1396 651 1453 aperit
684 1395 824 1452 agenti
858 1395 939 1437 nisi
970 1395 1245 1437 intrinsecam
1275 1391 1563 1435 moralitatem

142 1467 332 1510 actionis.
366 1468 481 1524 Ergo
514 1481 601 1509 non
635 1482 804 1524 semper
837 1467 942 1509 ratio
978 1467 1160 1523 practica
1194 1466 1236 1508 in
1270 1465 1357 1507 suis
1391 1463 1562 1507 iudiciis

141 1539 302 1595 cogitat
325 1537 375 1581 de
397 1539 492 1581 Deo
515 1537 663 1581 saitem
688 1537 905 1595 implicite.
924 1563 980 1570 —
1007 1536 1264 1594 Respondeo
1289 1535 1365 1593 1.⁰)
1385 1536 1429 1579 Si
1449 1536 1563 1578 ratio

143 1609 329 1653 humana
360 1609 495 1653 solam
521 1609 723 1653 indicaret
749 1610 1021 1652 intrinsecam
1057 1609 1235 1651 actionis
1260 1607 1566 1660 moralitatem,

143 1681 170 1725 i.
204 1696 241 1724 e.
276 1680 412 1724 solam
446 1682 707 1738 exigentiam
741 1679 1023 1738 quarumdam
1059 1680 1277 1722 actionum
1326 1690 1371 1721 ut
1407 1692 1567 1720 conne-

142 1764 310 1796 ctantur
344 1767 442 1795 cum
476 1752 630 1795 ultimo
653 1750 754 1805 fine,
779 1751 940 1794 nullam
966 1750 1183 1793 induceret
1206 1750 1377 1808 proprie
1408 1749 1566 1792 dictam

144 1823 482 1881 obligationem:
516 1824 619 1866 haec
652 1824 764 1866 enim
799 1822 955 1879 absque
990 1822 1136 1864 actuali
1187 1823 1457 1864 connexione
1491 1837 1566 1864 ea-

146 1911 241 1939 rum
274 1896 490 1938 actionum
527 1912 623 1938 cum
657 1896 811 1937 ultimo
860 1893 943 1937 sine
985 1910 1072 1937 non
1118 1894 1382 1951 intelligitur,
1417 1905 1463 1935 ut
1513 1907 1567 1935 ex

144 1967 294 2010 tradita
318 1967 590 2025 obligationis
616 1966 862 2010 definitione
886 1978 1061 2009 constat.
1082 1966 1226 2023 Itaque
1251 1966 1392 2008 solum
1419 1979 1569 2022 quam-

147 2037 247 2081 dam
280 2038 524 2082 ostenderet
557 2038 806 2094 decentiam,
841 2053 967 2095 quam
1002 2050 1143 2079 tamen
1178 2037 1414 2080 decentiam
1463 2036 1569 2078 ratio

151 2112 331 2167 practica
363 2127 449 2154 non
484 2111 658 2168 efficeret,
690 2109 763 2153 sed
811 2118 1066 2163 cognosceret.
1103 2135 1154 2140 —
1177 2110 1338 2152 Verum
1376 2107 1457 2165 2⁰)
1492 2108 1569 2150 etsi

147 2195 231 2225 nos
265 2182 308 2225 in
340 2181 498 2234 schola,
522 2194 567 2224 ut
595 2181 787 2233 fecimus,
812 2180 1042 2223 theoretice
1067 2193 1107 2223 et
1142 2196 1214 2237 per
1238 2179 1568 2222 abstractionem

149 2254 304 2296 mentis
338 2254 558 2310 possimus
593 2253 862 2296 considerare
900 2253 1081 2295 seorsim
1118 2251 1401 2294 moralitatem
1440 2250 1569 2302 illam,

147 2339 276 2381 quam
310 2324 497 2367 diximus
531 2325 802 2367 intrinsecam
837 2335 877 2367 et
925 2323 1313 2375 fundar-mentalem,
1350 2333 1493 2364 tamen
1528 2320 1569 2362 in

256 2572 312 2617 (1)
341 2570 397 2606 Cf.
425 2572 642 2613 Liberatore,
669 2571 749 2606 Eth.
777 2583 809 2604 n.
835 2581 891 2617 91.
