<?xml version="1.0" encoding="UTF-8"?>
<!DOCTYPE html PUBLIC "-//W3C//DTD XHTML 1.0 Transitional//EN"
    "http://www.w3.org/TR/xhtml1/DTD/xhtml1-transitional.dtd">
<html xmlns="http://www.w3.org/1999/xhtml" xml:lang="en" lang="en">
 <head>
  <title>
</title>
<meta http-equiv="Content-Type" content="text/html;charset=utf-8" />
  <meta name='ocr-system' content='tesseract 3.04.00' />
  <meta name='ocr-capabilities' content='ocr_page ocr_carea ocr_par ocr_line ocrx_word'/>
</head>
<body>
  <div class='ocr_page' id='page_1' title='image "./institutionesphi01ferr_0402.png"; bbox 0 0 1734 2784; ppageno 0'>
   <div class='ocr_carea' id='block_1_1' title="bbox 800 121 1058 176">
    <p class='ocr_par' dir='ltr' id='par_1_1' title="bbox 800 121 1058 176">
     <span class='ocr_line' id='line_1_1' title="bbox 800 121 1058 176; baseline 0.012 -24"><span class='ocrx_word' id='word_1_1' title='bbox 800 121 1058 176; x_wconf 73' lang='lat'><strong>-382—</strong></span> 
     </span>
    </p>
   </div>
   <div class='ocr_carea' id='block_1_2' title="bbox 207 213 1634 1860">
    <p class='ocr_par' dir='ltr' id='par_1_2' title="bbox 212 213 1634 1068">
     <span class='ocr_line' id='line_1_2' title="bbox 218 213 1632 277; baseline 0.005 -18"><span class='ocrx_word' id='word_1_2' title='bbox 218 217 360 259; x_wconf 78' lang='lat' dir='ltr'>statuit</span> <span class='ocrx_word' id='word_1_3' title='bbox 394 213 590 258; x_wconf 82' lang='lat' dir='ltr'>adhibere</span> <span class='ocrx_word' id='word_1_4' title='bbox 624 214 821 259; x_wconf 84' lang='lat' dir='ltr'>homines</span> <span class='ocrx_word' id='word_1_5' title='bbox 855 228 1075 276; x_wconf 82' lang='lat' dir='ltr'>tamquam</span> <span class='ocrx_word' id='word_1_6' title='bbox 1110 231 1409 277; x_wconf 75' lang='lat' dir='ltr'>cooperatores</span> <span class='ocrx_word' id='word_1_7' title='bbox 1433 233 1472 265; x_wconf 88' lang='lat' dir='ltr'>et</span> <span class='ocrx_word' id='word_1_8' title='bbox 1497 222 1632 266; x_wconf 88' lang='lat' dir='ltr'>mini-</span> 
     </span>
     <span class='ocr_line' id='line_1_3' title="bbox 219 286 1634 349; baseline 0.006 -20"><span class='ocrx_word' id='word_1_9' title='bbox 219 301 328 330; x_wconf 83' lang='lat' dir='ltr'>stros</span> <span class='ocrx_word' id='word_1_10' title='bbox 363 288 402 328; x_wconf 90' lang='lat' dir='ltr'>in</span> <span class='ocrx_word' id='word_1_11' title='bbox 438 287 644 343; x_wconf 80' lang='lat' dir='ltr'>regimine</span> <span class='ocrx_word' id='word_1_12' title='bbox 677 286 841 341; x_wconf 88' lang='lat' dir='ltr'>mundi,</span> <span class='ocrx_word' id='word_1_13' title='bbox 876 288 934 331; x_wconf 92' lang='lat' dir='ltr'>eis</span> <span class='ocrx_word' id='word_1_14' title='bbox 969 301 1226 347; x_wconf 89' lang='lat' dir='ltr'>potestatem</span> <span class='ocrx_word' id='word_1_15' title='bbox 1261 290 1310 334; x_wconf 89' lang='lat' dir='ltr'>ad</span> <span class='ocrx_word' id='word_1_16' title='bbox 1355 291 1634 349; x_wconf 85' lang='lat' dir='ltr'>obligandum</span> 
     </span>
     <span class='ocr_line' id='line_1_4' title="bbox 218 357 1633 420; baseline 0.004 -16"><span class='ocrx_word' id='word_1_17' title='bbox 218 373 352 404; x_wconf 76' lang='lat' dir='ltr'>certos</span> <span class='ocrx_word' id='word_1_18' title='bbox 388 360 497 402; x_wconf 87' lang='lat' dir='ltr'>iutra</span> <span class='ocrx_word' id='word_1_19' title='bbox 528 357 684 402; x_wconf 90' lang='lat' dir='ltr'>limites</span> <span class='ocrx_word' id='word_1_20' title='bbox 720 360 1094 405; x_wconf 85' lang='lat' dir='ltr'>communicando.</span> <span class='ocrx_word' id='word_1_21' title='bbox 1131 363 1263 420; x_wconf 85' lang='lat' dir='ltr'>Atqui</span> <span class='ocrx_word' id='word_1_22' title='bbox 1298 362 1513 408; x_wconf 88' lang='lat' dir='ltr'>ordinatio</span> <span class='ocrx_word' id='word_1_23' title='bbox 1552 365 1633 409; x_wconf 91' lang='lat' dir='ltr'>Dei</span> 
     </span>
     <span class='ocr_line' id='line_1_5' title="bbox 214 429 1628 495; baseline 0.004 -21"><span class='ocrx_word' id='word_1_24' title='bbox 214 431 510 489; x_wconf 76' lang='lat' dir='ltr'>gubernatoris</span> <span class='ocrx_word' id='word_1_25' title='bbox 544 429 601 474; x_wconf 89' lang='lat' dir='ltr'>nil</span> <span class='ocrx_word' id='word_1_26' title='bbox 633 443 695 474; x_wconf 91' lang='lat' dir='ltr'>est</span> <span class='ocrx_word' id='word_1_27' title='bbox 727 429 839 474; x_wconf 89' lang='lat' dir='ltr'>aliud</span> <span class='ocrx_word' id='word_1_28' title='bbox 872 432 953 475; x_wconf 90' lang='lat' dir='ltr'>nisi</span> <span class='ocrx_word' id='word_1_29' title='bbox 986 430 1051 476; x_wconf 85' lang='lat' dir='ltr'>lex</span> <span class='ocrx_word' id='word_1_30' title='bbox 1085 445 1263 477; x_wconf 85' lang='lat' dir='ltr'>aeterna.</span> <span class='ocrx_word' id='word_1_31' title='bbox 1290 434 1406 492; x_wconf 85' lang='lat' dir='ltr'>Ergo</span> <span class='ocrx_word' id='word_1_32' title='bbox 1430 436 1628 495; x_wconf 88' lang='lat' dir='ltr'>princeps</span> 
     </span>
     <span class='ocr_line' id='line_1_6' title="bbox 215 500 1632 564; baseline 0.005 -20"><span class='ocrx_word' id='word_1_33' title='bbox 215 503 427 546; x_wconf 86' lang='lat' dir='ltr'>humanus</span> <span class='ocrx_word' id='word_1_34' title='bbox 461 513 715 560; x_wconf 87' lang='lat' dir='ltr'>potestatem</span> <span class='ocrx_word' id='word_1_35' title='bbox 750 500 1023 559; x_wconf 86' lang='lat' dir='ltr'>obligativam</span> <span class='ocrx_word' id='word_1_36' title='bbox 1058 502 1180 548; x_wconf 89' lang='lat' dir='ltr'>habet</span> <span class='ocrx_word' id='word_1_37' title='bbox 1213 521 1262 550; x_wconf 83' lang='lat' dir='ltr'>ex</span> <span class='ocrx_word' id='word_1_38' title='bbox 1295 504 1388 564; x_wconf 86' lang='lat' dir='ltr'>lege</span> <span class='ocrx_word' id='word_1_39' title='bbox 1436 519 1632 552; x_wconf 86' lang='lat' dir='ltr'>aeterna:</span> 
     </span>
     <span class='ocr_line' id='line_1_7' title="bbox 215 573 1634 634; baseline 0.004 -16"><span class='ocrx_word' id='word_1_40' title='bbox 215 577 390 634; x_wconf 86' lang='lat' dir='ltr'>eiusque</span> <span class='ocrx_word' id='word_1_41' title='bbox 423 586 559 628; x_wconf 87' lang='lat' dir='ltr'>actus,</span> <span class='ocrx_word' id='word_1_42' title='bbox 594 574 628 617; x_wconf 89' lang='lat' dir='ltr'>si</span> <span class='ocrx_word' id='word_1_43' title='bbox 662 573 904 631; x_wconf 82' lang='lat' dir='ltr'>obligatorii</span> <span class='ocrx_word' id='word_1_44' title='bbox 939 587 1051 629; x_wconf 85' lang='lat' dir='ltr'>sunt,</span> <span class='ocrx_word' id='word_1_45' title='bbox 1086 589 1182 620; x_wconf 91' lang='lat' dir='ltr'>sunt</span> <span class='ocrx_word' id='word_1_46' title='bbox 1229 577 1331 621; x_wconf 87' lang='lat' dir='ltr'>tales</span> <span class='ocrx_word' id='word_1_47' title='bbox 1367 594 1416 622; x_wconf 86' lang='lat' dir='ltr'>ex</span> <span class='ocrx_word' id='word_1_48' title='bbox 1455 577 1634 624; x_wconf 82' lang='lat' dir='ltr'>efficacia</span> 
     </span>
     <span class='ocr_line' id='line_1_8' title="bbox 212 645 1634 706; baseline 0.004 -18"><span class='ocrx_word' id='word_1_49' title='bbox 212 645 316 704; x_wconf 81' lang='lat' dir='ltr'>legis</span> <span class='ocrx_word' id='word_1_50' title='bbox 349 658 553 689; x_wconf 78' lang='lat' dir='ltr'>aeternae.</span> <span class='ocrx_word' id='word_1_51' title='bbox 588 645 733 702; x_wconf 83' lang='lat' dir='ltr'>Itaque</span> <span class='ocrx_word' id='word_1_52' title='bbox 775 646 893 689; x_wconf 91' lang='lat' dir='ltr'>Deus</span> <span class='ocrx_word' id='word_1_53' title='bbox 928 659 989 690; x_wconf 89' lang='lat' dir='ltr'>est</span> <span class='ocrx_word' id='word_1_54' title='bbox 1029 647 1274 691; x_wconf 85' lang='lat' dir='ltr'>universalis</span> <span class='ocrx_word' id='word_1_55' title='bbox 1306 648 1523 706; x_wconf 81' lang='lat' dir='ltr'>legislator</span> <span class='ocrx_word' id='word_1_56' title='bbox 1569 650 1634 695; x_wconf 91' lang='lat' dir='ltr'>vel</span> 
     </span>
     <span class='ocr_line' id='line_1_9' title="bbox 213 717 1633 778; baseline 0.004 -17"><span class='ocrx_word' id='word_1_57' title='bbox 213 719 405 776; x_wconf 72' lang='lat' dir='ltr'><em>suppositi</em></span> <span class='ocrx_word' id='word_1_58' title='bbox 438 717 737 761; x_wconf 76' lang='lat' dir='ltr'>immediatione</span> <span class='ocrx_word' id='word_1_59' title='bbox 770 718 835 761; x_wconf 88' lang='lat' dir='ltr'>vel</span> <span class='ocrx_word' id='word_1_60' title='bbox 869 719 1052 772; x_wconf 80' lang='lat' dir='ltr'>virtutis,</span> <span class='ocrx_word' id='word_1_61' title='bbox 1088 731 1133 762; x_wconf 93' lang='lat' dir='ltr'>ut</span> <span class='ocrx_word' id='word_1_62' title='bbox 1167 718 1414 778; x_wconf 80' lang='lat' dir='ltr'>philosophi</span> <span class='ocrx_word' id='word_1_63' title='bbox 1463 737 1633 766; x_wconf 89' lang='lat' dir='ltr'>sermo-</span> 
     </span>
     <span class='ocr_line' id='line_1_10' title="bbox 215 789 1634 848; baseline 0.001 -14"><span class='ocrx_word' id='word_1_64' title='bbox 215 791 407 834; x_wconf 90' lang='lat' dir='ltr'>cinantur</span> <span class='ocrx_word' id='word_1_65' title='bbox 438 789 524 848; x_wconf 84' lang='lat'>(1).</span> <span class='ocrx_word' id='word_1_66' title='bbox 561 790 686 843; x_wconf 86' lang='lat' dir='ltr'>Quae</span> <span class='ocrx_word' id='word_1_67' title='bbox 720 789 865 833; x_wconf 92' lang='lat' dir='ltr'>omnia</span> <span class='ocrx_word' id='word_1_68' title='bbox 899 801 1041 848; x_wconf 85' lang='lat' dir='ltr'>aperte</span> <span class='ocrx_word' id='word_1_69' title='bbox 1085 789 1337 848; x_wconf 82' lang='lat' dir='ltr'>significavit</span> <span class='ocrx_word' id='word_1_70' title='bbox 1380 792 1521 837; x_wconf 84' lang='lat' dir='ltr'>divina</span> <span class='ocrx_word' id='word_1_71' title='bbox 1554 794 1634 838; x_wconf 79' lang='lat' dir='ltr'>Sa—</span> 
     </span>
     <span class='ocr_line' id='line_1_11' title="bbox 213 860 1633 924; baseline 0.004 -20"><span class='ocrx_word' id='word_1_72' title='bbox 213 862 371 921; x_wconf 80' lang='lat' dir='ltr'>pientia</span> <span class='ocrx_word' id='word_1_73' title='bbox 404 877 501 905; x_wconf 90' lang='lat' dir='ltr'>cum</span> <span class='ocrx_word' id='word_1_74' title='bbox 536 860 639 905; x_wconf 83' lang='lat' dir='ltr'>dixit</span> <span class='ocrx_word' id='word_1_75' title='bbox 670 860 770 920; x_wconf 86' lang='lat'><strong>(2):</strong></span> <span class='ocrx_word' id='word_1_76' title='bbox 798 862 871 906; x_wconf 76' lang='lat' dir='ltr'>Per</span> <span class='ocrx_word' id='word_1_77' title='bbox 896 878 954 906; x_wconf 77' lang='lat' dir='ltr'>me</span> <span class='ocrx_word' id='word_1_78' title='bbox 978 879 1084 921; x_wconf 70' lang='lat' dir='ltr'>reges</span> <span class='ocrx_word' id='word_1_79' title='bbox 1109 873 1292 921; x_wconf 77' lang='lat' dir='ltr'>regnant,</span> <span class='ocrx_word' id='word_1_80' title='bbox 1318 865 1466 924; x_wconf 90' lang='lat' dir='ltr'>utique</span> <span class='ocrx_word' id='word_1_81' title='bbox 1503 881 1633 924; x_wconf 89' lang='lat' dir='ltr'>quan-</span> 
     </span>
     <span class='ocr_line' id='line_1_12' title="bbox 212 937 1632 998; baseline 0.004 -16"><span class='ocrx_word' id='word_1_82' title='bbox 212 951 304 982; x_wconf 88' lang='lat' dir='ltr'>tum</span> <span class='ocrx_word' id='word_1_83' title='bbox 338 938 389 981; x_wconf 85' lang='lat' dir='ltr'>ad</span> <span class='ocrx_word' id='word_1_84' title='bbox 422 949 678 996; x_wconf 83' lang='lat' dir='ltr'>potestatem</span> <span class='ocrx_word' id='word_1_85' title='bbox 713 937 1004 996; x_wconf 84' lang='lat' dir='ltr'>obligativam‚</span> <span class='ocrx_word' id='word_1_86' title='bbox 1039 947 1073 983; x_wconf 81' lang='lat' dir='ltr'>et</span> <span class='ocrx_word' id='word_1_87' title='bbox 1105 940 1235 998; x_wconf 75' lang='lat' dir='ltr'>legum</span> <span class='ocrx_word' id='word_1_88' title='bbox 1267 941 1490 987; x_wconf 80' lang='lat' dir='ltr'>conditores</span> <span class='ocrx_word' id='word_1_89' title='bbox 1523 943 1632 987; x_wconf 76' lang='lat' dir='ltr'>iusta</span> 
     </span>
     <span class='ocr_line' id='line_1_13' title="bbox 215 1010 1392 1068; baseline 0.002 -14"><span class='ocrx_word' id='word_1_90' title='bbox 215 1010 441 1064; x_wconf 72' lang='lat' dir='ltr'>decernunt,</span> <span class='ocrx_word' id='word_1_91' title='bbox 476 1010 623 1068; x_wconf 89' lang='lat' dir='ltr'>utique</span> <span class='ocrx_word' id='word_1_92' title='bbox 657 1021 865 1068; x_wconf 83' lang='lat' dir='ltr'>quantum</span> <span class='ocrx_word' id='word_1_93' title='bbox 900 1010 951 1054; x_wconf 92' lang='lat' dir='ltr'>ad</span> <span class='ocrx_word' id='word_1_94' title='bbox 984 1023 1140 1055; x_wconf 87' lang='lat' dir='ltr'>rectam</span> <span class='ocrx_word' id='word_1_95' title='bbox 1170 1012 1392 1056; x_wconf 87' lang='lat' dir='ltr'>rationem.</span> 
     </span>
    </p>

    <p class='ocr_par' dir='ltr' id='par_1_3' title="bbox 211 1080 1633 1284">
     <span class='ocr_line' id='line_1_14' title="bbox 330 1080 1633 1143; baseline 0.005 -18"><span class='ocrx_word' id='word_1_96' title='bbox 330 1082 384 1125; x_wconf 89' lang='grc' dir='ltr'>ΙΙ.</span> <span class='ocrx_word' id='word_1_97' title='bbox 420 1080 809 1136; x_wconf 80' lang='lat' dir='ltr'>Quemadmodum</span> <span class='ocrx_word' id='word_1_98' title='bbox 843 1082 983 1141; x_wconf 85' lang='lat' dir='ltr'>legem</span> <span class='ocrx_word' id='word_1_99' title='bbox 1029 1084 1256 1141; x_wconf 85' lang='lat' dir='ltr'>positivam</span> <span class='ocrx_word' id='word_1_100' title='bbox 1296 1099 1394 1127; x_wconf 89' lang='lat' dir='ltr'>cum</span> <span class='ocrx_word' id='word_1_101' title='bbox 1443 1084 1535 1143; x_wconf 90' lang='lat' dir='ltr'>lege</span> <span class='ocrx_word' id='word_1_102' title='bbox 1568 1101 1633 1131; x_wconf 88' lang='lat' dir='ltr'>ae-</span> 
     </span>
     <span class='ocr_line' id='line_1_15' title="bbox 211 1154 1632 1212; baseline 0.003 -14"><span class='ocrx_word' id='word_1_103' title='bbox 211 1167 328 1198; x_wconf 83' lang='lat' dir='ltr'>terua</span> <span class='ocrx_word' id='word_1_104' title='bbox 361 1154 722 1212; x_wconf 82' lang='lat' dir='ltr'>comparavimus,</span> <span class='ocrx_word' id='word_1_105' title='bbox 758 1155 812 1199; x_wconf 89' lang='lat' dir='ltr'>ita</span> <span class='ocrx_word' id='word_1_106' title='bbox 846 1155 1041 1199; x_wconf 88' lang='lat' dir='ltr'>eamdem</span> <span class='ocrx_word' id='word_1_107' title='bbox 1077 1172 1189 1199; x_wconf 90' lang='lat' dir='ltr'>nunc</span> <span class='ocrx_word' id='word_1_108' title='bbox 1232 1155 1500 1201; x_wconf 85' lang='lat' dir='ltr'>conferemus</span> <span class='ocrx_word' id='word_1_109' title='bbox 1535 1174 1632 1203; x_wconf 87' lang='lat' dir='ltr'>cum</span> 
     </span>
     <span class='ocr_line' id='line_1_16' title="bbox 212 1226 529 1284; baseline 0.003 -15"><span class='ocrx_word' id='word_1_110' title='bbox 212 1227 304 1284; x_wconf 82' lang='lat' dir='ltr'>lege</span> <span class='ocrx_word' id='word_1_111' title='bbox 339 1226 529 1270; x_wconf 87' lang='lat' dir='ltr'>naturali.</span> 
     </span>
    </p>

    <p class='ocr_par' dir='ltr' id='par_1_4' title="bbox 207 1297 1633 1860">
     <span class='ocr_line' id='line_1_17' title="bbox 330 1297 1630 1360; baseline 0.003 -18"><span class='ocrx_word' id='word_1_112' title='bbox 330 1300 391 1342; x_wconf 90' lang='lat' dir='ltr'>Ac</span> <span class='ocrx_word' id='word_1_113' title='bbox 416 1298 548 1356; x_wconf 74' lang='lat' dir='ltr'>primo</span> <span class='ocrx_word' id='word_1_114' title='bbox 583 1297 756 1356; x_wconf 89' lang='lat' dir='ltr'>quidem</span> <span class='ocrx_word' id='word_1_115' title='bbox 779 1298 845 1342; x_wconf 82' lang='lat' dir='ltr'>lex</span> <span class='ocrx_word' id='word_1_116' title='bbox 868 1300 1048 1357; x_wconf 84' lang='lat' dir='ltr'>positiva</span> <span class='ocrx_word' id='word_1_117' title='bbox 1070 1300 1142 1358; x_wconf 83' lang='lat'>(3)</span> <span class='ocrx_word' id='word_1_118' title='bbox 1161 1302 1467 1360; x_wconf 87' lang='lat' dir='ltr'>praesupponit</span> <span class='ocrx_word' id='word_1_119' title='bbox 1491 1301 1630 1360; x_wconf 89' lang='lat' dir='ltr'>legem</span> 
     </span>
     <span class='ocr_line' id='line_1_18' title="bbox 209 1370 1633 1431; baseline 0.003 -17"><span class='ocrx_word' id='word_1_120' title='bbox 209 1370 455 1414; x_wconf 84' lang='lat' dir='ltr'>naturalem.</span> <span class='ocrx_word' id='word_1_121' title='bbox 490 1370 659 1414; x_wconf 87' lang='lat' dir='ltr'>Etenim</span> <span class='ocrx_word' id='word_1_122' title='bbox 697 1372 892 1429; x_wconf 85' lang='lat' dir='ltr'>quamvis</span> <span class='ocrx_word' id='word_1_123' title='bbox 926 1372 1068 1414; x_wconf 91' lang='lat' dir='ltr'>omnis</span> <span class='ocrx_word' id='word_1_124' title='bbox 1102 1370 1167 1415; x_wconf 86' lang='lat' dir='ltr'>lex</span> <span class='ocrx_word' id='word_1_125' title='bbox 1201 1373 1464 1431; x_wconf 86' lang='lat' dir='ltr'>temporaliS‚</span> <span class='ocrx_word' id='word_1_126' title='bbox 1504 1387 1550 1417; x_wconf 93' lang='lat' dir='ltr'>ut</span> <span class='ocrx_word' id='word_1_127' title='bbox 1583 1391 1633 1418; x_wconf 86' lang='lat' dir='ltr'>ex</span> 
     </span>
     <span class='ocr_line' id='line_1_19' title="bbox 210 1441 1631 1504; baseline 0.003 -18"><span class='ocrx_word' id='word_1_128' title='bbox 210 1442 331 1486; x_wconf 90' lang='lat' dir='ltr'>dictis</span> <span class='ocrx_word' id='word_1_129' title='bbox 365 1443 408 1484; x_wconf 91' lang='lat' dir='ltr'>in</span> <span class='ocrx_word' id='word_1_130' title='bbox 440 1441 719 1500; x_wconf 87' lang='lat' dir='ltr'>praecedente</span> <span class='ocrx_word' id='word_1_131' title='bbox 749 1453 870 1501; x_wconf 84' lang='lat' dir='ltr'>parte</span> <span class='ocrx_word' id='word_1_132' title='bbox 904 1455 1084 1501; x_wconf 89' lang='lat' dir='ltr'>constat,</span> <span class='ocrx_word' id='word_1_133' title='bbox 1117 1458 1215 1488; x_wconf 85' lang='lat' dir='ltr'>vere</span> <span class='ocrx_word' id='word_1_134' title='bbox 1258 1445 1310 1488; x_wconf 91' lang='lat' dir='ltr'>sit</span> <span class='ocrx_word' id='word_1_135' title='bbox 1364 1446 1631 1504; x_wconf 88' lang='lat' dir='ltr'>participatio</span> 
     </span>
     <span class='ocr_line' id='line_1_20' title="bbox 209 1512 1632 1571; baseline 0.004 -15"><span class='ocrx_word' id='word_1_136' title='bbox 209 1512 315 1571; x_wconf 82' lang='lat' dir='ltr'>legis</span> <span class='ocrx_word' id='word_1_137' title='bbox 347 1525 562 1571; x_wconf 79' lang='lat' dir='ltr'>aeternae3</span> <span class='ocrx_word' id='word_1_138' title='bbox 595 1525 738 1557; x_wconf 89' lang='lat' dir='ltr'>tamen</span> <span class='ocrx_word' id='word_1_139' title='bbox 773 1513 857 1557; x_wconf 90' lang='lat' dir='ltr'>hoc</span> <span class='ocrx_word' id='word_1_140' title='bbox 889 1513 1110 1559; x_wconf 89' lang='lat' dir='ltr'>intercedit</span> <span class='ocrx_word' id='word_1_141' title='bbox 1143 1515 1375 1560; x_wconf 89' lang='lat' dir='ltr'>discrimen</span> <span class='ocrx_word' id='word_1_142' title='bbox 1419 1516 1528 1561; x_wconf 90' lang='lat' dir='ltr'>inter</span> <span class='ocrx_word' id='word_1_143' title='bbox 1560 1534 1632 1562; x_wconf 87' lang='lat' dir='ltr'>na—</span> 
     </span>
     <span class='ocr_line' id='line_1_21' title="bbox 209 1584 1631 1647; baseline 0.003 -18"><span class='ocrx_word' id='word_1_144' title='bbox 209 1584 391 1629; x_wconf 87' lang='lat' dir='ltr'>turalem</span> <span class='ocrx_word' id='word_1_145' title='bbox 423 1585 563 1643; x_wconf 86' lang='lat' dir='ltr'>legem</span> <span class='ocrx_word' id='word_1_146' title='bbox 596 1597 637 1629; x_wconf 87' lang='lat' dir='ltr'>et</span> <span class='ocrx_word' id='word_1_147' title='bbox 669 1585 924 1644; x_wconf 81' lang='lat' dir='ltr'>positivam,</span> <span class='ocrx_word' id='word_1_148' title='bbox 959 1586 1075 1645; x_wconf 93' lang='lat' dir='ltr'>quod</span> <span class='ocrx_word' id='word_1_149' title='bbox 1124 1586 1321 1631; x_wconf 88' lang='lat' dir='ltr'>naturalis</span> <span class='ocrx_word' id='word_1_150' title='bbox 1371 1589 1425 1631; x_wconf 88' lang='lat' dir='ltr'>sit</span> <span class='ocrx_word' id='word_1_151' title='bbox 1463 1590 1631 1647; x_wconf 81' lang='lat' dir='ltr'>prima,</span> 
     </span>
     <span class='ocr_line' id='line_1_22' title="bbox 207 1657 1631 1718; baseline 0.004 -18"><span class='ocrx_word' id='word_1_152' title='bbox 207 1658 390 1716; x_wconf 89' lang='lat' dir='ltr'>positiva</span> <span class='ocrx_word' id='word_1_153' title='bbox 423 1670 563 1701; x_wconf 86' lang='lat' dir='ltr'>autem</span> <span class='ocrx_word' id='word_1_154' title='bbox 597 1657 771 1702; x_wconf 74' lang='lat' dir='ltr'>secunda</span> <span class='ocrx_word' id='word_1_155' title='bbox 803 1657 861 1717; x_wconf 84' lang='lat' dir='ltr'>(si</span> <span class='ocrx_word' id='word_1_156' title='bbox 896 1657 1037 1702; x_wconf 88' lang='lat' dir='ltr'>divina</span> <span class='ocrx_word' id='word_1_157' title='bbox 1071 1659 1140 1712; x_wconf 89' lang='lat' dir='ltr'>sit,</span> <span class='ocrx_word' id='word_1_158' title='bbox 1176 1659 1452 1718; x_wconf 87' lang='lat' dir='ltr'>immediata,</span> <span class='ocrx_word' id='word_1_159' title='bbox 1487 1662 1520 1703; x_wconf 89' lang='lat' dir='ltr'>si</span> <span class='ocrx_word' id='word_1_160' title='bbox 1553 1661 1631 1705; x_wconf 87' lang='lat' dir='ltr'>hu—</span> 
     </span>
     <span class='ocr_line' id='line_1_23' title="bbox 209 1727 1631 1789; baseline 0.002 -17"><span class='ocrx_word' id='word_1_161' title='bbox 209 1744 348 1785; x_wconf 88' lang='lat' dir='ltr'>mana,</span> <span class='ocrx_word' id='word_1_162' title='bbox 383 1728 586 1788; x_wconf 85' lang='lat' dir='ltr'>mediata)</span> <span class='ocrx_word' id='word_1_163' title='bbox 618 1727 723 1786; x_wconf 85' lang='lat' dir='ltr'>legis</span> <span class='ocrx_word' id='word_1_164' title='bbox 759 1741 952 1773; x_wconf 87' lang='lat' dir='ltr'>aeternae</span> <span class='ocrx_word' id='word_1_165' title='bbox 984 1729 1263 1788; x_wconf 90' lang='lat' dir='ltr'>participatio.</span> <span class='ocrx_word' id='word_1_166' title='bbox 1289 1730 1385 1774; x_wconf 91' lang='lat' dir='ltr'>Hoc</span> <span class='ocrx_word' id='word_1_167' title='bbox 1418 1730 1550 1789; x_wconf 89' lang='lat' dir='ltr'>liquet</span> <span class='ocrx_word' id='word_1_168' title='bbox 1582 1748 1631 1776; x_wconf 83' lang='lat' dir='ltr'>ex</span> 
     </span>
     <span class='ocr_line' id='line_1_24' title="bbox 207 1799 1630 1860; baseline 0.003 -18"><span class='ocrx_word' id='word_1_169' title='bbox 207 1800 296 1859; x_wconf 88' lang='lat' dir='ltr'>ipsa</span> <span class='ocrx_word' id='word_1_170' title='bbox 330 1816 455 1855; x_wconf 88' lang='lat' dir='ltr'>voce,</span> <span class='ocrx_word' id='word_1_171' title='bbox 489 1816 570 1859; x_wconf 90' lang='lat' dir='ltr'>qua</span> <span class='ocrx_word' id='word_1_172' title='bbox 608 1799 909 1844; x_wconf 88' lang='lat' dir='ltr'>denominatur</span> <span class='ocrx_word' id='word_1_173' title='bbox 956 1801 1184 1845; x_wconf 76' lang='lat' dir='ltr'>naturalis:</span> <span class='ocrx_word' id='word_1_174' title='bbox 1219 1801 1434 1860; x_wconf 85' lang='lat' dir='ltr'>siquidem</span> <span class='ocrx_word' id='word_1_175' title='bbox 1483 1815 1630 1846; x_wconf 87' lang='lat' dir='ltr'>natura</span> 
     </span>
    </p>
   </div>
   <div class='ocr_carea' id='block_1_3' title="bbox 209 1937 454 1945">
    <p class='ocr_par' dir='ltr' id='par_1_5' title="bbox 209 1937 454 1945">
     <span class='ocr_line' id='line_1_25' title="bbox 209 1937 454 1945; baseline 0 839"><span class='ocrx_word' id='word_1_176' title='bbox 209 1937 454 1945; x_wconf 95' lang='lat' dir='ltr'> </span> 
     </span>
    </p>
   </div>
   <div class='ocr_carea' id='block_1_4' title="bbox 204 2009 1629 2656">
    <p class='ocr_par' dir='ltr' id='par_1_6' title="bbox 302 2009 1220 2057">
     <span class='ocr_line' id='line_1_26' title="bbox 302 2009 1220 2057; baseline -0.001 -12"><span class='ocrx_word' id='word_1_177' title='bbox 302 2009 354 2055; x_wconf 91' lang='lat'>(1)</span> <span class='ocrx_word' id='word_1_178' title='bbox 378 2009 434 2045; x_wconf 88' lang='lat' dir='ltr'>Cf.</span> <span class='ocrx_word' id='word_1_179' title='bbox 460 2010 589 2046; x_wconf 89' lang='lat' dir='ltr'>Suarez</span> <span class='ocrx_word' id='word_1_180' title='bbox 616 2009 652 2044; x_wconf 89' lang='lat' dir='ltr'>in</span> <span class='ocrx_word' id='word_1_181' title='bbox 681 2020 844 2056; x_wconf 88' lang='lat' dir='ltr'>prooem.</span> <span class='ocrx_word' id='word_1_182' title='bbox 871 2009 915 2045; x_wconf 88' lang='lat' dir='ltr'>ad</span> <span class='ocrx_word' id='word_1_183' title='bbox 940 2009 1052 2045; x_wconf 88' lang='lat' dir='ltr'>libros</span> <span class='ocrx_word' id='word_1_184' title='bbox 1079 2010 1122 2045; x_wconf 87' lang='lat' dir='ltr'>de</span> <span class='ocrx_word' id='word_1_185' title='bbox 1153 2010 1220 2057; x_wconf 83' lang='lat' dir='ltr'>leg.</span> 
     </span>
    </p>

    <p class='ocr_par' dir='ltr' id='par_1_7' title="bbox 210 2069 1628 2177">
     <span class='ocr_line' id='line_1_27' title="bbox 301 2069 1628 2117; baseline 0.002 -12"><span class='ocrx_word' id='word_1_186' title='bbox 301 2070 357 2116; x_wconf 90' lang='lat'>(2)</span> <span class='ocrx_word' id='word_1_187' title='bbox 380 2071 488 2106; x_wconf 88' lang='lat' dir='ltr'>Prov.</span> <span class='ocrx_word' id='word_1_188' title='bbox 510 2069 543 2105; x_wconf 91' lang='lat'>8.</span> <span class='ocrx_word' id='word_1_189' title='bbox 565 2070 620 2105; x_wconf 87' lang='lat' dir='ltr'>De</span> <span class='ocrx_word' id='word_1_190' title='bbox 639 2070 706 2105; x_wconf 86' lang='lat' dir='ltr'>hac</span> <span class='ocrx_word' id='word_1_191' title='bbox 727 2070 935 2117; x_wconf 82' lang='lat' dir='ltr'>quaestione</span> <span class='ocrx_word' id='word_1_192' title='bbox 950 2069 995 2105; x_wconf 89' lang='lat' dir='ltr'>cf.</span> <span class='ocrx_word' id='word_1_193' title='bbox 1016 2081 1042 2104; x_wconf 83' lang='grc'>5.</span> <span class='ocrx_word' id='word_1_194' title='bbox 1063 2070 1260 2113; x_wconf 87' lang='lat' dir='ltr'>Thomam,</span> <span class='ocrx_word' id='word_1_195' title='bbox 1284 2081 1309 2105; x_wconf 86' lang='lat'>1¹</span> <span class='ocrx_word' id='word_1_196' title='bbox 1332 2080 1362 2105; x_wconf 88' lang='lat'>2.</span> <span class='ocrx_word' id='word_1_197' title='bbox 1383 2083 1414 2117; x_wconf 91' lang='lat' dir='ltr'>q.</span> <span class='ocrx_word' id='word_1_198' title='bbox 1434 2081 1490 2117; x_wconf 88' lang='lat'>93.</span> <span class='ocrx_word' id='word_1_199' title='bbox 1510 2080 1575 2107; x_wconf 87' lang='lat' dir='ltr'>art.</span> <span class='ocrx_word' id='word_1_200' title='bbox 1599 2082 1628 2116; x_wconf 79' lang='lat'>3.</span> 
     </span>
     <span class='ocr_line' id='line_1_28' title="bbox 210 2129 1168 2177; baseline -0.002 -10"><span class='ocrx_word' id='word_1_201' title='bbox 210 2141 362 2167; x_wconf 84' lang='lat' dir='ltr'>«utrum</span> <span class='ocrx_word' id='word_1_202' title='bbox 390 2131 512 2166; x_wconf 91' lang='lat' dir='ltr'>omnis</span> <span class='ocrx_word' id='word_1_203' title='bbox 538 2131 595 2166; x_wconf 83' lang='lat' dir='ltr'>lex</span> <span class='ocrx_word' id='word_1_204' title='bbox 621 2142 640 2165; x_wconf 92' lang='lat' dir='ltr'>a</span> <span class='ocrx_word' id='word_1_205' title='bbox 666 2130 746 2177; x_wconf 88' lang='lat' dir='ltr'>lege</span> <span class='ocrx_word' id='word_1_206' title='bbox 772 2140 917 2166; x_wconf 82' lang='lat' dir='ltr'>aeterna</span> <span class='ocrx_word' id='word_1_207' title='bbox 945 2129 1135 2166; x_wconf 89' lang='lat' dir='ltr'>derivetur.</span> <span class='ocrx_word' id='word_1_208' title='bbox 1152 2145 1168 2161; x_wconf 80' lang='lat'><strong>»</strong></span> 
     </span>
    </p>

    <p class='ocr_par' dir='ltr' id='par_1_8' title="bbox 204 2188 1629 2656">
     <span class='ocr_line' id='line_1_29' title="bbox 301 2188 1629 2237; baseline -0.002 -11"><span class='ocrx_word' id='word_1_209' title='bbox 301 2191 358 2236; x_wconf 89' lang='lat'>(3)</span> <span class='ocrx_word' id='word_1_210' title='bbox 386 2190 480 2226; x_wconf 88' lang='lat' dir='ltr'>Cum</span> <span class='ocrx_word' id='word_1_211' title='bbox 507 2190 658 2225; x_wconf 88' lang='lat' dir='ltr'>dicimus</span> <span class='ocrx_word' id='word_1_212' title='bbox 685 2189 781 2237; x_wconf 91' lang='lat' dir='ltr'>quod</span> <span class='ocrx_word' id='word_1_213' title='bbox 809 2190 866 2225; x_wconf 91' lang='lat' dir='ltr'>lex</span> <span class='ocrx_word' id='word_1_214' title='bbox 893 2189 1048 2236; x_wconf 90' lang='lat' dir='ltr'>positiva</span> <span class='ocrx_word' id='word_1_215' title='bbox 1076 2188 1197 2224; x_wconf 86' lang='lat' dir='ltr'>divina</span> <span class='ocrx_word' id='word_1_216' title='bbox 1224 2190 1408 2235; x_wconf 86' lang='lat' dir='ltr'>supponit,</span> <span class='ocrx_word' id='word_1_217' title='bbox 1429 2189 1547 2237; x_wconf 84' lang='lat' dir='ltr'>legem</span> <span class='ocrx_word' id='word_1_218' title='bbox 1574 2191 1629 2225; x_wconf 91' lang='lat' dir='ltr'>di-</span> 
     </span>
     <span class='ocr_line' id='line_1_30' title="bbox 204 2248 1628 2295; baseline 0 -10"><span class='ocrx_word' id='word_1_219' title='bbox 204 2250 325 2285; x_wconf 86' lang='lat' dir='ltr'>vinam</span> <span class='ocrx_word' id='word_1_220' title='bbox 352 2249 566 2290; x_wconf 79' lang='lat' dir='ltr'>naturalem,</span> <span class='ocrx_word' id='word_1_221' title='bbox 593 2261 713 2284; x_wconf 89' lang='lat' dir='ltr'>sermo</span> <span class='ocrx_word' id='word_1_222' title='bbox 741 2249 848 2284; x_wconf 89' lang='lat' dir='ltr'>nobis</span> <span class='ocrx_word' id='word_1_223' title='bbox 874 2257 937 2292; x_wconf 79' lang='lat' dir='ltr'>est,</span> <span class='ocrx_word' id='word_1_224' title='bbox 970 2258 1006 2284; x_wconf 90' lang='lat' dir='ltr'>ut</span> <span class='ocrx_word' id='word_1_225' title='bbox 1035 2257 1144 2295; x_wconf 88' lang='lat' dir='ltr'>patet,</span> <span class='ocrx_word' id='word_1_226' title='bbox 1174 2259 1248 2283; x_wconf 85' lang='lat' dir='ltr'>non</span> <span class='ocrx_word' id='word_1_227' title='bbox 1275 2248 1318 2284; x_wconf 90' lang='lat' dir='ltr'>de</span> <span class='ocrx_word' id='word_1_228' title='bbox 1348 2248 1435 2295; x_wconf 43' lang='lat' dir='ltr'>‚lege</span> <span class='ocrx_word' id='word_1_229' title='bbox 1473 2249 1628 2295; x_wconf 88' lang='lat' dir='ltr'>positiva</span> 
     </span>
     <span class='ocr_line' id='line_1_31' title="bbox 206 2307 1629 2355; baseline 0 -12"><span class='ocrx_word' id='word_1_230' title='bbox 206 2309 326 2344; x_wconf 88' lang='lat' dir='ltr'>divina</span> <span class='ocrx_word' id='word_1_231' title='bbox 353 2310 468 2345; x_wconf 85' lang='lat' dir='ltr'>active</span> <span class='ocrx_word' id='word_1_232' title='bbox 494 2317 653 2355; x_wconf 89' lang='lat' dir='ltr'>spectata</span> <span class='ocrx_word' id='word_1_233' title='bbox 679 2309 717 2343; x_wconf 87' lang='lat' dir='ltr'>in</span> <span class='ocrx_word' id='word_1_234' title='bbox 744 2309 836 2352; x_wconf 84' lang='lat' dir='ltr'>Deo,</span> <span class='ocrx_word' id='word_1_235' title='bbox 863 2308 927 2344; x_wconf 90' lang='lat' dir='ltr'>sub</span> <span class='ocrx_word' id='word_1_236' title='bbox 954 2319 1021 2355; x_wconf 90' lang='lat' dir='ltr'>qua</span> <span class='ocrx_word' id='word_1_237' title='bbox 1049 2307 1340 2343; x_wconf 86' lang='lat' dir='ltr'>consideratione</span> <span class='ocrx_word' id='word_1_238' title='bbox 1377 2315 1429 2342; x_wconf 90' lang='lat' dir='ltr'>est</span> <span class='ocrx_word' id='word_1_239' title='bbox 1456 2307 1513 2342; x_wconf 86' lang='lat' dir='ltr'>lex</span> <span class='ocrx_word' id='word_1_240' title='bbox 1553 2309 1629 2355; x_wconf 84' lang='lat' dir='ltr'>ipsa</span> 
     </span>
     <span class='ocr_line' id='line_1_32' title="bbox 206 2366 1627 2415; baseline 0 -11"><span class='ocrx_word' id='word_1_241' title='bbox 206 2378 349 2405; x_wconf 88' lang='lat' dir='ltr'>aeterna</span> <span class='ocrx_word' id='word_1_242' title='bbox 375 2369 575 2404; x_wconf 89' lang='lat' dir='ltr'>secundum</span> <span class='ocrx_word' id='word_1_243' title='bbox 604 2377 824 2415; x_wconf 91' lang='lat' dir='ltr'>conceptum</span> <span class='ocrx_word' id='word_1_244' title='bbox 852 2368 926 2404; x_wconf 89' lang='lat' dir='ltr'>eius</span> <span class='ocrx_word' id='word_1_245' title='bbox 952 2366 1225 2415; x_wconf 82' lang='lat' dir='ltr'>inadaequatum,</span> <span class='ocrx_word' id='word_1_246' title='bbox 1253 2376 1289 2403; x_wconf 90' lang='lat' dir='ltr'>ut</span> <span class='ocrx_word' id='word_1_247' title='bbox 1315 2367 1386 2402; x_wconf 89' lang='lat' dir='ltr'>iam</span> <span class='ocrx_word' id='word_1_248' title='bbox 1424 2379 1507 2403; x_wconf 89' lang='lat' dir='ltr'>cum</span> <span class='ocrx_word' id='word_1_249' title='bbox 1535 2367 1627 2405; x_wconf 86' lang='lat' dir='ltr'>Sua-</span> 
     </span>
     <span class='ocr_line' id='line_1_33' title="bbox 205 2427 1626 2477; baseline 0 -13"><span class='ocrx_word' id='word_1_250' title='bbox 205 2429 298 2465; x_wconf 86' lang='lat' dir='ltr'>resio</span> <span class='ocrx_word' id='word_1_251' title='bbox 326 2430 545 2472; x_wconf 87' lang='lat' dir='ltr'>monuimus,</span> <span class='ocrx_word' id='word_1_252' title='bbox 566 2429 627 2464; x_wconf 90' lang='lat' dir='ltr'>sed</span> <span class='ocrx_word' id='word_1_253' title='bbox 654 2429 698 2464; x_wconf 89' lang='lat' dir='ltr'>de</span> <span class='ocrx_word' id='word_1_254' title='bbox 715 2428 795 2476; x_wconf 88' lang='lat' dir='ltr'>lege</span> <span class='ocrx_word' id='word_1_255' title='bbox 820 2429 975 2475; x_wconf 89' lang='lat' dir='ltr'>positiva</span> <span class='ocrx_word' id='word_1_256' title='bbox 994 2428 1112 2463; x_wconf 89' lang='lat' dir='ltr'>divina</span> <span class='ocrx_word' id='word_1_257' title='bbox 1131 2427 1273 2474; x_wconf 87' lang='lat' dir='ltr'>passive</span> <span class='ocrx_word' id='word_1_258' title='bbox 1292 2436 1450 2477; x_wconf 81' lang='lat' dir='ltr'>spectata</span> <span class='ocrx_word' id='word_1_259' title='bbox 1471 2428 1507 2463; x_wconf 90' lang='lat' dir='ltr'>in</span> <span class='ocrx_word' id='word_1_260' title='bbox 1525 2439 1626 2464; x_wconf 86' lang='lat' dir='ltr'>crea—</span> 
     </span>
     <span class='ocr_line' id='line_1_34' title="bbox 205 2477 1628 2535; baseline -0.002 -10"><span class='ocrx_word' id='word_1_261' title='bbox 205 2497 282 2525; x_wconf 86' lang='lat' dir='ltr'>tura</span> <span class='ocrx_word' id='word_1_262' title='bbox 301 2488 479 2524; x_wconf 87' lang='lat' dir='ltr'>rationali.</span> <span class='ocrx_word' id='word_1_263' title='bbox 497 2489 568 2524; x_wconf 90' lang='lat' dir='ltr'>Sub</span> <span class='ocrx_word' id='word_1_264' title='bbox 586 2488 655 2523; x_wconf 91' lang='lat' dir='ltr'>hoc</span> <span class='ocrx_word' id='word_1_265' title='bbox 675 2497 838 2535; x_wconf 88' lang='lat' dir='ltr'>respectu</span> <span class='ocrx_word' id='word_1_266' title='bbox 857 2487 948 2523; x_wconf 85' lang='lat' dir='ltr'>duae</span> <span class='ocrx_word' id='word_1_267' title='bbox 973 2477 1203 2522; x_wconf 84' lang='lat' dir='ltr'>immediatae</span> <span class='ocrx_word' id='word_1_268' title='bbox 1224 2487 1517 2533; x_wconf 83' lang='lat' dir='ltr'>participationes</span> <span class='ocrx_word' id='word_1_269' title='bbox 1538 2487 1628 2534; x_wconf 88' lang='lat' dir='ltr'>legis</span> 
     </span>
     <span class='ocr_line' id='line_1_35' title="bbox 204 2548 1628 2595; baseline -0.001 -11"><span class='ocrx_word' id='word_1_270' title='bbox 204 2558 379 2591; x_wconf 87' lang='lat' dir='ltr'>aeternae,</span> <span class='ocrx_word' id='word_1_271' title='bbox 407 2549 578 2584; x_wconf 84' lang='lat' dir='ltr'>naturalis</span> <span class='ocrx_word' id='word_1_272' title='bbox 606 2558 638 2585; x_wconf 88' lang='lat' dir='ltr'>et</span> <span class='ocrx_word' id='word_1_273' title='bbox 665 2549 830 2595; x_wconf 88' lang='lat' dir='ltr'>positiva,</span> <span class='ocrx_word' id='word_1_274' title='bbox 860 2549 907 2585; x_wconf 83' lang='lat' dir='ltr'>ita</span> <span class='ocrx_word' id='word_1_275' title='bbox 934 2560 972 2584; x_wconf 87' lang='lat' dir='ltr'>se</span> <span class='ocrx_word' id='word_1_276' title='bbox 998 2548 1145 2591; x_wconf 86' lang='lat' dir='ltr'>habent,</span> <span class='ocrx_word' id='word_1_277' title='bbox 1176 2556 1212 2582; x_wconf 90' lang='lat' dir='ltr'>ut</span> <span class='ocrx_word' id='word_1_278' title='bbox 1239 2548 1411 2583; x_wconf 87' lang='lat' dir='ltr'>naturalis</span> <span class='ocrx_word' id='word_1_279' title='bbox 1438 2548 1628 2594; x_wconf 86' lang='lat' dir='ltr'>praecedat</span> 
     </span>
     <span class='ocr_line' id='line_1_36' title="bbox 206 2608 643 2656; baseline -0.005 -11"><span class='ocrx_word' id='word_1_280' title='bbox 206 2608 408 2645; x_wconf 81' lang='lat' dir='ltr'>necessario</span> <span class='ocrx_word' id='word_1_281' title='bbox 437 2608 643 2656; x_wconf 85' lang='lat' dir='ltr'>positivam.</span> 
     </span>
    </p>
   </div>
  </div>
 </body>
</html>
