1734 2784
655 518 892 572 CAPUT
933 519 991 571 V.

493 671 555 706 DE
583 641 914 707 CONSCIENTIA
951 672 1153 708 MORALI.

122 847 127 850 ἢ
239 789 333 844 146.
369 788 488 832 Sicut
523 804 674 832 norma
709 789 756 833 ad
791 791 1012 847 angulum,
1048 792 1103 834 ita
1142 791 1210 834 lex
1251 807 1294 834 se
1328 791 1451 835 habet
1485 791 1536 835 ad

113 860 338 904 actionem.
395 860 784 913 Quemadmodum
839 862 969 919 igitur
1018 861 1068 905 ad
1117 862 1321 919 angulum
1372 875 1535 906 rectum

111 942 206 988 apte
241 929 555 974 conficiendum
590 946 676 975 non
710 931 865 975 sufficit
900 932 1054 976 habere
1090 948 1307 990 normam,
1331 933 1404 977 sed
1428 949 1536 992 opus

112 1015 189 1060 est,
222 1015 266 1046 ut
300 1004 388 1060 ipsa
422 1018 495 1061 per
529 1019 704 1046 manum
762 1005 1143 1062 superimponatur
1187 1004 1345 1062 angulo
1378 1020 1452 1048 seu
1487 1004 1538 1048 ad

111 1073 317 1131 angulum
351 1075 598 1133 applicetur;
634 1076 689 1118 ita
721 1075 771 1118 ad
805 1076 992 1119 actiones
1029 1088 1162 1119 rectas
1198 1075 1417 1134 ponendas
1451 1091 1537 1119 non

110 1144 268 1189 sufficit
299 1158 443 1190 tenere
474 1146 631 1204 legem,
663 1146 737 1189 sed
772 1161 945 1190 necesse
979 1160 1056 1201 est,
1094 1164 1168 1205 per
1220 1148 1434 1191 rationem
1468 1163 1538 1205 ap-

108 1216 265 1275 plicare
297 1217 432 1276 ipsam
472 1216 522 1260 ad
555 1218 828 1275 particulares
850 1254 859 1271 ,
895 1234 1001 1276 quae
1035 1232 1266 1262 occurrunt
1287 1256 1297 1272 ,
1331 1220 1533 1262 actiones.

110 1291 228 1334 Haec
245 1289 470 1349 applicatio
493 1290 596 1348 legis
622 1290 673 1334 ad
696 1290 946 1349 particulare
973 1307 1080 1349 opus
1117 1291 1271 1336 dicitur
1296 1294 1538 1336 conscientia

110 1362 279 1406 moralis
311 1361 412 1421 (1),
445 1375 491 1405 ut
523 1363 607 1405 iam
641 1364 839 1421 superius
892 1362 1162 1406 tradebamus
1212 1381 1261 1407 cx
1296 1380 1326 1406 s.
1364 1363 1540 1407 Thoma

114 1446 154 1477 et
188 1449 240 1478 ex
275 1435 479 1479 Suaresio
512 1434 599 1493 (2).

234 1519 326 1562 147.
354 1524 373 1546 «
392 1505 681 1562 Conscientia,
701 1507 754 1549 ait
773 1521 804 1549 s.
822 1505 1035 1563 Thomas,
1068 1507 1261 1549 nominat
1286 1507 1539 1565 applicatio—

109 1593 208 1621 nem
228 1577 457 1637 quamdam
476 1576 581 1635 legis
606 1578 656 1621 ad
675 1578 831 1636 aliquid
852 1578 1093 1622 faciendum
1115 1578 1179 1621 vel
1202 1579 1535 1623 omittendum.»

109 1650 217 1694 Item
253 1651 488 1694 Suaresius:
529 1668 548 1691 α
581 1651 672 1693 Lex
707 1650 806 1693 dicit
844 1650 1037 1707 regulam
1079 1650 1328 1705 generaliter
1378 1652 1540 1693 consti-

107 1734 243 1765 tutam
283 1722 392 1765 circa
424 1720 599 1778 agenda,
621 1722 881 1764 conscientia
920 1737 1025 1764 vero
1061 1721 1161 1764 dicit
1206 1721 1414 1764 dictamen
1450 1737 1541 1778 pra-

113 1793 270 1837 cticum
310 1794 350 1836 in
386 1792 644 1852 particulari,
681 1792 794 1836 unde
828 1794 971 1851 potius
1007 1806 1068 1836 est
1103 1792 1327 1850 applicatio
1353 1793 1456 1850 legis
1491 1794 1539 1836 ad

205 2016 262 2061 (1)
290 2016 387 2050 Haec
414 2026 483 2050 vox
510 2015 652 2049 moralis
679 2013 834 2052 additur,
862 2024 897 2050 ut
929 2027 947 2049 a
974 2015 1198 2049 conscientia
1222 2015 1455 2060 psyrlwlogi'az
1484 2016 1539 2048 tli-

109 2075 321 2121 stinguatur.
349 2073 580 2110 Conscientia
607 2074 873 2121 psychologica
904 2075 953 2109 sic
981 2074 1073 2108 solet
1102 2073 1251 2107 definiri:
1297 2082 1346 2108 cst
1376 2074 1540 2117 cognitio

107 2133 358 2170 intellectualis
385 2133 513 2169 reflexa
539 2133 683 2168 illarum
713 2134 860 2168 subiecti
896 2133 1126 2168 affectionum
1148 2133 1194 2177 (v.
1218 2144 1251 2177 g.
1274 2131 1410 2165 doloris
1430 2132 1543 2167 animi

108 2194 164 2230 vel
190 2195 380 2241 corporis),
398 2206 490 2242 quae
508 2206 569 2241 per
595 2206 741 2229 sensum
777 2195 948 2229 intimum
968 2194 1056 2229 fiunt
1077 2194 1200 2228 animo
1222 2202 1438 2238 praesentes,
1459 2194 1539 2236 Qua

108 2255 150 2290 de
177 2267 212 2290 re
239 2256 355 2302 agitur
380 2257 416 2291 in
443 2255 580 2302 Logica
607 2264 640 2290 et
668 2257 742 2291 Met
754 2255 935 2302 aphysica.

204 2316 260 2361 (2)
288 2315 344 2352 Cf.
361 2315 495 2351 thesim
515 2315 684 2351 XXXIV.
704 2327 804 2350 num.
826 2314 1018 2360 103.Vides
1038 2315 1146 2359 igitur
1164 2314 1198 2347 in
1217 2325 1286 2359 quo
1309 2314 1363 2347 lex
1380 2312 1497 2347 differt
1522 2324 1539 2346 a

108 2375 342 2411 conscientia.
372 2375 697 2422 Quemadmodum
725 2386 865 2418 norma,
894 2376 912 2408 i.
931 2387 957 2409 c.
988 2376 1269 2408 instrumentum
1298 2384 1368 2419 quo
1389 2373 1541 2407 artifices

108 2443 259 2471 utuntur
284 2433 327 2470 ad
353 2435 508 2482 angulos
534 2443 651 2470 rectos
678 2433 899 2476 efficiendos,
935 2445 1019 2468 sanc
1061 2432 1176 2468 differt
1216 2433 1257 2466 ab
1286 2432 1447 2466 eiusdem
1477 2444 1540 2478 ap-

107 2493 303 2541 plicatione
331 2495 373 2531 ad
400 2494 495 2530 hunc
522 2494 707 2542 angulum,
737 2503 774 2529 ut
802 2503 918 2529 rectus
946 2493 1084 2528 evadat:
1119 2493 1166 2527 sic
1192 2493 1245 2526 lex
1272 2492 1390 2526 dissert
1410 2504 1426 2526 a
1449 2493 1540 2537 legis

109 2554 354 2601 applicatione
382 2554 424 2590 ad
453 2567 542 2602 opus
571 2556 593 2591 i.
623 2566 651 2589 e.
682 2567 698 2589 a
730 2554 965 2591 conscientia·

1361 2599 1402 2636 26
