1734 2784
765 101 1030 144 —392—

187 200 326 228 nutem
363 185 581 243 tripliciter
615 196 755 242 potest
789 186 1048 241 contingere,
1097 183 1254 229 scilicet
1299 185 1364 230 vel
1397 202 1444 230 ex
1482 188 1600 246 parte

187 257 274 308 sinii·
300 259 339 298 in
364 272 491 313 quem
526 256 593 298 lex
627 255 775 308 tendit,
811 257 968 314 quique
992 257 1044 299 sit
1068 257 1279 314 privatum
1304 257 1602 312 commodum,

188 343 224 369 ct
261 343 358 377 non,
395 340 437 369 ut
471 343 562 370 esse
597 326 738 382 debet,
775 342 1006 370 commune
1039 327 1202 371 bonum
1236 329 1322 387 (lex
1356 329 1469 372 enim
1503 327 1603 372 defi-

188 400 300 441 nitur
334 398 544 441 ordinatio
579 400 754 442 rationis
791 399 829 441 in
864 398 1027 442 bonum
1062 415 1323 458 commune,
1357 413 1396 444 et
1431 413 1602 445 eatenus

188 469 490 513 tantummodo
524 486 692 527 praeses
729 471 1051 513 communitatis
1086 470 1208 514 habet
1242 487 1262 514 :t
1294 473 1388 516 Deo
1421 485 1605 530 potesta-

187 554 270 584 tem
309 541 555 598 imponendi
590 541 718 599 legeS,
753 555 961 598 quatenus
996 542 1117 586 habet
1151 559 1171 586 a
1198 544 1291 586 Deo
1316 543 1502 588 officium
1529 544 1605 588 ad-

190 613 369 656 ducendi
407 614 764 656 communitatem
801 612 877 656 sibi
911 615 1187 657 commissam
1224 616 1262 657 in
1296 614 1452 668 finem,
1487 615 1605 674 quod

187 683 375 727 officium
411 686 501 727 sine
534 684 601 727 tali
639 697 848 743 potestate
883 701 969 728 non
1014 698 1153 744 potest
1203 686 1417 745 implere);
1448 688 1512 731 vel
1559 703 1606 732 ex

186 763 295 812 parlc
327 757 478 812 agensis
512 765 545 798 et
580 755 728 814 ditfertu
761 758 965 814 potestatis
997 757 1227 815 (quatenus
1262 757 1474 802 ordinatio
1518 774 1606 802 non

188 826 391 884 procedat
425 825 472 870 ab
506 826 684 870 habente
733 840 989 885 potestatem
1040 827 1327 888 obligativam‚
1362 843 1431 874 aut
1478 831 1605 875 etiam

187 911 394 956 quatenus
419 898 620 957 procedat
644 898 691 942 ab
716 915 782 957 eo,
807 900 879 957 qui
904 900 982 943 etsi
1005 900 1133 943 talem
1158 900 1306 945 habeat
1334 913 1606 960 potestatem,

187 984 327 1014 tamen
362 972 403 1015 in
437 987 479 1015 ea
515 971 748 1015 exercenda
779 972 1136 1029 praetergreditur
1180 972 1286 1017 fines
1318 989 1435 1029 suos,
1466 974 1605 1033 legem

187 1042 324 1086 ferens
357 1043 464 1087 ultra
499 1043 787 1087 concreditam
821 1043 899 1087 sibi
941 1045 1236 1104 potestatem);
1272 1045 1336 1089 vel
1367 1061 1413 1090 ex
1455 1045 1608 1105 defectu

180 1115 343 1171 formae,
379 1131 452 1158 seu
488 1116 620 1159 iustae
656 1115 964 1159 distributionis
999 1116 1087 1175 (lex
1120 1118 1232 1160 enim
1263 1116 1384 1162 debet
1415 1133 1505 1162 esse
1540 1133 1608 1162 or-

189 1185 348 1230 dinatio
399 1203 472 1244 per
522 1198 679 1230 rectam
707 1188 936 1238 ,rationem
988 1188 1188 1245 regulata,
1222 1204 1300 1233 nec
1332 1189 1423 1233 talis
1461 1200 1538 1247 est,
1571 1189 1606 1233 si

189 1256 344 1300 subditi
381 1259 421 1300 in
456 1258 625 1316 paribus
660 1258 867 1302 adiunctis
908 1258 1181 1317 inaequaliter
1229 1260 1292 1303 vel
1341 1261 1382 1303 in
1431 1260 1606 1304 diversis

190 1328 399 1371 adiunctis
434 1329 661 1387 aequaliter
694 1332 956 1389 graventur).
995 1330 1184 1384 Quando
1218 1344 1360 1374 autem
1394 1348 1443 1375 ex
1465 1333 1606 1390 aliquo

188 1399 344 1442 horum
379 1401 504 1442 trium
543 1402 728 1459 capitum
762 1401 826 1444 lex
868 1414 928 1444 est
962 1402 1132 1460 iniqua,
1166 1403 1210 1445 dc
1260 1419 1296 1446 se
1348 1418 1434 1446 non
1484 1403 1607 1447 habet

186 1472 271 1513 vim
297 1471 583 1529 obligativam,
602 1474 679 1516 etsi
698 1474 834 1530 possit
860 1472 1052 1516 subditus
1077 1486 1199 1532 atque
1224 1475 1348 1517 etiarn
1375 1473 1606 1533 aliquando

183 1552 255 1600 per
288 1543 467 1587 accidens
499 1556 690 1587 teneatur
723 1544 779 1587 illi
813 1544 897 1602 legi
931 1560 973 1587 se
1008 1561 1052 1589 se
1089 1544 1340 1589 submittere
1373 1545 1460 1604 (1).

306 1613 413 1657 Illud
437 1626 577 1657 tamen
605 1632 699 1658 cum
736 1617 934 1660 Suaresio
953 1616 1024 1675 (2)
1048 1616 1337 1674 omnibusque
1359 1615 1606 1660 doctoribus

189 1685 338 1728 sedulo
372 1685 541 1731 adverte
567 1689 901 1731 «necessarium
936 1704 1027 1732 esse
1062 1700 1107 1731 ut
1151 1687 1201 1731 de
1249 1688 1455 1731 iniustitia
1501 1687 1606 1745 legis

191 1770 304 1800 certo
338 1757 558 1802 moraliter
593 1771 784 1803 constet:
820 1776 918 1803 nam
953 1761 987 1803 si
1030 1775 1096 1803 res
1142 1761 1194 1803 sit
1242 1759 1395 1812 dubia,
1428 1775 1607 1818 praesu-

283 1981 338 2025 (ι)
369 1992 386 2011 α
405 1980 464 2015 Est
490 1980 660 2016 notanda.
691 1980 804 2026 inquit
832 1980 973 2024 Sutirez,
1003 1981 1045 2015 de
1073 1981 1141 2027 leg.
1173 1981 1194 2015 l.
1227 1992 1251 2015 1.
1283 1992 1308 2015 c.
1337 1993 1380 2028 9.,
1409 1993 1508 2016 num.
1541 1992 1607 2025 20„

190 2040 387 2075 differentia
416 2041 506 2075 inter
533 2040 745 2075 iniustitiam
774 2041 807 2073 in
838 2041 981 2075 materia
1020 2041 1077 2075 vel
1103 2041 1139 2074 in
1178 2040 1273 2076 modo
1303 2041 1407 2087 legis:
1437 2041 1532 2088 quod
1572 2042 1607 2076 in

190 2102 310 2147 priori,
339 2101 365 2135 si
394 2100 436 2135 de
464 2100 633 2135 iniustitia
663 2109 816 2142 constet,
845 2101 944 2135 nulla
972 2112 1015 2135 ex
1048 2113 1164 2144 causa,
1192 2102 1297 2136 etiam
1325 2112 1470 2148 propter
1495 2102 1611 2136 vitan-

189 2162 272 2195 dum
301 2160 553 2207 quodcumque
581 2161 839 2194 detrimentum
867 2161 922 2194 vel
967 2160 1191 2204 scandalum,
1235 2162 1381 2196 obedire
1408 2161 1500 2203 licet,
1528 2162 1607 2208 quia

190 2221 325 2255 malum
353 2220 470 2255 facere
498 2232 695 2267 numquam
723 2221 806 2255 licet
833 2231 980 2267 propter
1006 2220 1119 2255 ullum
1147 2221 1267 2256 finem:
1301 2232 1334 2257 at
1361 2232 1446 2256 vero
1474 2220 1509 2255 in
1536 2221 1608 2255 alio

192 2292 287 2321 casu,
318 2280 398 2315 licet
428 2279 483 2314 lex
510 2279 546 2314 de
576 2291 606 2314 se
634 2291 707 2314 non
734 2280 883 2325 obliget,
910 2289 1028 2326 potest
1057 2280 1218 2315 subditus
1241 2281 1292 2314 illi
1320 2291 1442 2326 parere
1470 2280 1495 2314 si
1523 2280 1608 2322 vult,

190 2340 389 2374 dummodo
416 2340 607 2374 iniustitiae
645 2350 719 2373 non
746 2347 968 2386 cooperetur,
1009 2339 1089 2386 quia
1128 2348 1247 2386 potest
1286 2340 1412 2374 cedere
1438 2339 1504 2373 iuri
1531 2350 1609 2374 suo.

192 2400 234 2433 Et
261 2399 340 2433 ideo
370 2398 483 2433 multo
512 2397 649 2433 facilius
675 2407 760 2433 tunc
789 2399 941 2446 obligari
961 2400 1091 2446 poterit
1110 2400 1146 2434 in
1168 2411 1249 2434 casu
1268 2399 1388 2441 dubio,
1408 2400 1480 2433 imo
1501 2398 1608 2433 etiam

193 2461 226 2492 in
256 2470 350 2500 casu,
380 2459 414 2491 in
435 2470 503 2504 quo
526 2459 570 2492 sit
596 2468 691 2494 certa
720 2458 894 2493 iniustitia
916 2458 1110 2505 aliquando
1138 2460 1268 2505 poterit
1288 2459 1437 2505 obligari
1464 2466 1610 2504 propter

192 2517 375 2552 vitandum
402 2517 624 2551 scandalum.
652 2532 668 2550 >›

289 2576 344 2621 (2)
373 2576 459 2610 Loc.
487 2588 581 2611 nunc
611 2578 668 2612 cit.
696 2588 795 2611 num.
828 2587 876 2611 11.
