<?xml version="1.0" encoding="UTF-8"?>
<!DOCTYPE html PUBLIC "-//W3C//DTD XHTML 1.0 Transitional//EN"
    "http://www.w3.org/TR/xhtml1/DTD/xhtml1-transitional.dtd">
<html xmlns="http://www.w3.org/1999/xhtml" xml:lang="en" lang="en">
 <head>
  <title>
</title>
<meta http-equiv="Content-Type" content="text/html;charset=utf-8" />
  <meta name='ocr-system' content='tesseract 3.04.00' />
  <meta name='ocr-capabilities' content='ocr_page ocr_carea ocr_par ocr_line ocrx_word'/>
</head>
<body>
  <div class='ocr_page' id='page_1' title='image "./institutionesphi01ferr_0321.png"; bbox 0 0 1734 2784; ppageno 0'>
   <div class='ocr_carea' id='block_1_1' title="bbox 16 181 1488 1811">
    <p class='ocr_par' dir='ltr' id='par_1_1' title="bbox 59 181 1488 1026">
     <span class='ocr_line' id='line_1_1' title="bbox 59 181 1483 244; baseline -0.004 -15"><span class='ocrx_word' id='word_1_1' title='bbox 59 199 271 244; x_wconf 80' lang='lat' dir='ltr'><strong>spensare3</strong></span> <span class='ocrx_word' id='word_1_2' title='bbox 305 199 494 242; x_wconf 87' lang='lat' dir='ltr'><strong>quonam</strong></span> <span class='ocrx_word' id='word_1_3' title='bbox 543 195 666 241; x_wconf 85' lang='lat' dir='ltr'><strong>pacto</strong></span> <span class='ocrx_word' id='word_1_4' title='bbox 700 181 742 225; x_wconf 93' lang='lat' dir='ltr'><strong>id</strong></span> <span class='ocrx_word' id='word_1_5' title='bbox 775 193 984 239; x_wconf 80' lang='lat' dir='ltr'><strong>praestare</strong></span> <span class='ocrx_word' id='word_1_6' title='bbox 1032 196 1242 239; x_wconf 83' lang='lat' dir='ltr'><strong>umquam</strong></span> <span class='ocrx_word' id='word_1_7' title='bbox 1277 192 1483 239; x_wconf 90' lang='lat' dir='ltr'><strong>poterunt</strong></span> 
     </span>
     <span class='ocr_line' id='line_1_2' title="bbox 59 252 1484 312; baseline -0.003 -13"><span class='ocrx_word' id='word_1_8' title='bbox 59 256 237 299; x_wconf 85' lang='lat' dir='ltr'><strong>humani</strong></span> <span class='ocrx_word' id='word_1_9' title='bbox 269 254 573 312; x_wconf 88' lang='lat' dir='ltr'><strong>legumlatores</strong></span> <span class='ocrx_word' id='word_1_10' title='bbox 607 253 874 297; x_wconf 88' lang='lat' dir='ltr'><strong>subordinati</strong></span> <span class='ocrx_word' id='word_1_11' title='bbox 924 265 963 296; x_wconf 91' lang='lat' dir='ltr'><strong>et</strong></span> <span class='ocrx_word' id='word_1_12' title='bbox 997 252 1302 310; x_wconf 83' lang='lat' dir='ltr'><strong>dependentes,</strong></span> <span class='ocrx_word' id='word_1_13' title='bbox 1334 254 1484 296; x_wconf 81' lang='lat' dir='ltr'><strong>nomi-</strong></span> 
     </span>
     <span class='ocr_line' id='line_1_3' title="bbox 61 323 1482 384; baseline -0.003 -13"><span class='ocrx_word' id='word_1_14' title='bbox 61 328 195 371; x_wconf 89' lang='lat' dir='ltr'><strong>natim</strong></span> <span class='ocrx_word' id='word_1_15' title='bbox 228 341 332 370; x_wconf 88' lang='lat' dir='ltr'><strong>vero</strong></span> <span class='ocrx_word' id='word_1_16' title='bbox 381 326 594 384; x_wconf 85' lang='lat' dir='ltr'><strong>principes</strong></span> <span class='ocrx_word' id='word_1_17' title='bbox 642 324 803 378; x_wconf 89' lang='lat' dir='ltr'><strong>civiles,</strong></span> <span class='ocrx_word' id='word_1_18' title='bbox 852 340 1040 382; x_wconf 84' lang='lat' dir='ltr'><strong>quorum</strong></span> <span class='ocrx_word' id='word_1_19' title='bbox 1089 323 1249 367; x_wconf 89' lang='lat' dir='ltr'><strong>scilicet</strong></span> <span class='ocrx_word' id='word_1_20' title='bbox 1295 336 1482 382; x_wconf 90' lang='lat' dir='ltr'><strong>potestas</strong></span> 
     </span>
     <span class='ocr_line' id='line_1_4' title="bbox 59 394 1488 454; baseline -0.002 -13"><span class='ocrx_word' id='word_1_21' title='bbox 59 410 151 441; x_wconf 86' lang='lat' dir='ltr'><strong>tota</strong></span> <span class='ocrx_word' id='word_1_22' title='bbox 197 409 260 441; x_wconf 91' lang='lat' dir='ltr'><strong>est</strong></span> <span class='ocrx_word' id='word_1_23' title='bbox 301 413 324 440; x_wconf 85' lang='lat' dir='ltr'><strong>a</strong></span> <span class='ocrx_word' id='word_1_24' title='bbox 355 412 560 454; x_wconf 88' lang='lat' dir='ltr'><strong>supremo</strong></span> <span class='ocrx_word' id='word_1_25' title='bbox 609 408 649 439; x_wconf 89' lang='lat' dir='ltr'><strong>et</strong></span> <span class='ocrx_word' id='word_1_26' title='bbox 698 394 1010 453; x_wconf 90' lang='lat' dir='ltr'><strong>independente</strong></span> <span class='ocrx_word' id='word_1_27' title='bbox 1058 395 1301 452; x_wconf 81' lang='lat' dir='ltr'><strong>legislatore</strong></span> <span class='ocrx_word' id='word_1_28' title='bbox 1350 396 1488 438; x_wconf 81' lang='lat' dir='ltr'><strong>Deo?</strong></span> 
     </span>
     <span class='ocr_line' id='line_1_5' title="bbox 61 467 1479 527; baseline -0.002 -15"><span class='ocrx_word' id='word_1_29' title='bbox 61 471 269 522; x_wconf 86' lang='lat' dir='ltr'><strong>Quonam</strong></span> <span class='ocrx_word' id='word_1_30' title='bbox 303 481 427 527; x_wconf 88' lang='lat' dir='ltr'><strong>pacto</strong></span> <span class='ocrx_word' id='word_1_31' title='bbox 475 468 518 511; x_wconf 91' lang='lat' dir='ltr'><strong>id</strong></span> <span class='ocrx_word' id='word_1_32' title='bbox 551 467 716 511; x_wconf 88' lang='lat' dir='ltr'><strong>efficere</strong></span> <span class='ocrx_word' id='word_1_33' title='bbox 765 480 911 526; x_wconf 89' lang='lat' dir='ltr'><strong>posset</strong></span> <span class='ocrx_word' id='word_1_34' title='bbox 960 467 1177 525; x_wconf 89' lang='lat' dir='ltr'><strong>popularis</strong></span> <span class='ocrx_word' id='word_1_35' title='bbox 1227 468 1375 525; x_wconf 87' lang='lat' dir='ltr'><strong>opinio</strong></span> <span class='ocrx_word' id='word_1_36' title='bbox 1409 479 1479 509; x_wconf 84' lang='lat' dir='ltr'><strong>aut</strong></span> 
     </span>
     <span class='ocr_line' id='line_1_6' title="bbox 62 537 1486 596; baseline -0.002 -13"><span class='ocrx_word' id='word_1_37' title='bbox 62 540 246 583; x_wconf 85' lang='lat' dir='ltr'><strong>humana</strong></span> <span class='ocrx_word' id='word_1_38' title='bbox 280 539 584 583; x_wconf 84' lang='lat' dir='ltr'><strong>consuetudo?</strong></span> <span class='ocrx_word' id='word_1_39' title='bbox 619 540 732 582; x_wconf 89' lang='lat' dir='ltr'><strong>Hinc</strong></span> <span class='ocrx_word' id='word_1_40' title='bbox 780 539 871 582; x_wconf 88' lang='lat' dir='ltr'><strong>iure</strong></span> <span class='ocrx_word' id='word_1_41' title='bbox 924 539 1167 596; x_wconf 89' lang='lat' dir='ltr'><strong>meritoque</strong></span> <span class='ocrx_word' id='word_1_42' title='bbox 1216 537 1404 595; x_wconf 83' lang='lat' dir='ltr'><strong>Tullius,</strong></span> <span class='ocrx_word' id='word_1_43' title='bbox 1438 550 1486 580; x_wconf 85' lang='lat' dir='ltr'><strong>ut</strong></span> 
     </span>
     <span class='ocr_line' id='line_1_7' title="bbox 61 609 1483 670; baseline -0.003 -16"><span class='ocrx_word' id='word_1_44' title='bbox 61 612 257 670; x_wconf 86' lang='lat' dir='ltr'><strong>superius</strong></span> <span class='ocrx_word' id='word_1_45' title='bbox 291 612 376 655; x_wconf 68' lang='lat' dir='ltr'><strong>ian]</strong></span> <span class='ocrx_word' id='word_1_46' title='bbox 410 611 757 670; x_wconf 36' lang='lat' dir='ltr'><strong>retufirnus,(1),</strong></span> <span class='ocrx_word' id='word_1_47' title='bbox 791 611 1007 654; x_wconf 77' lang='lat' dir='ltr'><strong>ckunabat:</strong></span> <span class='ocrx_word' id='word_1_48' title='bbox 1050 609 1307 666; x_wconf 62' lang='lat' dir='ltr'><strong>«lluiclegi</strong></span> <span class='ocrx_word' id='word_1_49' title='bbox 1341 609 1483 667; x_wconf 88' lang='lat' dir='ltr'><strong>(natu-</strong></span> 
     </span>
     <span class='ocr_line' id='line_1_8' title="bbox 60 679 1487 741; baseline -0.002 -16"><span class='ocrx_word' id='word_1_50' title='bbox 60 682 157 741; x_wconf 89' lang='lat' dir='ltr'><strong>rali)</strong></span> <span class='ocrx_word' id='word_1_51' title='bbox 190 697 267 726; x_wconf 91' lang='lat' dir='ltr'><strong>nec</strong></span> <span class='ocrx_word' id='word_1_52' title='bbox 299 681 499 739; x_wconf 87' lang='lat' dir='ltr'><strong>obrogari</strong></span> <span class='ocrx_word' id='word_1_53' title='bbox 532 681 591 724; x_wconf 89' lang='lat' dir='ltr'><strong>fas</strong></span> <span class='ocrx_word' id='word_1_54' title='bbox 626 694 705 739; x_wconf 81' lang='lat' dir='ltr'><strong>est,</strong></span> <span class='ocrx_word' id='word_1_55' title='bbox 736 697 874 740; x_wconf 88' lang='lat' dir='ltr'><strong>neque</strong></span> <span class='ocrx_word' id='word_1_56' title='bbox 909 681 1103 738; x_wconf 81' lang='lat' dir='ltr'><strong>derogari</strong></span> <span class='ocrx_word' id='word_1_57' title='bbox 1137 697 1185 724; x_wconf 79' lang='lat' dir='ltr'><strong>ex</strong></span> <span class='ocrx_word' id='word_1_58' title='bbox 1218 680 1295 723; x_wconf 85' lang='lat' dir='ltr'><strong>hac</strong></span> <span class='ocrx_word' id='word_1_59' title='bbox 1327 679 1487 738; x_wconf 83' lang='lat' dir='ltr'><strong>aliquid</strong></span> 
     </span>
     <span class='ocr_line' id='line_1_9' title="bbox 61 753 1486 812; baseline -0.002 -15"><span class='ocrx_word' id='word_1_60' title='bbox 61 754 171 811; x_wconf 90' lang='lat' dir='ltr'><strong>licet,</strong></span> <span class='ocrx_word' id='word_1_61' title='bbox 203 769 341 812; x_wconf 90' lang='lat' dir='ltr'><strong>neque</strong></span> <span class='ocrx_word' id='word_1_62' title='bbox 374 765 464 797; x_wconf 83' lang='lat' dir='ltr'><strong>tota</strong></span> <span class='ocrx_word' id='word_1_63' title='bbox 495 753 692 810; x_wconf 87' lang='lat' dir='ltr'><strong>abrogari</strong></span> <span class='ocrx_word' id='word_1_64' title='bbox 727 765 880 810; x_wconf 87' lang='lat' dir='ltr'><strong>potest.</strong></span> <span class='ocrx_word' id='word_1_65' title='bbox 932 753 1021 796; x_wconf 86' lang='lat' dir='ltr'><strong>Nec</strong></span> <span class='ocrx_word' id='word_1_66' title='bbox 1054 768 1156 795; x_wconf 87' lang='lat' dir='ltr'><strong>vero</strong></span> <span class='ocrx_word' id='word_1_67' title='bbox 1205 765 1276 795; x_wconf 85' lang='lat' dir='ltr'><strong>aut</strong></span> <span class='ocrx_word' id='word_1_68' title='bbox 1317 768 1391 809; x_wconf 85' lang='lat' dir='ltr'><strong>per</strong></span> <span class='ocrx_word' id='word_1_69' title='bbox 1424 767 1486 794; x_wconf 89' lang='lat' dir='ltr'><strong>se-</strong></span> 
     </span>
     <span class='ocr_line' id='line_1_10' title="bbox 63 824 1486 883; baseline -0.001 -16"><span class='ocrx_word' id='word_1_70' title='bbox 63 838 211 869; x_wconf 87' lang='lat' dir='ltr'><strong>natum</strong></span> <span class='ocrx_word' id='word_1_71' title='bbox 245 837 315 868; x_wconf 88' lang='lat' dir='ltr'><strong>aut</strong></span> <span class='ocrx_word' id='word_1_72' title='bbox 349 841 423 883; x_wconf 90' lang='lat' dir='ltr'><strong>per</strong></span> <span class='ocrx_word' id='word_1_73' title='bbox 456 825 669 883; x_wconf 91' lang='lat' dir='ltr'><strong>populum</strong></span> <span class='ocrx_word' id='word_1_74' title='bbox 719 824 826 868; x_wconf 83' lang='lat' dir='ltr'><strong>solvi</strong></span> <span class='ocrx_word' id='word_1_75' title='bbox 860 824 936 868; x_wconf 84' lang='lat' dir='ltr'><strong>hac</strong></span> <span class='ocrx_word' id='word_1_76' title='bbox 969 824 1060 881; x_wconf 85' lang='lat' dir='ltr'><strong>lege</strong></span> <span class='ocrx_word' id='word_1_77' title='bbox 1093 840 1326 882; x_wconf 86' lang='lat' dir='ltr'><strong>possumus</strong></span> <span class='ocrx_word' id='word_1_78' title='bbox 1332 858 1400 868; x_wconf 89' lang='lat'><strong>.....</strong></span> <span class='ocrx_word' id='word_1_79' title='bbox 1433 825 1486 866; x_wconf 85' lang='lat' dir='ltr'><strong>Et</strong></span> 
     </span>
     <span class='ocr_line' id='line_1_11' title="bbox 64 896 1483 954; baseline -0.001 -14"><span class='ocrx_word' id='word_1_80' title='bbox 64 912 215 940; x_wconf 91' lang='lat' dir='ltr'><strong>omnes</strong></span> <span class='ocrx_word' id='word_1_81' title='bbox 249 908 400 953; x_wconf 83' lang='lat' dir='ltr'><strong>gentes</strong></span> <span class='ocrx_word' id='word_1_82' title='bbox 436 909 475 940; x_wconf 89' lang='lat' dir='ltr'><strong>et</strong></span> <span class='ocrx_word' id='word_1_83' title='bbox 509 897 629 939; x_wconf 89' lang='lat' dir='ltr'><strong>omni</strong></span> <span class='ocrx_word' id='word_1_84' title='bbox 663 908 858 954; x_wconf 87' lang='lat' dir='ltr'><strong>tempore</strong></span> <span class='ocrx_word' id='word_1_85' title='bbox 892 912 974 939; x_wconf 88' lang='lat' dir='ltr'><strong>una</strong></span> <span class='ocrx_word' id='word_1_86' title='bbox 1006 896 1074 939; x_wconf 82' lang='lat' dir='ltr'><strong>lex</strong></span> <span class='ocrx_word' id='word_1_87' title='bbox 1097 908 1137 939; x_wconf 90' lang='lat' dir='ltr'><strong>et</strong></span> <span class='ocrx_word' id='word_1_88' title='bbox 1160 897 1421 953; x_wconf 84' lang='lat' dir='ltr'><strong>sempiterna</strong></span> <span class='ocrx_word' id='word_1_89' title='bbox 1442 909 1483 939; x_wconf 91' lang='lat' dir='ltr'><strong>et</strong></span> 
     </span>
     <span class='ocr_line' id='line_1_12' title="bbox 62 966 791 1026; baseline 0.001 -16"><span class='ocrx_word' id='word_1_90' title='bbox 62 966 342 1010; x_wconf 90' lang='lat' dir='ltr'><strong>immutabilis</strong></span> <span class='ocrx_word' id='word_1_91' title='bbox 378 967 613 1011; x_wconf 85' lang='lat' dir='ltr'><strong>continebit</strong></span> <span class='ocrx_word' id='word_1_92' title='bbox 645 984 665 1007; x_wconf 87' lang='lat'>»</span> <span class='ocrx_word' id='word_1_93' title='bbox 705 967 791 1026; x_wconf 87' lang='lat'><strong>(2).</strong></span> 
     </span>
    </p>

    <p class='ocr_par' dir='ltr' id='par_1_2' title="bbox 16 1038 1487 1811">
     <span class='ocr_line' id='line_1_13' title="bbox 182 1038 1487 1097; baseline 0 -15"><span class='ocrx_word' id='word_1_94' title='bbox 182 1040 271 1083; x_wconf 88' lang='lat' dir='ltr'><strong>Nec</strong></span> <span class='ocrx_word' id='word_1_95' title='bbox 305 1038 432 1095; x_wconf 84' lang='lat' dir='ltr'><strong>dicas,</strong></span> <span class='ocrx_word' id='word_1_96' title='bbox 465 1040 608 1082; x_wconf 87' lang='lat' dir='ltr'><strong>Deum</strong></span> <span class='ocrx_word' id='word_1_97' title='bbox 643 1038 726 1082; x_wconf 90' lang='lat' dir='ltr'><strong>hoc</strong></span> <span class='ocrx_word' id='word_1_98' title='bbox 758 1054 885 1096; x_wconf 90' lang='lat' dir='ltr'><strong>posse</strong></span> <span class='ocrx_word' id='word_1_99' title='bbox 909 1038 1089 1093; x_wconf 86' lang='lat' dir='ltr'><strong>efficere,</strong></span> <span class='ocrx_word' id='word_1_100' title='bbox 1113 1052 1158 1082; x_wconf 92' lang='lat' dir='ltr'><strong>ut</strong></span> <span class='ocrx_word' id='word_1_101' title='bbox 1183 1039 1301 1097; x_wconf 88' lang='lat' dir='ltr'><strong>quod</strong></span> <span class='ocrx_word' id='word_1_102' title='bbox 1334 1040 1487 1082; x_wconf 89' lang='lat' dir='ltr'><strong>intrin-</strong></span> 
     </span>
     <span class='ocr_line' id='line_1_14' title="bbox 62 1109 1483 1167; baseline 0 -14"><span class='ocrx_word' id='word_1_103' title='bbox 62 1126 156 1153; x_wconf 90' lang='lat' dir='ltr'><strong>sece</strong></span> <span class='ocrx_word' id='word_1_104' title='bbox 190 1110 351 1153; x_wconf 85' lang='lat' dir='ltr'><strong>malum</strong></span> <span class='ocrx_word' id='word_1_105' title='bbox 376 1122 454 1166; x_wconf 82' lang='lat' dir='ltr'><strong>est,</strong></span> <span class='ocrx_word' id='word_1_106' title='bbox 477 1111 561 1153; x_wconf 88' lang='lat' dir='ltr'><strong>iam</strong></span> <span class='ocrx_word' id='word_1_107' title='bbox 586 1109 768 1167; x_wconf 88' lang='lat' dir='ltr'><strong>amplius</strong></span> <span class='ocrx_word' id='word_1_108' title='bbox 792 1109 954 1153; x_wconf 89' lang='lat' dir='ltr'><strong>malum</strong></span> <span class='ocrx_word' id='word_1_109' title='bbox 979 1126 1066 1153; x_wconf 87' lang='lat' dir='ltr'><strong>non</strong></span> <span class='ocrx_word' id='word_1_110' title='bbox 1090 1112 1156 1155; x_wconf 90' lang='lat' dir='ltr'><strong>sit.</strong></span> <span class='ocrx_word' id='word_1_111' title='bbox 1182 1112 1295 1155; x_wconf 86' lang='lat' dir='ltr'><strong>Nam</strong></span> <span class='ocrx_word' id='word_1_112' title='bbox 1320 1112 1429 1154; x_wconf 89' lang='lat' dir='ltr'><strong>sicut</strong></span> <span class='ocrx_word' id='word_1_113' title='bbox 1462 1127 1483 1153; x_wconf 89' lang='lat' dir='ltr'><strong>a</strong></span> 
     </span>
     <span class='ocr_line' id='line_1_15' title="bbox 62 1180 1487 1240; baseline -0.001 -14"><span class='ocrx_word' id='word_1_114' title='bbox 62 1185 158 1226; x_wconf 92' lang='lat' dir='ltr'><strong>Deo</strong></span> <span class='ocrx_word' id='word_1_115' title='bbox 181 1183 330 1240; x_wconf 89' lang='lat' dir='ltr'><strong>nequit</strong></span> <span class='ocrx_word' id='word_1_116' title='bbox 365 1181 506 1239; x_wconf 87' lang='lat' dir='ltr'><strong>efficit,</strong></span> <span class='ocrx_word' id='word_1_117' title='bbox 525 1193 570 1224; x_wconf 91' lang='lat' dir='ltr'><strong>ut</strong></span> <span class='ocrx_word' id='word_1_118' title='bbox 604 1180 667 1224; x_wconf 87' lang='lat' dir='ltr'><strong>bis</strong></span> <span class='ocrx_word' id='word_1_119' title='bbox 704 1180 790 1224; x_wconf 92' lang='lat' dir='ltr'><strong>duo</strong></span> <span class='ocrx_word' id='word_1_120' title='bbox 816 1196 904 1224; x_wconf 88' lang='lat' dir='ltr'><strong>non</strong></span> <span class='ocrx_word' id='word_1_121' title='bbox 927 1183 1011 1224; x_wconf 90' lang='lat' dir='ltr'><strong>sint</strong></span> <span class='ocrx_word' id='word_1_122' title='bbox 1035 1194 1231 1240; x_wconf 87' lang='lat' dir='ltr'><strong>quatuor,</strong></span> <span class='ocrx_word' id='word_1_123' title='bbox 1250 1183 1304 1225; x_wconf 90' lang='lat' dir='ltr'><strong>ita</strong></span> <span class='ocrx_word' id='word_1_124' title='bbox 1328 1198 1379 1225; x_wconf 92' lang='lat' dir='ltr'><strong>ne</strong></span> <span class='ocrx_word' id='word_1_125' title='bbox 1404 1182 1487 1225; x_wconf 90' lang='lat' dir='ltr'><strong>hoc</strong></span> 
     </span>
     <span class='ocr_line' id='line_1_16' title="bbox 62 1252 1485 1312; baseline -0.001 -15"><span class='ocrx_word' id='word_1_126' title='bbox 62 1254 252 1312; x_wconf 89' lang='lat' dir='ltr'><strong>quidem,</strong></span> <span class='ocrx_word' id='word_1_127' title='bbox 286 1265 332 1296; x_wconf 92' lang='lat' dir='ltr'><strong>ut</strong></span> <span class='ocrx_word' id='word_1_128' title='bbox 365 1252 483 1311; x_wconf 86' lang='lat' dir='ltr'><strong>quod</strong></span> <span class='ocrx_word' id='word_1_129' title='bbox 515 1253 744 1296; x_wconf 84' lang='lat' dir='ltr'><strong>intrinsece</strong></span> <span class='ocrx_word' id='word_1_130' title='bbox 793 1252 953 1295; x_wconf 83' lang='lat' dir='ltr'><strong>malum</strong></span> <span class='ocrx_word' id='word_1_131' title='bbox 988 1266 1064 1306; x_wconf 89' lang='lat' dir='ltr'><strong>est,</strong></span> <span class='ocrx_word' id='word_1_132' title='bbox 1099 1269 1185 1296; x_wconf 91' lang='lat' dir='ltr'><strong>non</strong></span> <span class='ocrx_word' id='word_1_133' title='bbox 1219 1254 1273 1296; x_wconf 89' lang='lat' dir='ltr'><strong>sit</strong></span> <span class='ocrx_word' id='word_1_134' title='bbox 1307 1253 1485 1297; x_wconf 76' lang='lat' dir='ltr'><strong>malum.</strong></span> 
     </span>
     <span class='ocr_line' id='line_1_17' title="bbox 66 1324 1485 1382; baseline 0.001 -14"><span class='ocrx_word' id='word_1_135' title='bbox 66 1324 459 1379; x_wconf 81' lang='lat' dir='ltr'><strong>Quemadmodum</strong></span> <span class='ocrx_word' id='word_1_136' title='bbox 492 1340 649 1382; x_wconf 88' lang='lat' dir='ltr'><strong>nempe</strong></span> <span class='ocrx_word' id='word_1_137' title='bbox 684 1324 968 1367; x_wconf 83' lang='lat' dir='ltr'><strong>immutabiles</strong></span> <span class='ocrx_word' id='word_1_138' title='bbox 1003 1337 1043 1368; x_wconf 91' lang='lat' dir='ltr'><strong>et</strong></span> <span class='ocrx_word' id='word_1_139' title='bbox 1075 1338 1265 1369; x_wconf 78' lang='lat' dir='ltr'><strong>aeternae</strong></span> <span class='ocrx_word' id='word_1_140' title='bbox 1288 1338 1387 1369; x_wconf 90' lang='lat' dir='ltr'><strong>sunt</strong></span> <span class='ocrx_word' id='word_1_141' title='bbox 1415 1343 1485 1369; x_wconf 85' lang='lat' dir='ltr'><strong>ve-</strong></span> 
     </span>
     <span class='ocr_line' id='line_1_18' title="bbox 62 1396 1486 1455; baseline -0.001 -14"><span class='ocrx_word' id='word_1_142' title='bbox 62 1399 208 1441; x_wconf 86' lang='lat' dir='ltr'><strong>ritates</strong></span> <span class='ocrx_word' id='word_1_143' title='bbox 242 1398 346 1440; x_wconf 87' lang='lat' dir='ltr'><strong>istae</strong></span> <span class='ocrx_word' id='word_1_144' title='bbox 381 1396 677 1455; x_wconf 85' lang='lat' dir='ltr'><strong>speculativae,</strong></span> <span class='ocrx_word' id='word_1_145' title='bbox 710 1408 852 1439; x_wconf 91' lang='lat' dir='ltr'><strong>totum</strong></span> <span class='ocrx_word' id='word_1_146' title='bbox 886 1409 948 1440; x_wconf 87' lang='lat' dir='ltr'><strong>est</strong></span> <span class='ocrx_word' id='word_1_147' title='bbox 987 1397 1124 1439; x_wconf 90' lang='lat' dir='ltr'><strong>maius</strong></span> <span class='ocrx_word' id='word_1_148' title='bbox 1168 1413 1243 1441; x_wconf 79' lang='lat' dir='ltr'><strong>sua</strong></span> <span class='ocrx_word' id='word_1_149' title='bbox 1279 1410 1410 1455; x_wconf 86' lang='lat' dir='ltr'><strong>parte,</strong></span> <span class='ocrx_word' id='word_1_150' title='bbox 1443 1399 1486 1440; x_wconf 87' lang='lat' dir='ltr'><strong>in</strong></span> 
     </span>
     <span class='ocr_line' id='line_1_19' title="bbox 62 1467 1484 1526; baseline -0.001 -14"><span class='ocrx_word' id='word_1_151' title='bbox 62 1468 277 1526; x_wconf 86' lang='lat' dir='ltr'><strong>triangulo</strong></span> <span class='ocrx_word' id='word_1_152' title='bbox 311 1483 482 1511; x_wconf 83' lang='lat' dir='ltr'><strong>summa</strong></span> <span class='ocrx_word' id='word_1_153' title='bbox 514 1467 647 1510; x_wconf 89' lang='lat' dir='ltr'><strong>trium</strong></span> <span class='ocrx_word' id='word_1_154' title='bbox 681 1467 941 1525; x_wconf 83' lang='lat' dir='ltr'><strong>angulorum</strong></span> <span class='ocrx_word' id='word_1_155' title='bbox 975 1481 1126 1526; x_wconf 87' lang='lat' dir='ltr'><strong>aequat</strong></span> <span class='ocrx_word' id='word_1_156' title='bbox 1165 1468 1273 1512; x_wconf 90' lang='lat' dir='ltr'><strong>duos</strong></span> <span class='ocrx_word' id='word_1_157' title='bbox 1307 1469 1484 1526; x_wconf 85' lang='lat' dir='ltr'><strong>angulos</strong></span> 
     </span>
     <span class='ocr_line' id='line_1_20' title="bbox 64 1537 1486 1596; baseline 0 -13"><span class='ocrx_word' id='word_1_158' title='bbox 64 1553 217 1596; x_wconf 88' lang='lat' dir='ltr'><strong>rectos;</strong></span> <span class='ocrx_word' id='word_1_159' title='bbox 266 1540 325 1582; x_wconf 84' lang='lat' dir='ltr'><strong>ita</strong></span> <span class='ocrx_word' id='word_1_160' title='bbox 374 1537 663 1582; x_wconf 85' lang='lat' dir='ltr'><strong>immutabiles</strong></span> <span class='ocrx_word' id='word_1_161' title='bbox 713 1552 753 1582; x_wconf 89' lang='lat' dir='ltr'><strong>et</strong></span> <span class='ocrx_word' id='word_1_162' title='bbox 785 1551 977 1582; x_wconf 84' lang='lat' dir='ltr'><strong>aeternae</strong></span> <span class='ocrx_word' id='word_1_163' title='bbox 1025 1552 1124 1582; x_wconf 88' lang='lat' dir='ltr'><strong>sunt</strong></span> <span class='ocrx_word' id='word_1_164' title='bbox 1163 1541 1361 1583; x_wconf 85' lang='lat' dir='ltr'><strong>veritates</strong></span> <span class='ocrx_word' id='word_1_165' title='bbox 1405 1541 1486 1584; x_wconf 87' lang='lat' dir='ltr'><strong>hae</strong></span> 
     </span>
     <span class='ocr_line' id='line_1_21' title="bbox 16 1609 1485 1670; baseline 0 -16"><span class='ocrx_word' id='word_1_166' title='bbox 16 1657 28 1662; x_wconf 63' lang='grc'>,</span> <span class='ocrx_word' id='word_1_167' title='bbox 63 1612 289 1670; x_wconf 81' lang='lat' dir='ltr'><strong>practicae,</strong></span> <span class='ocrx_word' id='word_1_168' title='bbox 324 1609 589 1668; x_wconf 88' lang='lat' dir='ltr'><strong>blasphemia</strong></span> <span class='ocrx_word' id='word_1_169' title='bbox 624 1622 686 1653; x_wconf 88' lang='lat' dir='ltr'><strong>est</strong></span> <span class='ocrx_word' id='word_1_170' title='bbox 719 1610 827 1653; x_wconf 86' lang='lat' dir='ltr'><strong>mala</strong></span> <span class='ocrx_word' id='word_1_171' title='bbox 860 1622 901 1652; x_wconf 90' lang='lat' dir='ltr'><strong>et</strong></span> <span class='ocrx_word' id='word_1_172' title='bbox 933 1610 1115 1664; x_wconf 83' lang='lat' dir='ltr'><strong>vitanda,</strong></span> <span class='ocrx_word' id='word_1_173' title='bbox 1149 1611 1286 1654; x_wconf 88' lang='lat' dir='ltr'><strong>cultus</strong></span> <span class='ocrx_word' id='word_1_174' title='bbox 1315 1612 1398 1654; x_wconf 92' lang='lat' dir='ltr'><strong>Dei</strong></span> <span class='ocrx_word' id='word_1_175' title='bbox 1422 1624 1485 1655; x_wconf 92' lang='lat' dir='ltr'><strong>est</strong></span> 
     </span>
     <span class='ocr_line' id='line_1_22' title="bbox 63 1680 1483 1741; baseline 0.001 -16"><span class='ocrx_word' id='word_1_176' title='bbox 63 1682 174 1726; x_wconf 86' lang='lat' dir='ltr'><strong>actio</strong></span> <span class='ocrx_word' id='word_1_177' title='bbox 208 1681 320 1725; x_wconf 84' lang='lat' dir='ltr'><strong>bona</strong></span> <span class='ocrx_word' id='word_1_178' title='bbox 353 1693 393 1724; x_wconf 92' lang='lat' dir='ltr'><strong>et</strong></span> <span class='ocrx_word' id='word_1_179' title='bbox 426 1680 478 1724; x_wconf 88' lang='lat' dir='ltr'><strong>ad</strong></span> <span class='ocrx_word' id='word_1_180' title='bbox 510 1680 641 1724; x_wconf 87' lang='lat' dir='ltr'><strong>finem</strong></span> <span class='ocrx_word' id='word_1_181' title='bbox 689 1682 922 1724; x_wconf 84' lang='lat' dir='ltr'><strong>necessaria</strong></span> <span class='ocrx_word' id='word_1_182' title='bbox 971 1697 1016 1724; x_wconf 88' lang='lat' dir='ltr'><strong>ac</strong></span> <span class='ocrx_word' id='word_1_183' title='bbox 1049 1695 1363 1740; x_wconf 86' lang='lat' dir='ltr'><strong>consequenter</strong></span> <span class='ocrx_word' id='word_1_184' title='bbox 1400 1699 1483 1741; x_wconf 92' lang='lat' dir='ltr'><strong>po-</strong></span> 
     </span>
     <span class='ocr_line' id='line_1_23' title="bbox 63 1753 1485 1811; baseline 0.001 -15"><span class='ocrx_word' id='word_1_185' title='bbox 63 1753 212 1797; x_wconf 83' lang='lat' dir='ltr'><strong>nenda.</strong></span> <span class='ocrx_word' id='word_1_186' title='bbox 249 1754 350 1806; x_wconf 85' lang='lat' dir='ltr'><strong>Qua</strong></span> <span class='ocrx_word' id='word_1_187' title='bbox 383 1754 426 1795; x_wconf 89' lang='lat' dir='ltr'><strong>in</strong></span> <span class='ocrx_word' id='word_1_188' title='bbox 459 1768 502 1796; x_wconf 90' lang='lat' dir='ltr'><strong>re</strong></span> <span class='ocrx_word' id='word_1_189' title='bbox 535 1753 730 1811; x_wconf 82' lang='lat' dir='ltr'><strong>apposite</strong></span> <span class='ocrx_word' id='word_1_190' title='bbox 764 1754 917 1796; x_wconf 84' lang='lat' dir='ltr'><strong>Suarez</strong></span> <span class='ocrx_word' id='word_1_191' title='bbox 952 1753 1036 1811; x_wconf 81' lang='lat'>(3):</span> <span class='ocrx_word' id='word_1_192' title='bbox 1079 1772 1098 1795; x_wconf 90' lang='lat'>«</span> <span class='ocrx_word' id='word_1_193' title='bbox 1131 1753 1376 1798; x_wconf 83' lang='lat' dir='ltr'><strong>Intellectus</strong></span> <span class='ocrx_word' id='word_1_194' title='bbox 1402 1756 1485 1799; x_wconf 91' lang='lat' dir='ltr'><strong>Dei</strong></span> 
     </span>
    </p>
   </div>
   <div class='ocr_carea' id='block_1_2' title="bbox 64 1889 296 1897">
    <p class='ocr_par' dir='ltr' id='par_1_3' title="bbox 64 1889 296 1897">
     <span class='ocr_line' id='line_1_24' title="bbox 64 1889 296 1897; baseline 0 887"><span class='ocrx_word' id='word_1_195' title='bbox 64 1889 296 1897; x_wconf 95' lang='lat' dir='ltr'><strong> </strong></span> 
     </span>
    </p>
   </div>
   <div class='ocr_carea' id='block_1_3' title="bbox 63 1974 1493 2556">
    <p class='ocr_par' dir='ltr' id='par_1_4' title="bbox 160 1974 781 2020">
     <span class='ocr_line' id='line_1_25' title="bbox 160 1974 781 2020; baseline -0.002 -11"><span class='ocrx_word' id='word_1_196' title='bbox 160 1975 217 2020; x_wconf 91' lang='lat'><strong>(1)</strong></span> <span class='ocrx_word' id='word_1_197' title='bbox 244 1974 336 2009; x_wconf 86' lang='lat' dir='ltr'><strong>Vide</strong></span> <span class='ocrx_word' id='word_1_198' title='bbox 366 1986 465 2008; x_wconf 88' lang='lat' dir='ltr'><strong>num.</strong></span> <span class='ocrx_word' id='word_1_199' title='bbox 499 1984 573 2009; x_wconf 86' lang='lat'><strong>101.</strong></span> <span class='ocrx_word' id='word_1_200' title='bbox 602 1986 684 2019; x_wconf 86' lang='lat' dir='ltr'><strong>pag.</strong></span> <span class='ocrx_word' id='word_1_201' title='bbox 703 1983 781 2008; x_wconf 61' lang='grc' dir='ltr'><strong>ΥΩ..</strong></span> 
     </span>
    </p>

    <p class='ocr_par' dir='ltr' id='par_1_5' title="bbox 63 2033 1493 2426">
     <span class='ocr_line' id='line_1_26' title="bbox 161 2033 1490 2080; baseline 0.001 -12"><span class='ocrx_word' id='word_1_202' title='bbox 161 2034 218 2078; x_wconf 83' lang='grc'><strong>(2)</strong></span> <span class='ocrx_word' id='word_1_203' title='bbox 248 2034 297 2068; x_wconf 82' lang='lat' dir='ltr'><strong>Ut</strong></span> <span class='ocrx_word' id='word_1_204' title='bbox 326 2045 368 2068; x_wconf 81' lang='lat' dir='ltr'><strong>ex</strong></span> <span class='ocrx_word' id='word_1_205' title='bbox 396 2042 471 2067; x_wconf 86' lang='lat' dir='ltr'><strong>tota</strong></span> <span class='ocrx_word' id='word_1_206' title='bbox 499 2033 813 2078; x_wconf 80' lang='lat' dir='ltr'><strong>argumentatione</strong></span> <span class='ocrx_word' id='word_1_207' title='bbox 843 2042 953 2078; x_wconf 83' lang='lat' dir='ltr'><strong>patet,</strong></span> <span class='ocrx_word' id='word_1_208' title='bbox 975 2045 1057 2067; x_wconf 89' lang='lat' dir='ltr'><strong>cum</strong></span> <span class='ocrx_word' id='word_1_209' title='bbox 1085 2033 1208 2068; x_wconf 89' lang='lat' dir='ltr'><strong>multis</strong></span> <span class='ocrx_word' id='word_1_210' title='bbox 1234 2034 1354 2068; x_wconf 88' lang='lat' dir='ltr'><strong>modis</strong></span> <span class='ocrx_word' id='word_1_211' title='bbox 1374 2035 1490 2080; x_wconf 86' lang='lat' dir='ltr'><strong>possit</strong></span> 
     </span>
     <span class='ocr_line' id='line_1_27' title="bbox 65 2093 1492 2140; baseline 0 -12"><span class='ocrx_word' id='word_1_212' title='bbox 65 2093 200 2140; x_wconf 88' lang='lat' dir='ltr'><strong>aliquid</strong></span> <span class='ocrx_word' id='word_1_213' title='bbox 228 2093 297 2128; x_wconf 89' lang='lat' dir='ltr'><strong>dici</strong></span> <span class='ocrx_word' id='word_1_214' title='bbox 326 2093 369 2127; x_wconf 86' lang='lat' dir='ltr'><strong>de</strong></span> <span class='ocrx_word' id='word_1_215' title='bbox 397 2093 478 2139; x_wconf 82' lang='lat' dir='ltr'><strong>lege</strong></span> <span class='ocrx_word' id='word_1_216' title='bbox 505 2093 668 2135; x_wconf 82' lang='lat' dir='ltr'><strong>naturali,</strong></span> <span class='ocrx_word' id='word_1_217' title='bbox 697 2103 763 2126; x_wconf 89' lang='lat' dir='ltr'><strong>nos</strong></span> <span class='ocrx_word' id='word_1_218' title='bbox 791 2093 972 2139; x_wconf 88' lang='lat' dir='ltr'><strong>loquimur</strong></span> <span class='ocrx_word' id='word_1_219' title='bbox 991 2093 1033 2127; x_wconf 88' lang='lat' dir='ltr'><strong>de</strong></span> <span class='ocrx_word' id='word_1_220' title='bbox 1059 2093 1102 2127; x_wconf 89' lang='lat' dir='ltr'><strong>iis</strong></span> <span class='ocrx_word' id='word_1_221' title='bbox 1129 2105 1217 2139; x_wconf 82' lang='lat' dir='ltr'><strong>quae</strong></span> <span class='ocrx_word' id='word_1_222' title='bbox 1236 2103 1317 2129; x_wconf 89' lang='lat' dir='ltr'><strong>sunt</strong></span> <span class='ocrx_word' id='word_1_223' title='bbox 1344 2094 1388 2128; x_wconf 86' lang='lat' dir='ltr'><strong>de</strong></span> <span class='ocrx_word' id='word_1_224' title='bbox 1417 2095 1492 2129; x_wconf 78' lang='lat' dir='ltr'><strong>iure</strong></span> 
     </span>
     <span class='ocr_line' id='line_1_28' title="bbox 63 2152 1493 2199; baseline 0 -12"><span class='ocrx_word' id='word_1_225' title='bbox 63 2152 215 2187; x_wconf 86' lang='lat' dir='ltr'><strong>naturali</strong></span> <span class='ocrx_word' id='word_1_226' title='bbox 239 2153 470 2199; x_wconf 74' lang='lat' dir='ltr'><strong>praecipiente</strong></span> <span class='ocrx_word' id='word_1_227' title='bbox 497 2162 531 2187; x_wconf 90' lang='lat' dir='ltr'><strong>et</strong></span> <span class='ocrx_word' id='word_1_228' title='bbox 553 2153 753 2199; x_wconf 76' lang='lat' dir='ltr'><strong>prohibente</strong></span> <span class='ocrx_word' id='word_1_229' title='bbox 780 2153 857 2199; x_wconf 85' lang='lat' dir='ltr'><strong>(qui</strong></span> <span class='ocrx_word' id='word_1_230' title='bbox 884 2164 1009 2188; x_wconf 86' lang='lat' dir='ltr'><strong>sensus</strong></span> <span class='ocrx_word' id='word_1_231' title='bbox 1036 2162 1088 2188; x_wconf 88' lang='lat' dir='ltr'><strong>est</strong></span> <span class='ocrx_word' id='word_1_232' title='bbox 1115 2155 1249 2199; x_wconf 86' lang='lat' dir='ltr'><strong>primus</strong></span> <span class='ocrx_word' id='word_1_233' title='bbox 1277 2162 1311 2188; x_wconf 85' lang='lat' dir='ltr'><strong>et</strong></span> <span class='ocrx_word' id='word_1_234' title='bbox 1329 2154 1493 2188; x_wconf 78' lang='lat' dir='ltr'><strong>maxime</strong></span> 
     </span>
     <span class='ocr_line' id='line_1_29' title="bbox 65 2213 1486 2258; baseline 0.003 -13"><span class='ocrx_word' id='word_1_235' title='bbox 65 2213 250 2257; x_wconf 88' lang='lat' dir='ltr'><strong>proprius)</strong></span> <span class='ocrx_word' id='word_1_236' title='bbox 279 2224 354 2247; x_wconf 72' lang='lat' dir='ltr'><strong>nori</strong></span> <span class='ocrx_word' id='word_1_237' title='bbox 381 2222 503 2248; x_wconf 71' lang='lat' dir='ltr'><strong>antoni</strong></span> <span class='ocrx_word' id='word_1_238' title='bbox 531 2221 735 2258; x_wconf 75' lang='lat' dir='ltr'><strong>spectanius</strong></span> <span class='ocrx_word' id='word_1_239' title='bbox 763 2224 815 2255; x_wconf 86' lang='lat' dir='ltr'><strong>ea,</strong></span> <span class='ocrx_word' id='word_1_240' title='bbox 842 2224 931 2258; x_wconf 84' lang='lat' dir='ltr'><strong>quae</strong></span> <span class='ocrx_word' id='word_1_241' title='bbox 960 2222 1042 2247; x_wconf 90' lang='lat' dir='ltr'><strong>sunt</strong></span> <span class='ocrx_word' id='word_1_242' title='bbox 1070 2213 1112 2247; x_wconf 82' lang='lat' dir='ltr'><strong>de</strong></span> <span class='ocrx_word' id='word_1_243' title='bbox 1139 2213 1213 2247; x_wconf 87' lang='lat' dir='ltr'><strong>iure</strong></span> <span class='ocrx_word' id='word_1_244' title='bbox 1240 2213 1392 2248; x_wconf 85' lang='lat' dir='ltr'><strong>naturali</strong></span> <span class='ocrx_word' id='word_1_245' title='bbox 1427 2224 1486 2249; x_wconf 92' lang='lat' dir='ltr'><strong>so-</strong></span> 
     </span>
     <span class='ocr_line' id='line_1_30' title="bbox 64 2271 1489 2318; baseline 0.001 -13"><span class='ocrx_word' id='word_1_246' title='bbox 64 2271 139 2305; x_wconf 91' lang='lat' dir='ltr'><strong>lum</strong></span> <span class='ocrx_word' id='word_1_247' title='bbox 161 2272 362 2318; x_wconf 69' lang='lat' dir='ltr'><strong>permissive:</strong></span> <span class='ocrx_word' id='word_1_248' title='bbox 401 2281 460 2306; x_wconf 87' lang='lat' dir='ltr'><strong>aut</strong></span> <span class='ocrx_word' id='word_1_249' title='bbox 496 2273 689 2314; x_wconf 62' lang='lat' dir='ltr'><strong>concessiva,</strong></span> <span class='ocrx_word' id='word_1_250' title='bbox 716 2281 753 2306; x_wconf 86' lang='lat' dir='ltr'><strong>ut</strong></span> <span class='ocrx_word' id='word_1_251' title='bbox 780 2273 829 2305; x_wconf 86' lang='lat' dir='ltr'><strong>sic</strong></span> <span class='ocrx_word' id='word_1_252' title='bbox 858 2284 910 2306; x_wconf 85' lang='lat' dir='ltr'><strong>res</strong></span> <span class='ocrx_word' id='word_1_253' title='bbox 938 2272 1144 2317; x_wconf 78' lang='lat' dir='ltr'><strong>explicetur.</strong></span> <span class='ocrx_word' id='word_1_254' title='bbox 1170 2272 1370 2316; x_wconf 82' lang='lat' dir='ltr'><strong>Quomodo</strong></span> <span class='ocrx_word' id='word_1_255' title='bbox 1397 2272 1489 2306; x_wconf 85' lang='lat' dir='ltr'><strong>haec</strong></span> 
     </span>
     <span class='ocr_line' id='line_1_31' title="bbox 65 2329 1483 2378; baseline 0.001 -13"><span class='ocrx_word' id='word_1_256' title='bbox 65 2342 208 2378; x_wconf 85' lang='lat' dir='ltr'><strong>quoque</strong></span> <span class='ocrx_word' id='word_1_257' title='bbox 227 2332 298 2366; x_wconf 85' lang='lat' dir='ltr'><strong>sint</strong></span> <span class='ocrx_word' id='word_1_258' title='bbox 328 2331 579 2373; x_wconf 84' lang='lat' dir='ltr'><strong>immutabilia,</strong></span> <span class='ocrx_word' id='word_1_259' title='bbox 606 2332 688 2366; x_wconf 83' lang='lat' dir='ltr'><strong>satis</strong></span> <span class='ocrx_word' id='word_1_260' title='bbox 716 2339 825 2377; x_wconf 88' lang='lat' dir='ltr'><strong>patet.</strong></span> <span class='ocrx_word' id='word_1_261' title='bbox 847 2329 901 2366; x_wconf 86' lang='lat' dir='ltr'><strong>Cf.</strong></span> <span class='ocrx_word' id='word_1_262' title='bbox 921 2332 1063 2373; x_wconf 76' lang='lat' dir='ltr'><strong>Suarez,</strong></span> <span class='ocrx_word' id='word_1_263' title='bbox 1093 2331 1134 2365; x_wconf 83' lang='lat' dir='ltr'><strong>de</strong></span> <span class='ocrx_word' id='word_1_264' title='bbox 1164 2331 1232 2376; x_wconf 86' lang='lat' dir='ltr'><strong>leg,</strong></span> <span class='ocrx_word' id='word_1_265' title='bbox 1256 2330 1278 2365; x_wconf 89' lang='lat' dir='ltr'><strong>l.</strong></span> <span class='ocrx_word' id='word_1_266' title='bbox 1300 2330 1342 2365; x_wconf 87' lang='grc' dir='ltr'><strong>ΙΙ.</strong></span> <span class='ocrx_word' id='word_1_267' title='bbox 1370 2342 1398 2364; x_wconf 93' lang='lat' dir='ltr'><strong>c.</strong></span> <span class='ocrx_word' id='word_1_268' title='bbox 1431 2340 1483 2373; x_wconf 80' lang='lat'><strong>14.</strong></span> 
     </span>
     <span class='ocr_line' id='line_1_32' title="bbox 67 2390 230 2426; baseline 0.012 -2"><span class='ocrx_word' id='word_1_269' title='bbox 67 2401 168 2425; x_wconf 56' lang='lat' dir='ltr'><strong>nunm</strong></span> <span class='ocrx_word' id='word_1_270' title='bbox 196 2390 230 2426; x_wconf 86' lang='lat'><strong>6.</strong></span> 
     </span>
    </p>

    <p class='ocr_par' dir='ltr' id='par_1_6' title="bbox 67 2450 1491 2556">
     <span class='ocr_line' id='line_1_33' title="bbox 163 2450 1488 2497; baseline -0.002 -11"><span class='ocrx_word' id='word_1_271' title='bbox 163 2451 219 2496; x_wconf 86' lang='lat'><strong>(3)</strong></span> <span class='ocrx_word' id='word_1_272' title='bbox 247 2451 332 2486; x_wconf 88' lang='lat' dir='ltr'><strong>Loc.</strong></span> <span class='ocrx_word' id='word_1_273' title='bbox 361 2451 419 2486; x_wconf 87' lang='lat' dir='ltr'><strong>cit.</strong></span> <span class='ocrx_word' id='word_1_274' title='bbox 447 2463 475 2486; x_wconf 80' lang='lat' dir='ltr'><strong>c,</strong></span> <span class='ocrx_word' id='word_1_275' title='bbox 508 2460 558 2494; x_wconf 77' lang='lat'><strong>15.</strong></span> <span class='ocrx_word' id='word_1_276' title='bbox 587 2460 619 2485; x_wconf 73' lang='lat' dir='ltr'><strong>n:</strong></span> <span class='ocrx_word' id='word_1_277' title='bbox 653 2461 703 2486; x_wconf 82' lang='lat'><strong>12.</strong></span> <span class='ocrx_word' id='word_1_278' title='bbox 731 2451 824 2485; x_wconf 78' lang='lat' dir='ltr'><strong>Vide</strong></span> <span class='ocrx_word' id='word_1_279' title='bbox 852 2451 947 2497; x_wconf 87' lang='lat' dir='ltr'><strong>Hug.</strong></span> <span class='ocrx_word' id='word_1_280' title='bbox 977 2450 1160 2493; x_wconf 84' lang='lat' dir='ltr'><strong>Grotium,</strong></span> <span class='ocrx_word' id='word_1_281' title='bbox 1182 2450 1223 2484; x_wconf 83' lang='lat' dir='ltr'><strong>de</strong></span> <span class='ocrx_word' id='word_1_282' title='bbox 1251 2451 1324 2484; x_wconf 84' lang='lat' dir='ltr'><strong>iure</strong></span> <span class='ocrx_word' id='word_1_283' title='bbox 1352 2450 1434 2484; x_wconf 87' lang='lat' dir='ltr'><strong>belli</strong></span> <span class='ocrx_word' id='word_1_284' title='bbox 1454 2458 1488 2484; x_wconf 88' lang='lat' dir='ltr'><strong>et</strong></span> 
     </span>
     <span class='ocr_line' id='line_1_34' title="bbox 67 2508 1491 2556; baseline 0.001 -14"><span class='ocrx_word' id='word_1_285' title='bbox 67 2509 165 2554; x_wconf 85' lang='lat' dir='ltr'><strong>pacis</strong></span> <span class='ocrx_word' id='word_1_286' title='bbox 191 2509 213 2545; x_wconf 94' lang='lat' dir='ltr'><strong>l.</strong></span> <span class='ocrx_word' id='word_1_287' title='bbox 239 2510 268 2545; x_wconf 94' lang='lat' dir='ltr'><strong>I.</strong></span> <span class='ocrx_word' id='word_1_288' title='bbox 294 2521 322 2544; x_wconf 94' lang='lat' dir='ltr'><strong>c.</strong></span> <span class='ocrx_word' id='word_1_289' title='bbox 355 2522 380 2544; x_wconf 94' lang='lat'><strong>1.</strong></span> <span class='ocrx_word' id='word_1_290' title='bbox 402 2522 502 2545; x_wconf 87' lang='lat' dir='ltr'><strong>num.</strong></span> <span class='ocrx_word' id='word_1_291' title='bbox 537 2519 564 2553; x_wconf 85' lang='lat'><strong>5.</strong></span> <span class='ocrx_word' id='word_1_292' title='bbox 584 2511 681 2556; x_wconf 83' lang='lat' dir='ltr'><strong>Lege</strong></span> <span class='ocrx_word' id='word_1_293' title='bbox 710 2522 759 2553; x_wconf 85' lang='lat' dir='ltr'><strong>ca,</strong></span> <span class='ocrx_word' id='word_1_294' title='bbox 776 2521 864 2556; x_wconf 87' lang='lat' dir='ltr'><strong>quae</strong></span> <span class='ocrx_word' id='word_1_295' title='bbox 891 2510 961 2544; x_wconf 86' lang='lat' dir='ltr'><strong>iam</strong></span> <span class='ocrx_word' id='word_1_296' title='bbox 991 2510 1145 2543; x_wconf 67' lang='lat' dir='ltr'><strong>diximus</strong></span> <span class='ocrx_word' id='word_1_297' title='bbox 1173 2522 1291 2556; x_wconf 84' lang='lat' dir='ltr'><strong>super.</strong></span> <span class='ocrx_word' id='word_1_298' title='bbox 1311 2521 1408 2544; x_wconf 88' lang='lat' dir='ltr'><strong>num.</strong></span> <span class='ocrx_word' id='word_1_299' title='bbox 1433 2508 1491 2544; x_wconf 86' lang='lat'><strong>62.</strong></span> 
     </span>
    </p>
   </div>
   <div class='ocr_carea' id='block_1_4' title="bbox 68 2578 255 2615">
    <p class='ocr_par' dir='ltr' id='par_1_7' title="bbox 68 2578 255 2615">
     <span class='ocr_line' id='line_1_35' title="bbox 68 2578 255 2615; baseline 0.016 -14"><span class='ocrx_word' id='word_1_300' title='bbox 68 2578 149 2615; x_wconf 86' lang='lat' dir='ltr'><strong>pag.</strong></span> <span class='ocrx_word' id='word_1_301' title='bbox 178 2579 255 2614; x_wconf 87' lang='lat'><strong>172.</strong></span> 
     </span>
    </p>
   </div>
  </div>
 </body>
</html>
