1734 2784
123 162 330 215 existunt,
347 159 422 203 sed
454 158 761 202 tantummodo
787 157 838 200 de
862 154 1099 200 actionibus
1119 155 1334 213 humanis,
1356 153 1552 199 videlicet

127 233 180 277 de
214 230 450 276 actionibus
485 229 582 283 illis,
617 246 724 288 quae
757 227 1022 272 voluntariae
1057 240 1156 270 sunt
1193 239 1233 271 et
1264 226 1430 270 liberae.

247 305 415 348 Verum
448 301 499 345 de
531 302 623 359 ipsa
657 301 824 344 actione
877 299 1068 343 humana
1115 299 1330 342 distinctio
1371 298 1448 341 alia
1489 309 1552 341 est

126 373 380 419 adhibenda.
404 374 464 417 Ut
497 374 611 416 enim
647 390 697 416 ex
728 372 919 416 thesibus
954 369 1303 429 praecedentibus
1336 371 1418 413 iam
1452 371 1552 413 satis

130 446 276 504 liquet,
289 446 399 488 actio
416 443 603 487 humana
622 456 762 501 potest
785 442 1012 500 dupliciter
1032 442 1291 486 considerari
1309 453 1349 484 et
1372 440 1553 484 conferri

133 533 232 561 cum
267 531 421 559 norma
453 514 705 558 moralitatis
741 531 814 558 seu
850 530 951 557 cum
987 514 1137 557 ordine
1168 513 1362 570 naturali,
1399 528 1554 569 nempe

128 588 200 632 vel
233 586 539 631 tantummodo
573 585 810 629 secundum
857 601 977 628 suam
1025 584 1324 637 substantiam,
1368 583 1432 626 vel
1466 599 1555 625 non

135 659 272 704 modo
306 657 545 702 secundum
580 673 701 700 suam
735 656 1030 710 substantiam,
1067 656 1141 699 sed
1166 656 1296 698 etiam
1319 653 1556 698 secundum

134 731 262 775 finem
299 731 512 788 operantis
547 742 586 772 et
619 728 855 772 secundum
890 728 989 771 alias
1025 727 1365 771 circumstantias
1404 740 1557 769 omnes

137 821 211 847 seu
246 801 493 858 accidentia,
527 817 634 859 quae
668 802 879 843 actionem
914 801 955 842 in
992 799 1217 843 individuo
1262 798 1558 842 determinant.

135 876 181 919 Si
215 875 419 932 primum,
453 874 562 915 actio
597 872 888 915 consideratur
923 874 964 914 in
1013 871 1242 923 abstracto,
1286 869 1391 913 facta
1424 869 1559 912 nimi-

139 962 235 990 rum
270 945 531 1003 praecisione
576 960 597 987 a
638 943 720 986 fine
769 944 983 1000 operantis
1035 943 1177 985 aliisve
1226 941 1403 984 actionis
1453 939 1561 983 indi-

138 1017 292 1060 viduae
336 1017 695 1059 circumstantiis:
747 1016 811 1057 sin
850 1015 1047 1066 alterum,
1098 1015 1206 1056 actio
1256 1025 1468 1070 spectatur
1520 1013 1562 1054 in

140 1098 332 1145 concreto,
366 1104 440 1130 seu
473 1086 587 1129 nulla
620 1086 725 1129 facta
758 1086 1024 1143 praecisione
1058 1085 1105 1127 ab
1129 1086 1198 1138 iis,
1224 1100 1329 1142 quae
1352 1085 1563 1126 actionem

144 1161 185 1203 in
219 1159 441 1202 individuo
476 1158 734 1200 comitantur
768 1157 851 1215 (1).
888 1158 977 1199 Hac
1027 1158 1067 1198 in
1101 1155 1211 1199 thesi
1250 1156 1436 1198 actiones
1480 1154 1564 1196 hu-

145 1247 288 1274 manas
322 1242 565 1288 spectamus
602 1230 642 1271 in
675 1228 879 1272 abstracto
913 1240 1100 1280 tantum,
1125 1240 1165 1270 et
1188 1226 1449 1270 affirmamus
1473 1241 1565 1268 esse

141 1301 349 1360 quasdam
397 1302 584 1343 actiones
640 1299 847 1342 humanas
899 1300 1053 1357 (neque
1103 1299 1216 1341 enim
1266 1298 1316 1341 de
1365 1297 1566 1341 omnibus

146 1372 381 1417 actionibus
415 1372 615 1415 humanis
649 1371 691 1415 id
725 1388 874 1415 verum
908 1374 1003 1428 est),
1036 1387 1144 1428 quae
1179 1387 1229 1414 eo
1260 1369 1393 1412 modo
1428 1371 1569 1427 inspe-

148 1458 237 1489 ctae
267 1461 406 1503 neque
440 1444 645 1487 honestae
690 1456 787 1486 sunt
820 1458 956 1500 neque
991 1442 1256 1496 inhonestae,
1289 1441 1362 1484 sed
1395 1452 1494 1484 sunt
1526 1441 1570 1483 in

148 1516 299 1560 ordine
332 1515 586 1559 moraiitatis
620 1514 922 1557 indifferentes.

270 1602 338 1643 74.
364 1589 750 1630 DEMONSTRATIO.
772 1587 822 1628 Et
849 1600 947 1628 sane
971 1584 1151 1628 honesta
1175 1597 1238 1627 est
1260 1585 1382 1641 actio,
1399 1582 1572 1641 quando

151 1671 216 1702 est
250 1657 484 1701 conformis
519 1657 659 1700 ordini
694 1656 890 1709 naturali,
926 1655 1168 1709 inhonesta,
1203 1655 1373 1713 quando
1408 1667 1469 1697 est
1493 1652 1572 1696 dif-

151 1728 302 1771 formis
347 1728 394 1771 ab
438 1727 590 1771 ordine
634 1726 824 1770 naturali.
864 1727 992 1783 Atqui
1044 1739 1159 1769 actus
1193 1725 1367 1784 quidem
1400 1723 1570 1768 amandi

153 1801 316 1853 Deum,
375 1798 656 1842 subveniendi
710 1799 926 1855 proximo,
975 1797 1213 1841 honorandi
1256 1809 1449 1855 parentes
1493 1808 1571 1838 etc.

151 1872 321 1914 ⁴etiamsi
354 1870 657 1914 tantummodo
691 1887 740 1913 ex
774 1869 940 1913 obiecto
963 1885 1037 1913 seu
1063 1869 1302 1913 secundum
1330 1884 1451 1912 suam
1475 1867 1572 1910 sub-

154 1943 356 1985 stantiam
391 1955 649 2000 spectentur,
685 1941 930 1984 conformes
964 1954 1063 1984 sunt
1096 1940 1236 1984 ordini
1269 1940 1519 1997 naturali‚et
1552 1956 1576 1982 e

154 2013 374 2056 contrario
423 2026 539 2056 actus
588 2011 928 2070 blasphemandi,
981 2012 1230 2069 mentiendi,
1280 2011 1446 2055 furandi
1494 2023 1574 2053 etc.

256 2196 312 2241 (Ι)
340 2196 395 2231 Ad
423 2196 517 2231 lianc
545 2197 814 2232 distinctionem
853 2195 1064 2231 tradendam
1105 2204 1272 2229 auctores
1298 2195 1395 2229 varia
1433 2202 1581 2228 utuntur

159 2256 433 2303 terminologia.
476 2257 510 2291 S.
537 2256 723 2298 Thomas,
757 2267 783 2290 1.
814 2266 843 2290 2.
872 2268 903 2301 q.
935 2255 986 2290 18.
1013 2266 1043 2288 a.
1085 2255 1103 2288 8
1133 2263 1165 2289 et
1192 2264 1237 2299 9.‚
1263 2254 1453 2300 distinguit
1490 2254 1583 2288 inter

165 2316 346 2351 actionem
366 2325 563 2362 spectatam
578 2314 755 2350 secundum
774 2327 867 2349 suam
882 2317 1020 2361 speciem
1045 2323 1079 2349 et
1106 2323 1307 2360 spectatam
1328 2314 1504 2349 secundum
1524 2317 1582 2348 in·-

167 2373 354 2410 dividuum.
381 2376 416 2410 S.
438 2376 703 2417 Bonavcntura,
720 2376 762 2409 II.
781 2384 869 2410 sent.
889 2375 969 2409 dist.
987 2374 1081 2409 XLI.
1108 2383 1172 2409 art.
1197 2385 1222 2408 1.
1251 2385 1283 2419 q.
1310 2374 1382 2416 111„
1401 2373 1584 2420 distinguit

161 2435 260 2470 inter
276 2435 459 2469 actionem
473 2443 669 2481 spectatam
683 2434 938 2469 tantummodo
958 2440 1119 2480 quantum
1133 2434 1176 2468 ad
1192 2445 1294 2480 genus
1311 2435 1466 2477 actionis,
1483 2445 1584 2468 eam-

167 2493 321 2542 demque
349 2503 544 2541 spectatam
573 2495 678 2529 etiam
708 2495 741 2528 in
768 2495 1019 2541 comparatione
1059 2493 1102 2528 ad
1141 2499 1345 2541 operantem.
1371 2494 1414 2529 Et
1439 2494 1490 2529 sic
1527 2493 1586 2529 alii

166 2553 273 2590 aliter
298 2554 504 2602 loquuntur.
