1734 2784
788 128 843 133 ——
884 116 934 143 io
973 126 1054 154 —⁸

197 212 287 239 rem
321 212 352 239 s.
375 196 612 254 Gregorius
647 197 831 253 Magnus
867 197 937 255 (1):
985 196 1184 240 «Omnis
1220 208 1434 240 creaturae
1457 197 1634 256 aliquid,

197 267 317 311 habet
353 268 500 311 homo.
538 267 673 311 Ilabet
707 283 890 326 namque
926 283 1155 311 commune
1203 283 1293 312 esse
1329 284 1426 312 cum
1468 269 1615 329 lapidi-

196 340 288 394 bus,
314 342 454 383 vivere
488 357 583 383 eun]
618 339 851 394 arboribus,
876 341 1031 383 sentire
1067 356 1169 383 cum
1205 340 1472 399 animalibus,
1496 342 1619 386 intel-

195 413 326 469 ligere
352 427 449 455 cum
473 412 699 467 Angelis.»
740 413 850 455 Hinc
876 413 1032 455 merito
1055 425 1232 456 vocatur
1257 416 1404 471 μικρὸς
1440 414 1617 471 κόσμος.

198 485 257 527 Ex
291 499 342 527 eo
375 497 534 537 autem,
570 483 686 542 quod
721 497 783 526 est
817 483 1073 540 intelligenS,
1109 483 1167 542 fit,
1202 497 1247 528 ut
1280 500 1368 529 non
1402 485 1536 532 modo
1561 487 1662 541 sit,

197 556 426 613 vestigium
463 555 692 614 quoddam,
727 557 836 599 sieut
869 567 967 598 sunt
1001 568 1214 600 creaturae
1247 548 1619 616 i1·rationales,.sed

198 629 323 672 ctiam
345 644 553 685 expressa,
572 628 667 670 licet
688 628 1106 690 participata,imago
1133 629 1323 686 supremi
1341 628 1526 689 Artificis
1548 629 1620 688 (2)

320 701 434 742 Haec
469 700 566 742 satis
602 715 813 756 superque
849 715 939 742 esse
973 700 1188 754 videntur,
1224 700 1276 745 ad
1312 701 1466 745 thesim
1496 702 1622 755 'hanc

202 770 593 824 demonstrandam,
629 787 734 828 quae
766 784 860 814 tum
907 788 956 814 ex
990 788 1034 815 se
1059 785 1194 831 patet,
1229 785 1321 815 tum
1365 773 1491 816 etiam
1541 769 1621 817 im-

202 842 381 885 mediate
415 843 607 900 sequitur
640 857 693 885 ex
727 842 793 885 illa
829 842 1094 901 Ontologiae
1127 845 1438 902 propositione,
1464 845 1505 887 in
1540 861 1623 904 qua

201 916 412 972 statuitur,
445 930 557 957 011szss
589 929 706 972 agens
740 930 853 972 agere
882 924 1047 974 propter
1071 917 1199 976 finem
1237 915 1311 972 (3).
1336 916 1446 968 Illud
1480 918 1623 976 potius

204 985 579 1038 animadvertatur,
616 986 731 1043 quod
767 1002 815 1029 ex
865 985 988 1029 dictis
1022 986 1097 1030 hac
1131 988 1174 1029 in
1219 987 1326 1030 thesi
1364 987 1458 1031 fluit
1490 989 1624 1031 maui-

202 1059 335 1111 feste,
369 1057 458 1101 fieri
491 1057 728 1100 nullatenus
764 1074 908 1115 posse,
934 1071 979 1102 ut
1011 1058 1105 1101 finis
1138 1062 1202 1103 clii
1235 1059 1423 1103 hominis
1458 1061 1512 1103 sit
1550 1076 1623 1104 ens

204 1129 375 1188 aliquod
409 1128 661 1172 irrationale.
716 1130 867 1187 Neque
916 1131 1030 1173 enim
1078 1142 1180 1173 tunc
1228 1132 1347 1174 Deus
1401 1130 1624 1176 hominem

206 1203 445 1246 ordinasset
479 1201 530 1245 ad
562 1201 691 1245 finem
724 1202 892 1259 dignum
926 1218 969 1245 se
993 1218 1152 1260 suaque
1187 1203 1408 1260 sapientia,
1442 1219 1540 1246 cum
1573 1204 1627 1246 sit

205 1276 390 1332 sapiente
425 1273 671 1317 ordinatore
707 1273 934 1331 indignum
968 1289 1040 1317 ens
1089 1275 1371 1332 praestantius
1419 1273 1627 1318 subiicere

205 1348 286 1390 enti
322 1345 521 1389 inferiori.
576 1347 721 1390 «Non
771 1346 877 1408 ordo
924 1358 1096 1404 rectuS,
1132 1358 1177 1389 ut
1227 1347 1395 1404 egregie
1437 1345 1629 1405 loquitur

203 1436 233 1462 s.
271 1419 537 1475 Augustinus
571 1418 636 1476 (4)
656 1454 666 1472 ,
703 1430 773 1462 aut
805 1418 912 1462 ordo
945 1417 1222 1476 appellandus
1255 1430 1317 1461 est
1342 1419 1523 1461 omnino
1557 1417 1628 1461 ubi

207 1490 484 1534 deterioribus
531 1490 707 1533 meliora
750 1489 1089 1534 subiiciuntur.»
1136 1492 1231 1534 Hoc
1277 1505 1350 1534 ens
1385 1489 1537 1533 melius
1588 1501 1630 1533 et

206 1563 484 1621 praestantius
518 1574 613 1605 ente
646 1562 907 1619 intelligente
938 1562 1061 1606 finito
1095 1574 1159 1606 est
1191 1563 1333 1620 ipsum
1369 1575 1442 1604 ens
1478 1560 1630 1605 intelli-

209 1649 312 1691 gens
347 1633 561 1677 infinitum
596 1635 714 1677 Deus
749 1633 806 1678 O.
842 1635 916 1691 M,
951 1649 1078 1692 quam
1124 1632 1485 1677 fundamentalem
1520 1633 1629 1676 veri-

209 1717 336 1748 tatem
370 1707 508 1748 statim
543 1705 849 1750 demonstrabit
882 1722 1063 1764 sequens
1098 1706 1354 1763 propositio.

809 1802 974 1845 Tfflzsts
1007 1801 1059 1844 II.

213 1896 330 1939 finis
346 1894 412 1937 cui
427 1894 589 1937 altimus
607 1894 778 1937 hominis
791 1907 1002 1951 famamque
1014 1892 1196 1935 omnium
1210 1899 1263 1935 est
1284 1890 1438 1934 bonitas
1456 1891 1629 1949 infinita.

333 1992 369 2031 6.
405 1991 769 2033 PRAENOTIONES.
807 1990 919 2033 Cum
954 1989 1088 2043 Deus,
1123 1999 1167 2030 ut
1200 1988 1241 2029 in
1265 1986 1375 2030 thesi
1408 1987 1632 2044 superiore

216 2061 625 2115 demonstravimus,
662 2061 884 2104 hominem
919 2072 1162 2117 ceterasque
1186 2070 1395 2102 creaturas
1420 2056 1470 2101 ad
1502 2056 1632 2101 finem

310 2210 360 2255 (Ι)
388 2211 494 2245 Hom.
518 2220 571 2255 29.
590 2212 625 2244 in
655 2210 719 2244 Er.
743 2209 799 2244 Cf.
823 2210 930 2244 etiam
949 2210 1036 2252 Cic„
1057 2208 1099 2243 de
1117 2218 1187 2243 nat.
1215 2209 1322 2243 Deor.
1344 2207 1390 2242 11.
1413 2205 1457 2252 56
1488 2217 1573 2253 seq,
1592 2206 1647 2241 de‘

216 2269 284 2315 leg.
314 2270 341 2303 I.
372 2280 403 2314 7.
425 2281 488 2309 1o.,
518 2270 560 2303 de
587 2269 646 2303 off.
670 2270 695 2310 Ι,
715 2280 748 2311 4.
772 2269 826 2304 Cf.
857 2270 945 2304 item
973 2268 1196 2304 Pallavicino
1229 2266 1280 2302 del
1314 2267 1391 2301 bene
1416 2266 1455 2300 L.
1478 2277 1505 2311 3.
1526 2277 1554 2300 e.
1572 2276 1634 2302 20.

308 2330 359 2374 (2)
388 2328 445 2364 Cf.
476 2329 518 2363 de
547 2329 611 2363 hac
640 2341 675 2363 re
703 2342 729 2363 s⁴
761 2330 890 2369 T11.,1.
921 2339 956 2374 p.
988 2341 1020 2375 q.
1042 2337 1100 2373 93.
1124 2326 1178 2363 Cf.
1203 2337 1343 2373 quoque
1374 2325 1586 2360 Cornelium
1615 2337 1633 2360 a

215 2395 302 2434 Lap.
338 2390 370 2422 in
401 2388 489 2423 Gen.
518 2399 547 2421 e.
581 2399 607 2421 1.
635 2401 666 2423 v.
697 2388 753 2422 26.

305 2448 355 2492 (3)
384 2449 479 2493 Lege
507 2458 534 2481 s.
552 2446 632 2480 Th..
651 2457 776 2481 contra
804 2447 908 2481 Gent.
939 2446 961 2481 l.
989 2456 1018 2489 3.
1045 2458 1060 2480 c
1104 2457 1136 2480 2.
1165 2445 1257 2479 Vide
1285 2446 1390 2479 etiam
1423 2456 1450 2478 1.
1470 2455 1502 2489 p.
1523 2456 1554 2491 q.
1574 2454 1632 2487 44.

215 2520 246 2542 a.
277 2518 324 2550 4.,
352 2508 411 2541 ubi
438 2507 526 2541 haee
554 2507 671 2541 habet:
704 2523 717 2535 ‹<
749 2507 870 2542 Omne
899 2518 1009 2552 agens
1039 2507 1112 2552 agit
1140 2514 1287 2551 propter
1315 2504 1437 2540 finem:
1476 2503 1634 2549 alioquin

218 2580 258 2601 ex
279 2567 421 2601 actione
440 2568 578 2613 agentis
597 2578 670 2601 non
691 2567 806 2612 magis
826 2575 1033 2612 sequeretur
1051 2566 1121 2601 hoc
1143 2577 1247 2611 quam
1268 2563 1355 2599 illud
1373 2563 1439 2598 nisi
1459 2575 1478 2598 a
1499 2573 1582 2597 casu
1599 2578 1632 2598 ».

282 2627 285 2631 ⁴
311 2628 366 2673 (4)
391 2629 448 2662 De
474 2627 535 2662 lib.
564 2628 640 2662 arb.
668 2626 690 2661 l.
727 2637 754 2660 Ι.
783 2637 810 2660 c.
841 2625 870 2659 8.
