1734 2784
95 169 147 197 an
177 170 280 198 vero
313 153 607 198 subalternata.
640 180 698 188 —
729 155 885 213 Liquet
918 168 1062 198 autem
1097 171 1190 199 eam
1234 173 1326 201 esse
1370 159 1530 202 scien-ff

93 233 195 275 tiam
228 232 546 276 sichalternatam
572 232 662 276 aliis
686 231 991 290 Philosophiae
1013 232 1215 290 partibus.
1242 235 1412 277 Etenim
1446 234 1532 278 illa?

93 311 268 354 scientia
301 323 364 354 est
411 309 529 353 alteri
562 311 762 354 scientiae
810 310 1106 365 subalternam,
1141 327 1249 369 quae
1292 311 1340 354 ab
1389 311 1533 356 altera.

93 387 268 430 scientia
300 387 502 430 notiones
535 399 576 430 et
598 388 806 445 principia
829 400 1061 430 mutuatur.
1085 389 1215 446 Atqui
1240 389 1516 447 philosophia

93 464 266 508 moralis
300 464 348 508 ab
383 464 471 507 aliis
497 464 794 523 philosophiae
818 465 1006 523 partibus
1030 466 1172 525 plures
1197 468 1396 511 notiones
1421 468 1514 526 plu-

92 560 222 602 raque
244 544 449 602 principia
472 556 519 587 ut
542 543 832 587 demonstrata
856 556 1089 587 mutuatur.
1114 545 1230 601 Ergo
1255 558 1317 588 est
1339 546 1515 589 scientia

91 621 183 665 aliis
216 620 518 679 philosophiae
552 610 739 680 partibus
774 621 1068 666 subalternata.

209 700 380 743 Dicitur
413 698 494 756 2⁰.)
527 701 716 755 scientia,
755 718 856 760 qaae
905 701 949 744 de
983 703 1190 746 actionmn
1235 703 1530 746 lmmcmarzmz·

89 778 320 821 moralitate
345 786 581 836 pertractat.
616 780 732 822 Haec
764 779 891 822 verba
922 779 1121 824 exhibent
1160 780 1377 824 obiectum
1417 793 1526 824 tum2

89 858 302 901 materiale
331 870 424 900 tum
448 857 630 916 formale
654 857 952 915 philosophiae
978 858 1167 903 moralis
1192 884 1249 892 —
1274 858 1523 903 obiectum

90 934 270 978 formale
303 934 478 978 alicuius
511 935 709 978 scientiae
742 948 804 978 est
838 937 944 979 ratio
978 935 1046 979 illa
1079 936 1289 994 specialis,
1315 935 1393 979 sub
1428 952 1510 994 qua

88 1028 153 1055 res
187 1028 208 1054 a
241 1011 417 1054 scientia
450 1010 754 1056 consideratur:
790 1012 1007 1056 materiale
1040 1025 1103 1056 est
1138 1012 1242 1056 illud
1286 1030 1431 1071 omne,
1466 1014 1510 1056 in

89 1105 176 1148 quo
201 1105 248 1132 ea
281 1090 386 1132 ratio
420 1089 642 1147 reperitur.
665 1092 797 1148 Atqui
831 1091 1046 1134 moralitas
1081 1104 1143 1134 est
1168 1092 1275 1134 ratio
1302 1091 1524 1149 speciali8,‚

89 1166 166 1210 sub
199 1183 281 1225 qua
314 1168 502 1211 actiones
536 1167 747 1211 humanae
781 1186 801 1212 a
841 1168 1114 1227 philosophia
1163 1169 1315 1212 morali
1367 1170 1511 1213 consi-

89 1245 290 1289 derantur
323 1245 408 1304 (1).
442 1246 557 1303 Ergo
591 1263 637 1290 ea
670 1259 733 1289 est
767 1246 983 1290 obiectum
1008 1247 1185 1291 formale
1213 1247 1511 1305 philosophiae

87 1323 276 1367 moralis:
310 1323 499 1367 actiones
533 1340 636 1367 veto
671 1323 896 1378 humanae,
920 1325 961 1367 in
987 1323 1141 1382 quibus
1177 1341 1221 1367 ea
1247 1326 1355 1367 ratio
1388 1326 1529 1380 inest‚,

88 1401 307 1446 obiectum
341 1415 440 1446 sunt
473 1402 667 1446 eiusdem
700 1402 930 1446 materiale.

206 1481 319 1523 Hinc
351 1492 464 1537 patet
497 1479 729 1523 discrimen
773 1481 883 1522 inter
931 1479 1252 1537 philosophiam
1304 1480 1512 1523 moralem

86 1569 127 1601 et
160 1557 258 1600 alias
292 1556 592 1616 philosophiae
634 1570 786 1616 partes,
835 1559 926 1601 Hae
961 1558 1025 1602 vel
1060 1574 1147 1602 non
1190 1558 1345 1602 habent
1396 1558 1509 1602 idem

87 1633 303 1678 obiectum
352 1635 580 1693 materiale,
615 1648 659 1678 ut
692 1635 937 1693 Theologia
987 1634 1200 1690 naturalis,
1235 1636 1300 1678 vel
1345 1637 1378 1679 si
1427 1636 1506 1679 ha-

85 1713 184 1757 bent
216 1713 333 1757 idem
367 1713 585 1757 obiectum
620 1711 853 1768 materiale,
889 1729 976 1756 non
1010 1726 1153 1756 tamen
1188 1713 1344 1756 hahent
1393 1713 1511 1757 idem

86 1789 303 1832 obiectum
337 1788 530 1846 formale,
565 1801 611 1832 ut
642 1788 950 1847 Psychologia,
983 1806 1090 1849 quae
1125 1789 1366 1834 considerat
1400 1791 1502 1848 qui-

86 1866 184 1911 dem
218 1879 258 1909 et
291 1868 381 1925 ipsa
428 1869 615 1912 actiones
664 1866 884 1921 humanas,
917 1883 1004 1911 non
1052 1880 1196 1911 tamen
1230 1884 1298 1910 eas
1350 1879 1512 1925 spectat

85 1944 323 1989 secundum
371 1961 464 1989 esse
505 1945 681 2003 morale,
716 1944 789 1989 sed
837 1945 1076 1989 secundum
1121 1961 1214 1989 esse
1263 1945 1507 2002 physicum.

82 2021 380 2067 Nihilominus
414 2024 492 2066 etsi
525 2024 579 2066 sit
613 2022 848 2066 differentia
882 2024 992 2067 inter
1034 2023 1357 2081 philosophiam
1407 2038 1509 2066 mo-

82 2101 215 2145 ralem
248 2113 289 2145 et
320 2101 420 2145 alias
467 2100 765 2160 philosophiae
814 2114 969 2160 partes,
1005 2113 1069 2145 est
1101 2102 1229 2144 etiam
1281 2099 1507 2158 multiplex

85 2178 291 2236 analogia,
323 2179 600 2238 potissimum
648 2193 750 2222 vero
795 2180 903 2222 inter
935 2179 1143 2235 Logicam
1193 2191 1232 2221 et
1280 2177 1504 2221 Moralem.

178 2418 228 2462 (1)
259 2432 276 2449 «
296 2418 444 2453 Moralis
472 2417 739 2465 philosophiae,
780 2419 894 2466 inquit
934 2432 960 2455 s.
980 2420 1158 2463 Thomas,
1189 2420 1225 2454 in
1255 2419 1276 2453 l.
1324 2431 1351 2454 1.
1391 2418 1508 2454 Ethic.

82 2477 162 2514 lect.
187 2489 226 2514 1..
247 2479 430 2525 proprium
449 2488 500 2514 est
527 2479 755 2514 considerare
783 2481 945 2515 actiones
971 2480 1161 2518 humanas.
1185 2480 1383 2514 secuudum
1404 2478 1503 2526 quod

83 2548 166 2574 sunt
183 2539 370 2575 ordinatae
388 2539 432 2574 ad
450 2539 609 2574 invicem
637 2550 671 2575 et
697 2540 739 2574 ad
767 2539 892 2576 finem.
917 2554 934 2573 »
