1734 2784
315 216 363 258 ΙΙ.
402 216 476 258 Dei
509 215 695 272 possessio
728 222 782 257 cst
816 213 988 256 hominis
1037 211 1240 256 beatitudo
1295 211 1530 256 essentialis.
1554 236 1611 245 —

196 288 340 339 Quam
387 302 473 329 rem
510 301 539 328 s.
577 285 773 329 Thomas
807 284 878 342 (Ι)
913 283 1035 327 docet
1071 282 1186 325 hisce
1218 282 1386 326 verbis:
1417 301 1438 324 α
1473 283 1610 326 Beati-

193 359 298 401 tudo
332 358 519 400 bominis
553 357 746 399 consistit
778 355 1041 398 essentialiter
1074 355 1116 397 in
1141 354 1442 397 coniunctione
1476 353 1608 411 ipsius

191 428 241 471 ad
275 428 434 471 bonum
470 429 721 479 increatum,
757 425 873 483 quod
908 438 969 468 est
1003 424 1180 482 ultimus
1214 425 1322 468 finis.
1347 442 1367 465 »
1399 426 1515 469 Haec
1538 439 1608 468 ve-

192 500 289 541 ritas
324 512 368 541 ut
402 498 508 541 clare
543 510 693 555 pateat,
718 496 820 539 illud
844 509 905 539 est
948 496 1145 554 inprimis
1170 494 1483 554 explicandum,
1506 495 1610 553 quid

191 571 367 613 nomine
400 569 672 613 beatitudinis
706 568 923 612 atsentialis
972 569 1024 611 sit
1073 567 1140 611 hic
1189 566 1527 625 intelligendum.
1561 568 1608 612 Id

191 653 330 684 autem
366 640 667 698 explicabimus
701 639 838 682 verbis
869 640 1053 683 Suaresii
1077 639 1159 697 (2):
1191 640 1351 683 «Licet
1379 638 1430 682 ad
1449 650 1607 683 statum

190 712 425 769 perfectum
472 711 743 754 beatitudinis
793 710 925 754 multa
973 723 1226 755 concurrant
1281 710 1414 764 bona,
1463 723 1603 754 tamen

187 798 358 826 necesse
391 795 468 840 est,
502 796 545 825 ut
580 784 685 826 inter
720 782 785 824 illa
818 781 977 840 aliquid
1010 783 1062 825 sit
1112 797 1358 838 summurn,
1392 779 1442 824 ad
1487 780 1604 839 quod

189 868 322 898 cetera
356 854 609 907 referuntur,
645 853 710 897 vel
759 870 808 896 ex
856 870 906 897 eo
955 866 1156 912 tanquam
1206 871 1255 898 ex
1298 853 1438 912 primo
1486 851 1606 896 fonte

187 931 417 984 dimanant,
452 943 520 974 aut
554 932 596 973 in
629 947 679 974 eo
728 931 966 974 eminenter
1018 932 1304 974 continentur.
1355 930 1472 983 Quia
1520 944 1606 973 non

184 1015 322 1060 potest
357 1018 448 1046 esse
481 1003 728 1059 aggregatio
764 1001 1003 1046 multorum
1037 1001 1222 1060 perfecta
1256 1003 1346 1045 sine
1370 1001 1512 1059 aliquo
1538 1017 1607 1045 or-

185 1073 280 1117 dine
314 1073 550 1117 multorum
584 1074 692 1116 inter
725 1089 784 1117 se.
818 1073 927 1117 Illud
962 1089 1079 1131 ergo,
1113 1073 1229 1132 quod
1269 1085 1333 1116 est
1381 1089 1604 1117 summum

184 1159 223 1188 et
255 1144 490 1202 perfectum
524 1146 565 1187 in
601 1161 651 1188 eo
685 1157 795 1188 statu
817 1179 829 1198 ‚
886 1144 1039 1188 dicitur
1090 1147 1255 1189 essentia
1302 1143 1603 1202 beatitudinis,

184 1229 317 1260 cetera
350 1232 452 1259 vero
486 1229 584 1259 sunt
609 1218 885 1274 proprietates
904 1229 975 1260 aut
995 1217 1229 1261 accidentia
1253 1218 1342 1261 eius
1449 1217 1604 1260 Merito

181 1291 349 1330 essentia
383 1287 654 1330 beatitudinis
689 1303 775 1331 non
825 1287 978 1332 dicitur
1030 1290 1262 1333 consistere
1312 1290 1354 1332 in
1402 1301 1489 1333 tota
1538 1288 1606 1332 illa

182 1358 449 1412 collectione,
486 1358 559 1402 sed
595 1360 635 1401 in
670 1375 720 1402 eo
755 1359 871 1418 quod
905 1374 967 1403 est
1005 1361 1046 1402 in
1084 1360 1150 1403 illa
1174 1377 1427 1419 supremum
1461 1374 1500 1405 et
1534 1361 1602 1404 ul-

180 1431 333 1471 timum
438 1430 561 1474 Unde
596 1430 790 1474 concludi
826 1443 967 1488 potest
1002 1431 1194 1475 formalis
1230 1432 1437 1490 quaedam
1462 1446 1501 1476 et
1525 1447 1602 1490 ge-

180 1501 330 1544 neralis
355 1502 583 1559 descriptio
608 1501 890 1554 beatitudinis,
915 1503 1063 1547 saltem
1087 1504 1228 1562 quoad
1262 1504 1364 1562 quid
1388 1505 1598 1549 nominis:

178 1581 229 1614 es!
262 1574 478 1616 consecutio
514 1573 648 1616 ultimi
679 1588 726 1617 ac
758 1577 935 1632 supremi
968 1574 1077 1633 boni,
1112 1576 1218 1633 quod
1239 1576 1290 1620 ab
1312 1577 1470 1620 homine
1500 1576 1602 1620 desi-

178 1643 313 1686 derari
338 1652 473 1701 polest,
508 1653 540 1687 el
576 1647 615 1687 iu
649 1661 722 1703 quo
757 1654 880 1689 cetera
926 1648 1072 1691 virtute.
1120 1650 1403 1702 continentur,
1438 1663 1505 1691 seu
1547 1648 1603 1691 ad

179 1714 280 1757 -illml
312 1715 543 1772 referuntur
570 1735 608 1759 ».

298 1786 357 1829 Re
376 1799 517 1829 autem
542 1789 599 1830 sic
628 1788 853 1844 intellecta,
876 1792 1056 1834 assertio
1082 1790 1201 1834 facile
1227 1792 1439 1850 probatur.
1466 1792 1601 1848 Deus,

176 1868 325 1913 utpote
359 1855 519 1899 bonum
556 1859 794 1916 infinitum,
829 1862 1043 1920 exemplar
1076 1879 1218 1907 rerum
1266 1865 1492 1918 omnium,
1528 1881 1595 1907 ea-

176 1926 459 1985 rumdemque
493 1931 628 1987 prima
662 1947 808 1985 causa,
843 1932 1025 1992 finisque
1059 1935 1253 1989 ultimus,
1290 1948 1351 1978 est
1395 1935 1598 1979 ultimum

175 2013 221 2040 ac
254 2014 505 2056 supremum
540 2000 718 2058 bonum,
755 2005 873 2063 quod
907 2005 954 2049 ab
979 2006 1155 2050 homine
1179 2006 1415 2051 desiderari
1443 2019 1599 2066 potest,

173 2084 195 2110 a
228 2084 313 2126 quo
348 2072 491 2114 onmia
526 2072 601 2115 alia
633 2073 742 2118 bona
774 2076 924 2133 fluunt,
960 2079 1001 2121 in
1024 2078 1140 2136 quod
1164 2080 1308 2123 omnia
1332 2079 1595 2134 referuntur,

270 2268 323 2311 (1)
351 2267 389 2303 In
423 2281 448 2303 1.
479 2278 508 2304 2.
538 2282 570 2317 q.
603 2283 630 2317 3.
659 2285 676 2307 a
710 2282 737 2317 3.

266 2328 316 2370 (2)
344 2328 396 2362 Dc
425 2328 493 2363 fine
521 2331 583 2365 ult.
612 2332 698 2378 disp.
723 2335 781 2368 IV.
802 2346 886 2370 sect.
915 2336 939 2371 I.
959 2350 991 2374 n.
1012 2349 1040 2382 ς.
1059 2338 1102 2374 Et
1118 2339 1229 2386 paulo
1247 2339 1405 2384 inferius,
1426 2352 1511 2377 sect.
1532 2342 1594 2385 11„

173 2394 207 2417 n.
236 2384 283 2426 8„
310 2385 395 2420 haec
424 2387 550 2423 habet:
575 2405 590 2419 «
608 2390 774 2425 Fatemur
799 2394 841 2427 ad
869 2396 1093 2441 completum
1121 2407 1252 2434 statum
1275 2400 1508 2435 beatitudinis
1535 2413 1592 2436 re-

171 2444 261 2487 quiri
288 2445 354 2479 alia
385 2447 491 2482 bona.
520 2448 660 2484 Tamen
688 2462 761 2485 non
790 2463 870 2488 sunt
897 2456 1041 2500 proprie
1068 2457 1210 2493 obiecta
1231 2460 1464 2495 beatitudinis
1483 2473 1592 2497 essen-

169 2502 274 2543 tialis,
300 2505 381 2549 quia
408 2518 472 2540 nec
500 2517 581 2542 sunt
610 2509 686 2544 finis
711 2511 868 2554 ultimus,
896 2525 961 2548 nec
991 2527 1071 2560 pars
1099 2518 1187 2561 eius,
1217 2519 1278 2553 sed
1309 2519 1354 2553 ad
1387 2520 1482 2555 aliud
1511 2530 1590 2556 tan-

170 2572 274 2609 quam
302 2564 344 2597 ad
376 2563 482 2600 linem
511 2567 678 2602 ultimum
707 2570 928 2613 ordinantur,
958 2582 991 2608 et
1018 2575 1060 2608 ab
1089 2577 1169 2621 ipso
1199 2578 1378 2622 originem
1399 2579 1533 2616 ducunt
1561 2593 1594 2614 »·
