1734 2784
743 34 1006 64 —2'2—

864 51 883 78 )

161 116 399 160 actionibus
435 116 625 159 honestis
659 115 907 174 proficimus
941 115 1117 173 quidem
1150 115 1289 172 nobis,
1317 131 1403 159 non
1436 128 1578 161 autem

171 188 279 231 Deo.
317 189 431 243 Ergo
465 188 652 230 actiones
686 186 889 229 honestae
931 198 1149 244 nequeunt
1196 202 1288 230 esse
1335 188 1578 232 meritoriae

167 257 278 314 apud
315 258 469 300 Deum.
510 283 561 288 ——
598 257 867 313 Respondeo.
921 258 1030 300 Dist.
1069 257 1154 300 mai
1159 291 1241 301 ......
1276 257 1310 299 si
1343 256 1459 301 alteri
1501 274 1580 302 nec

164 328 327 370 bonum
362 329 639 371 intrinsecum
672 327 827 384 afferat,
860 343 1001 384 neque
1048 329 1334 371 extrinsecum
1369 337 1512 388 trans„
1544 331 1578 373 si

165 398 308 441 afferat
342 398 503 441 bonum
539 399 685 441 saltem
725 399 1010 441 extrinsecum
1051 414 1156 456 nego.
1195 398 1445 443 Contradist.
1480 402 1578 444 min.

166 489 186 508 «
223 471 357 523 Deus,
391 471 445 512 ait
480 487 512 513 s.
548 470 763 522 Thomas,
812 486 861 512 ex
908 469 1030 512 bonis
1075 471 1233 513 nostris
1280 487 1367 515 non
1415 473 1580 530 quaerit

164 539 409 596 utilitatem,
434 540 506 583 sed
541 542 738 597 gloriam,
774 540 882 583 idest
916 541 1302 584 manifestationem
1337 558 1435 586 suae
1458 541 1579 586 boni-

162 612 274 663 tatis,
309 612 424 668 quod
458 614 585 654 etiam
620 629 668 654 ex
691 612 777 653 suis
802 611 1001 669 operibus
1025 613 1202 669 quaerit.
1228 613 1289 655 Ex
1312 612 1394 656 1106
1422 626 1578 668 autem,

163 682 279 739 quod
313 684 455 725 Deum
492 682 686 735 colimus,
721 683 823 724 1111111
857 685 892 725 61
919 685 1130 737 accrescit,
1155 683 1229 727 sed
1257 683 1395 737 nobis,
1419 698 1458 728 et
1481 685 1578 728 ideo

163 769 377 796 meremur
411 753 568 811 aliquid
615 771 635 796 21
686 755 794 811 Deo,
828 770 914 797 non
964 756 1081 811 quasi
1133 771 1180 797 ex
1236 757 1395 798 nostris
1440 758 1577 814 operi-

163 823 238 865 bus
272 824 430 881 aliquid
473 826 508 866 ei
543 838 763 881 accrescat,
812 823 884 866 sed
928 826 967 865 in
1014 837 1219 881 quantun]
1269 839 1444 883 propter
1487 828 1578 869 eius

161 894 342 951 gloriam
397 911 638 952 operamur.
686 913 706 933 »
760 896 866 938 Item
916 894 996 938 alio
1052 896 1093 937 in
1145 895 1240 938 loco
1293 896 1394 939 haec
1442 897 1577 941 habet:

170 966 302 1008 «Per
345 978 483 1008 actum
533 966 719 1009 hominis
768 967 862 1008 Deo
906 965 1143 1008 secundum
1194 982 1237 1008 se
1281 966 1385 1009 1111111
1438 981 1577 1025 potest

160 1053 397 1079 accrescere
430 1037 493 1079 vel
528 1036 731 1094 deperire.
779 1036 863 1079 Sed
905 1049 1045 1079 tamen
1096 1037 1246 1092 1101110,
1290 1051 1499 1094 quantum
1534 1040 1576 1081 in

162 1124 207 1150 se
241 1122 317 1165 est,
351 1108 508 1165 aliquid
540 1108 747 1151 subtrabit
781 1110 891 1160 Deo,
927 1108 990 1150 vel
1027 1110 1061 1151 ei
1097 1109 1280 1162 exbibet,
1316 1125 1414 1152 cum
1442 1124 1577 1154 servat

161 1179 227 1222 vel
262 1195 346 1222 non
379 1194 514 1222 servat
549 1180 762 1231 ordinem,
799 1196 924 1237 quem
962 1181 1080 1222 Deus
1115 1181 1295 1223 instituit
1329 1200 1347 1221 »
1388 1181 1471 1239 (1).

282 1251 364 1309 3.⁰)
401 1253 489 1304 Qui
525 1265 712 1294 meretur
746 1251 856 1309 apud
890 1252 1083 1308 alterum,
1118 1251 1229 1294 hunc
1263 1252 1341 1295 sibi
1376 1252 1474 1296 facit
1508 1253 1577 1296 de-

166 1322 363 1367 bitorem.
398 1324 479 1367 Sed
515 1338 700 1367 creatura
732 1326 875 1382 nequit
900 1324 975 1366 sibi
999 1323 1132 1366 facere
1160 1325 1303 1367 Deum
1327 1324 1575 1369 debitorem,

163 1395 280 1451 Ergo
314 1409 501 1438 creatura
534 1398 679 1453 nequit
714 1398 863 1439 mereri
898 1396 1010 1453 apud
1045 1397 1201 1439 Deum.
1237 1422 1292 1429 —
1318 1398 1574 1454 Responsio.

165 1466 304 1508 Maior
336 1480 477 1523 potest
510 1467 761 1525 simpliciter
794 1469 955 1524 negari,
990 1467 1201 1525 siquidem
1227 1469 1305 1510 etsi
1329 1467 1576 1526 frequenter

160 1552 224 1579 res
260 1539 312 1580 ita
345 1554 388 1581 se
422 1538 580 1592 habeat,
615 1555 700 1582 non
735 1553 875 1582 tamen
910 1554 1078 1596 semper
1115 1554 1191 1582 nec
1224 1541 1474 1582 necessario.
1495 1539 1575 1584 Vel

161 1609 219 1650 sic
253 1609 456 1666 distingui
506 1622 658 1667 potest:
710 1610 750 1653 id
782 1610 891 1653 valet
941 1610 990 1653 de
1039 1611 1193 1652 merito
1245 1610 1433 1653 hominis
1477 1626 1577 1668 erga

164 1679 388 1723 hominem
423 1691 564 1738 frans„
589 1682 638 1724 de
662 1684 814 1725 merito
838 1682 1025 1724 hominis
1050 1698 1147 1737 erga
1171 1683 1315 1724 Deum
1339 1682 1467 1736 subd„
1490 1683 1514 1725 i.
1539 1700 1573 1725 e.

165 1751 284 1793 Deus
317 1751 362 1794 fit
396 1754 566 1810 proprie
599 1752 764 1795 debitor
798 1753 986 1795 hominis
1020 1768 1124 1809 nego,
1145 1765 1207 1795 est
1242 1752 1406 1795 debitor
1439 1754 1574 1810 suiip-

163 1823 250 1864 sius
284 1839 356 1865 seu
392 1823 515 1866 debet
549 1840 646 1867 suae
679 1825 922 1881 sapientiae,
957 1823 1211 1879 rectitudini,
1247 1823 1433 1866 fidelitati
1467 1840 1587 1881 pro-.

162 1894 336 1935 missam
363 1894 537 1938 reddere
562 1895 882 1938 retributionem
909 1912 1011 1939 conc.
1043 1895 1293 1939 Contradist.
1324 1898 1421 1939 min.
1447 1896 1575 1939 Crea-

159 1976 254 2007 111111
286 1967 433 2022 nequit
466 1966 542 2008 sibi
576 1966 710 2009 facere
744 1967 979 2010 debitorem
1014 1968 1156 2009 Deum
1204 1968 1247 2009 vi
1281 1969 1381 2009 iuris
1415 1968 1455 2009 in
1487 1968 1573 2024 ipsa

163 2044 345 2078 creatura
370 2037 542 2093 fundali
573 2053 692 2091 cuna,
726 2040 871 2095 nequit
918 2037 1076 2096 aliquid
1123 2053 1262 2094 agere,
1298 2054 1383 2095 quo
1432 2040 1572 2095 posito

160 2107 277 2149 Deus
311 2107 419 2150 dehet
450 2107 540 2161 sibi,
574 2122 619 2150 ut
653 2109 815 2151 1101111111
866 2109 1055 2152 conferat
1106 2109 1163 2165 id,
1216 2109 1266 2151 ad
1314 2108 1430 2166 quod
1473 2125 1571 2152 eum

158 2177 367 2221 ordinavit
416 2194 523 2237 nego.
558 2180 767 2223 Audiatur
800 2183 965 2224 Doctor
1001 2181 1227 2238 angelicus:
1274 2182 1430 2234 «Quia
1463 2183 1572 2226 actio

257 2374 315 2418 (1)
346 2374 543 2410 «Sebbene
568 2387 587 2409 a
613 2376 685 2410 Dio
712 2377 799 2410 niun
826 2377 1017 2411 intrinseco
1043 2377 1238 2423 vantaggio
1263 2387 1309 2411 ne
1334 2378 1441 2420 torni,
1459 2376 1483 2410 il
1501 2377 1570 2411 ben

157 2442 291 2478 operar
318 2433 516 2469 dell'uomo
542 2434 594 2480 gli
621 2447 783 2471 accresce
810 2445 1072 2471 esternamente
1098 2436 1131 2470 la
1156 2436 1282 2482 gloria,
1308 2436 1374 2471 che
1399 2436 1468 2483 egli
1491 2447 1571 2481 pre-

157 2498 239 2525 tese
265 2492 475 2536 creandolo,
502 2505 521 2528 e
553 2505 726 2529 concorre
751 2494 941 2530 all'ordine
966 2494 1233 2538 dell'universo,
1261 2494 1296 2529 di
1323 2494 1378 2529 cui
1402 2494 1474 2530 Dio
1501 2496 1520 2529 ὲ
1546 2493 1570 2528 il
