1734 2784
194 238 271 279 nisi
308 238 606 281 determinatio
658 238 793 294 magis
843 238 1103 295 particularis
1138 250 1177 280 et
1213 238 1431 282 individua
1479 255 1608 297 gene-

194 310 338 352 ralium
390 309 494 366 legis
550 308 747 352 naturalis
797 322 1124 368 praeceptorum
1158 309 1241 367 (1).
1282 309 1492 354 Videlicet
1542 312 1608 355 lex

192 381 407 434 naturalis,
443 394 487 423 ut
520 381 602 423 iam
638 381 677 423 in
728 381 1004 439 praecedente
1044 381 1151 424 thesi
1194 381 1491 438 innuebamus,
1528 382 1609 426 hoc

192 454 284 509 ipso
334 452 449 510 quod
497 464 560 495 est
602 453 737 510 prima
785 452 854 495 illa
885 452 965 510 lex,
1001 468 1073 511 per
1117 468 1244 511 quam
1294 453 1435 511 primo
1484 453 1608 497 nobis

191 524 421 583 applicatur
454 536 493 568 et
526 525 754 568 innotescit
801 523 866 567 lex
913 538 1097 580 aeterna,
1143 536 1206 568 est
1245 524 1480 569 admodum
1529 541 1608 583 ge-

190 596 353 640 neralis.
404 597 536 649 Hinc,
586 609 629 639 nt
682 595 776 639 alibi
825 597 907 639 iam
955 597 1157 652 diximus,
1207 597 1390 654 generali
1440 609 1605 641 tantum

190 670 349 712 ratione
383 668 509 712 dictat
542 668 642 726 quid
678 669 729 711 sit
764 667 1019 726 faciendum,
1052 686 1089 712 v.
1127 685 1166 725 g.
1201 668 1355 712 tributa
1404 684 1494 712 esse
1528 669 1609 711 im-

192 740 385 798 ponenda
419 753 456 784 et
491 740 706 793 solvenda,
761 740 960 784 maleficia
994 756 1085 784 esse
1130 740 1344 799 punienda
1392 752 1486 795 etc„
1523 755 1610 784 non

189 825 329 856 autem
363 812 554 870 designat
588 813 627 854 in
662 811 904 870 particulari
939 813 1215 871 quantitatem
1250 811 1406 866 tributi,
1431 811 1607 870 qualita-

190 899 277 928 tem
312 900 473 943 poenae
507 897 601 938 etc„
638 900 742 943 quae
777 886 920 928 onmia
956 886 1138 928 maxime
1173 884 1357 943 pendent
1382 884 1429 928 ab
1455 884 1611 928 adiun-

190 959 280 1012 ctis,
315 973 391 1016 pro
424 973 610 1016 quorum
645 958 843 1000 varietate
892 969 991 1000 sunt
1040 957 1158 1000 aliter
1206 969 1245 1000 et
1279 956 1397 1000 aliter
1445 957 1610 1000 consti-

189 1029 357 1074 tuenda.
393 1030 490 1073 Hoc
516 1041 657 1072 autem
697 1040 757 1072 est
794 1029 1071 1086 potissimum
1113 1043 1269 1072 munus
1314 1027 1419 1086 legis
1461 1028 1609 1082 civilis,

189 1101 363 1146 definire
397 1102 532 1159 magis
566 1102 607 1144 in
643 1099 865 1145 individuo
899 1117 961 1158 ea,
994 1116 1100 1158 quae
1134 1117 1155 1143 a
1188 1099 1366 1144 naturali
1417 1099 1508 1157 lege
1540 1115 1609 1143 re-

189 1173 439 1231 linquuntur
486 1173 615 1216 nimis
664 1172 1002 1217 indeterminata.
1056 1173 1203 1230 Itaque
1247 1170 1458 1228 generalia
1504 1168 1608 1227 legis

188 1245 386 1289 naturalis
420 1244 623 1303 principia
657 1260 701 1288 se
734 1242 973 1290 habemani
1008 1243 1190 1287 modum
1234 1242 1401 1296 radicis,
1446 1258 1495 1286 ex
1528 1257 1609 1301 qua

188 1316 393 1375 pullulant
427 1329 467 1360 et
499 1314 774 1369 evolvuntur,
824 1315 873 1359 ad
908 1315 1089 1359 modum
1134 1314 1258 1368 basis,
1306 1329 1434 1372 supra
1477 1328 1605 1372 quarn

187 1401 422 1445 exsurgunt
456 1400 495 1431 et
528 1387 777 1431 attolluntur
810 1386 1004 1446 specialia
1036 1386 1142 1445 legis
1184 1386 1316 1430 civilis
1362 1385 1604 1430 dictamina.

190 1645 368 1680 dictamen
396 1644 555 1680 naturale
584 1645 739 1691 supponi
767 1653 800 1679 et
828 1653 903 1679 esse
931 1643 1188 1684 necessarium,
1217 1652 1253 1678 ut
1289 1651 1516 1690 praeceptum
1546 1652 1607 1677 su·-

189 1704 413 1752 pernaturale
439 1704 551 1751 possit
577 1704 793 1751 applicari.»
823 1704 897 1739 Lex
925 1702 1130 1750 evangelica
1158 1714 1231 1737 non
1266 1710 1342 1737 tam
1382 1702 1608 1746 determinat,

190 1777 295 1812 quam
322 1764 457 1811 perficit
484 1773 517 1799 et
544 1764 659 1799 elevat
686 1764 805 1810 legem
845 1772 1006 1807 naturae,
1037 1774 1080 1797 eo
1119 1774 1203 1797 sane
1232 1771 1349 1809 pacto,
1387 1773 1456 1809 quo
1496 1763 1608 1809 gratia

188 1825 443 1872 praesupponit
470 1834 647 1868 naturam,
676 1834 825 1872 eamque
852 1823 989 1871 perficit
1017 1832 1050 1858 et
1091 1823 1205 1858 elevat
1236 1822 1357 1868 potius
1398 1833 1504 1868 quam
1543 1821 1607 1857 de·

188 1885 368 1921 terminat.

283 1944 339 1989 (1)
367 1944 460 1979 Hinc
488 1943 619 1990 duplex
647 1943 779 1990 passim
801 1942 1031 1989 distinguitur
1057 1941 1115 1977 lex
1142 1941 1310 1985 humana,
1330 1942 1538 1988 praesertim
1556 1941 1608 1975 ci-

187 2003 276 2047 vilis,
303 2003 415 2038 altera
441 2001 670 2038 declarator-ia
696 2012 837 2038 tantum
864 2001 1102 2048 obligationis
1129 2000 1313 2044 naturalis,
1334 2009 1370 2036 ut
1397 2008 1448 2036 est
1475 2000 1535 2035 lex
1562 2001 1609 2034 ci-

187 2063 268 2098 vilis
295 2063 489 2110 prohibens
515 2062 661 2106 furtum,
691 2062 941 2105 homicidium,
968 2072 1105 2104 usuras,
1144 2070 1177 2096 et
1203 2060 1414 2095 huiusmodi
1441 2060 1496 2095 lex
1534 2072 1608 2095 non

189 2133 240 2159 est
267 2123 420 2170 positiva
446 2123 513 2158 nisi
541 2122 657 2170 quoad
684 2122 985 2169 promulgationis
1011 2121 1164 2156 modum
1191 2121 1247 2156 vel
1286 2120 1492 2155 adiunctam
1531 2131 1609 2155 san-

187 2183 347 2217 ctionem
373 2182 581 2229 specialem,
610 2181 719 2217 altera
743 2179 1008 2217 determinativa
1051 2192 1188 2223 eorum,
1216 2190 1306 2227 quae
1346 2179 1401 2214 lex
1440 2178 1609 2215 naturalis

189 2242 360 2288 praecipit
385 2250 524 2278 tantum
552 2241 587 2276 in
615 2241 784 2288 generali.
816 2241 1077 2277 «Posteriores
1106 2240 1173 2274 hae
1200 2239 1308 2286 leges,
1328 2238 1442 2285 inquit
1467 2239 1607 2281 Suarez‚

188 2303 231 2336 de
251 2301 319 2348 leg,
348 2301 368 2336 1.
388 2302 449 2337 III.
467 2313 496 2337 c.
517 2311 572 2336 21.
601 2313 699 2336 num.
732 2312 795 2344 10.,
818 2312 908 2348 quae
927 2300 1173 2347 propriissime
1194 2299 1375 2347 humanae
1401 2307 1493 2342 sunt,
1514 2298 1608 2334 deri·

188 2370 315 2396 vantur
341 2374 360 2396 a
378 2361 457 2408 lege
483 2361 636 2397 naturali
654 2373 716 2409 per
734 2361 887 2397 modum
905 2360 1216 2396 determinationis
1239 2368 1273 2395 et
1291 2359 1491 2395 secundum
1509 2358 1608 2393 illam

190 2420 529 2456 determinationem
557 2421 717 2468 obligant
745 2420 953 2456 immediate
972 2432 1015 2455 ex
1038 2419 1072 2454 vi
1092 2420 1278 2468 potestatis
1303 2419 1492 2462 humanae,
1519 2429 1608 2465 quae

191 2479 455 2526 obligationem
482 2480 581 2516 illam
607 2481 643 2515 in
671 2480 892 2516 conscientia
919 2489 1035 2527 potest
1063 2479 1193 2515 addere
1220 2490 1326 2526 supra
1346 2478 1607 2525 obligationem

191 2538 281 2585 legis
307 2540 478 2575 naturalis
504 2540 560 2575 vel
587 2540 730 2576 divinae
755 2550 822 2576 etc.
840 2553 859 2573 »
