1734 2784
187 190 392 234 fruentem
429 194 590 246 animo,
626 194 699 236 sed
737 196 947 251 ιγ’)ἰιυιιίυυι
984 198 1101 239 Deo:
1134 211 1220 238 non
1268 197 1376 239 sicut
1426 212 1607 255 corpore

185 263 246 303 vel
280 263 421 319 seipso
456 264 651 320 animus,
685 278 754 307 aut
804 266 911 308 sicut
960 268 1096 309 amico
1146 267 1340 323 amicus,
1374 268 1448 311 sed
1495 269 1603 311 sicut

187 334 266 376 luri·
299 334 507 377 oculas-w.
538 336 664 378 Nunc
708 337 807 378 satis
857 337 909 378 sit
960 352 1330 389 commemorare,
1383 338 1603 382 Platonem

185 404 490 448 determinasse
525 405 652 448 linem
689 406 787 448 boni
823 422 932 458 esse,
960 407 1196 450 secundum
1222 409 1423 451 virtutem
1448 410 1604 462 vivere,

184 488 223 518 et
257 477 292 517 ei
327 475 405 517 soli
438 479 605 519 evenire
641 492 780 533 posse,
815 479 886 534 qui
921 478 1117 520 notitiam
1154 479 1234 521 Dei
1271 478 1417 522 habeat
1440 492 1480 522 et
1503 481 1604 523 imi-

183 547 404 603 tationem,
439 563 513 589 nec
548 564 638 590 esse
672 548 794 590 aliam
829 548 882 590 ob
917 564 1084 592 causam
1119 549 1350 593 beatum».

303 632 369 673 23.
406 620 787 663 Dizmmsnm‘no.
841 622 940 663 Duo
990 621 1310 678 praestabimus.
1362 622 1602 666 Afferemus

180 689 374 745 inprimis
424 691 632 732 rationem
663 692 889 745 ιςαιιενιιῖιύι
923 708 999 748 pro
1034 693 1187 749 quovis
1221 692 1342 736 finito
1391 694 1508 737 bono
1559 696 1600 737 in

181 762 419 812 communi,
455 777 632 818 eamque
680 761 905 805 deductam
940 779 989 805 ex
1033 763 1141 806 thesi
1177 765 1468 822 praecedente:
1506 779 1597 809 tum

179 847 279 874 vcro
313 832 534 874 afferemus
559 833 720 890 aliquot
745 835 927 877 rationes
961 835 1145 892 spsciales
1169 851 1244 892 pro
1269 837 1452 892 singulis
1478 836 1601 880 bonis

180 902 222 943 in
258 903 511 959 particulari.

296 976 325 1017 I.
357 993 375 1014 <‹
402 977 523 1020 Ratio
552 977 747 1031 generalis
780 989 859 1028 est,
895 978 1031 1034 inquit
1066 979 1238 1020 Lessius
1263 978 1359 1036 (Ι),
1381 979 1478 1037 quia
1501 995 1599 1022 cum

179 1044 244 1086 his
278 1045 476 1088 omnibus
511 1046 633 1088 bonis
667 1046 797 1089 finitis
832 1060 971 1104 potest
1006 1049 1099 1105 quis
1134 1065 1224 1092 esse
1259 1050 1405 1102 miser,
1437 1062 1476 1093 et
1509 1051 1600 1092 sine

179 1115 243 1157 his
268 1129 408 1173 potest
432 1119 524 1174 quis
555 1134 647 1160 esse
675 1118 834 1162 beatus.
857 1136 875 1158 »
906 1118 1011 1162 Aliis
1035 1119 1186 1173 verbis,
1210 1119 1428 1163 beatitudo
1458 1133 1600 1178 potest

177 1200 287 1229 recte
322 1187 484 1230 definiri
518 1188 679 1231 bonum
714 1202 807 1232 tum
847 1190 1026 1233 absolute.
1071 1192 1349 1244 necessarimn,
1388 1203 1479 1233 tum
1509 1191 1600 1249 sns-

173 1259 310 1316 ficiens
333 1259 542 1303 humanae
561 1260 783 1304 voluntati.
804 1262 933 1319 Atqui
953 1261 1119 1305 nullum
1140 1275 1201 1306 est
1220 1262 1382 1305 bonum
1406 1262 1596 1318 finitum,

182 1333 301 1374 cuius
336 1334 552 1389 possessio
588 1335 640 1376 sit
672 1333 833 1376 bonum
868 1334 1061 1391 sufficiens
1111 1334 1318 1378 humanae
1361 1335 1597 1389 voluntati,

181 1403 281 1460 quin
318 1404 406 1446 imo
440 1404 605 1446 nullum
639 1416 701 1447 est
735 1403 897 1447 bonum
932 1404 1114 1460 finitum,
1149 1406 1267 1447 cuius
1302 1407 1518 1462 possessio
1543 1406 1596 1448 sit

176 1473 338 1517 bonum
362 1474 540 1517 absolute
563 1477 833 1518 necessarium
866 1475 1076 1518 humanae
1099 1476 1319 1520 voluntati.
1355 1477 1470 1533 Ergo
1493 1476 1594 1518 nul-

172 1544 262 1588 lum
297 1559 358 1588 est
406 1546 567 1588 bonum
616 1545 783 1589 finitum
808 1581 818 1600 ,
855 1548 975 1590 cuius
1019 1548 1236 1604 possessio
1279 1548 1331 1590 sit
1374 1547 1595 1591 beatitudo

174 1616 376 1659 hominis.
413 1616 547 1669 Quod
581 1630 723 1660 autem
757 1617 809 1660 de
844 1618 997 1675 quovis
1030 1617 1152 1660 finito
1186 1617 1300 1660 bono
1334 1617 1533 1671 dicimus,
1553 1617 1594 1661 id

173 1686 281 1730 valet
300 1689 425 1729 etiam
452 1687 501 1730 de
522 1689 670 1745 quavis
694 1687 909 1731 bonorum
928 1687 1146 1731 finitorum
1180 1687 1447 1742 collectione,
1472 1704 1593 1746 quae,

172 1758 305 1815 qualis
339 1771 378 1800 et
412 1772 754 1816 quantacumque
778 1760 846 1811 sit,
881 1774 969 1802 non
999 1760 1077 1802 erit
1112 1758 1284 1802 tandem
1318 1760 1398 1801 nisi
1432 1758 1593 1802 bonum

173 1827 353 1871 finitum:
374 1828 542 1871 finitum
567 1830 681 1872 enim
700 1846 774 1886 per
792 1829 1025 1887 quamlibet
1045 1828 1152 1872 finiti
1172 1829 1434 1873 additionem
1453 1842 1594 1872 manet

175 1914 345 1956 semper
377 1899 557 1943 finitum.
592 1900 737 1943 Minor
771 1901 830 1943 sic
863 1900 1080 1958 probatur.

290 1970 470 2012 Nullum
493 1982 553 2012 est
572 1970 734 2013 bonum
755 1970 942 2027 finitum,
963 1972 1084 2013 euius
1110 1972 1327 2027 possessio
1352 1971 1405 2013 sit
1429 1970 1591 2014 bonnm

170 2040 363 2096 sufficiens
396 2041 603 2083 humanae
638 2042 859 2098 voluntati,
894 2044 919 2085 i.
942 2059 977 2085 e.
1011 2041 1090 2084 tale
1114 2041 1293 2098 bonum,
1314 2055 1358 2085 ut
1392 2044 1426 2085 si
1449 2043 1591 2099 ipSum

169 2110 293 2162 adsit,
319 2111 401 2153 iam
427 2110 611 2153 humana
644 2112 838 2155 voluntas
863 2113 916 2154 sit
941 2111 1064 2169 plene
1091 2113 1232 2169 quieta
1255 2128 1329 2155 seu
1354 2111 1486 2155 beata.
1512 2113 1546 2156 R
1563 2129 1594 2154 1-

165 2182 226 2224 tio
251 2194 327 2234 est,
361 2182 458 2239 quia
490 2184 708 2238 possessio
743 2184 850 2226 Boni
886 2182 1059 2235 infiniti,
1092 2195 1136 2225 ut
1161 2184 1202 2225 in
1228 2182 1335 2226 thesi
1371 2184 1543 2240 superio
1571 2200 1591 2226 e

173 2252 468 2310 probavimus,
491 2265 552 2295 est
572 2252 733 2295 bonum
756 2254 921 2297 homini
943 2254 1118 2296 absolute
1136 2256 1414 2306 necessarimm,
1435 2255 1592 2310 quippe

170 2323 287 2381 quod
318 2336 380 2366 est
414 2323 589 2366 ultimus
623 2324 690 2366 ille
723 2324 834 2380 finis,
857 2324 907 2368 ad
931 2341 1058 2382 quem
1095 2326 1228 2368 homo
1262 2337 1323 2368 est
1347 2323 1590 2366 naturaliter

175 2394 409 2438 ordinatus.
447 2395 837 2447 Quemadmodum
872 2398 905 2438 si
939 2398 1034 2454 quis
1079 2396 1129 2439 ad
1172 2396 1420 2448 scientiam,
1454 2405 1497 2436 nt
1539 2395 1593 2436 sic

259 2562 314 2605 (ι)
340 2561 548 2595 Commem.
576 2561 611 2595 in
642 2572 669 2595 1.
698 2570 728 2594 2.
757 2573 788 2607 q.
818 2570 848 2595 2.

1712 57 1733 125 ‘.¹!.¹2r
1703 0 1722 42 “⁸⁵
