1734 2784
240 207 307 250 35.
343 194 588 237 SCHoLloN.
623 192 683 234 Ut
716 207 778 247 ea,
813 206 918 248 quae
952 189 1035 233 hoc
1085 191 1126 232 in
1162 190 1299 247 capite
1343 189 1545 240 diximus,

117 264 300 308 breviter
322 279 396 322 per
419 278 590 306 summa
613 263 747 320 capita
780 276 1078 304 recenseamus
1105 287 1157 292 —
1189 260 1265 318 Ι.0)
1301 260 1544 304 Tendentia

120 335 170 380 ad
202 334 507 379 beatitudinem
541 335 599 376 ita
630 332 865 376 essentialis
914 345 995 385 est,
1042 345 1087 374 ut
1132 331 1312 375 deficere
1361 334 1403 374 in
1449 344 1545 374 ente

118 406 312 450 rationali
344 417 540 463 nequeat.
575 406 742 448 Verum
777 404 947 446 actualis
987 402 1175 460 expletio
1218 403 1332 445 illius
1366 402 1544 446 tenden-

116 479 196 521 tiae
229 494 304 521 seu
339 477 586 521 consecutio
620 475 890 519 beatitudinis
926 475 1075 519 deesse
1111 491 1162 518 ex
1202 475 1389 517 hominis
1415 476 1539 531 culpa

117 562 280 608 potest,
313 550 348 592 si
382 564 538 606 nempe
572 548 707 591 homo
741 547 816 590 hac
851 549 893 590 in
926 549 1010 590 vita
1031 547 1220 590 divinam
1243 546 1384 604 legem
1409 545 1543 588 violet

117 634 242 679 atque
275 622 330 664 ita
362 637 384 663 a
417 619 628 663 felicitatis
664 608 930 662 assecutione
966 620 1055 676 ipse
1089 635 1133 661 se
1167 635 1211 661 se
1247 617 1453 660 excludat.
1488 641 1544 649 —

118 692 201 751 2.⁰)
232 693 350 735 Deus
384 691 689 735 beatitudinem
724 691 892 733 homini
928 690 1119 734 conferre
1154 690 1243 732 vult
1278 705 1369 732 verz:
1405 705 1449 732 ac
1482 704 1544 731 sc-

114 766 190 808 rio:
223 763 322 806 hinc
355 763 520 806 homini
567 763 811 820 suppeditat
864 763 1003 805 media
1055 763 1292 805 necessaria
1339 773 1380 804 et
1429 760 1545 803 suffi-

116 835 267 878 cientia
300 833 350 877 ad
382 833 618 892 implendas
655 833 924 876 conditiones
960 850 1037 891 pro
1064 833 1338 876 beatitudinis
1375 848 1549 875 assecu-

115 907 233 950 tione
266 917 461 959 statutas,
506 922 581 948 seu
634 905 683 948 ad
718 905 858 962 legem
893 904 1159 948 servandam.
1198 906 1361 947 Verum
1387 904 1429 946 id
1452 903 1544 945 vult

115 994 204 1022 non
236 978 428 1031 absolute,
477 976 552 1020 sed
600 978 883 1029 conditionata,
920 976 1162 1020 dummodo
1206 992 1361 1034 nempe
1404 975 1540 1018 homo

115 1066 137 1093 a
170 1050 284 1092 vitiis
333 1049 410 1092 hac
458 1049 500 1091 in
549 1050 635 1091 vita
687 1048 891 1091 abstineat
946 1048 1173 1106 legemque
1228 1060 1390 1091 servet:
1433 1046 1475 1089 id
1509 1047 1543 1088 si

115 1121 263 1178 egerit,
312 1133 423 1163 certe
471 1118 691 1174 obtinebit,
742 1120 777 1162 si
820 1134 907 1162 non
951 1120 1101 1176 egerit,
1154 1120 1317 1161 amittet
1366 1118 1543 1161 beatitu-

116 1191 276 1234 dinem.
309 1216 367 1224 —
401 1191 483 1249 3.⁰)
516 1190 564 1234 Id
599 1190 716 1248 quod
750 1191 868 1233 Deus
903 1190 1083 1233 absolute
1116 1202 1155 1232 et
1198 1190 1402 1247 efficaciter
1439 1188 1544 1241 vult,

115 1274 177 1305 est
199 1263 431 1306 extrinseca
455 1278 554 1305 suae
578 1261 764 1305 infinitae
784 1261 982 1304 bonitatis
1006 1261 1259 1318 glorificatio
1284 1261 1407 1319 (haec
1426 1262 1541 1303 enim

114 1347 177 1377 est
209 1333 304 1376 finis
353 1333 550 1377 absolute
584 1333 759 1376 ultimus
810 1333 999 1376 hominis
1045 1349 1274 1391 rerumque
1323 1331 1543 1389 omnium)

113 1406 155 1448 in
189 1404 261 1447 illo
295 1404 470 1462 quidem
503 1404 653 1461 gradu,
688 1420 816 1462 quem
851 1406 940 1462 ipse
990 1421 1089 1447 suae
1123 1404 1284 1461 gloriae
1335 1403 1539 1445 dominus

113 1476 410 1534 praedefinivit
444 1476 725 1519 obtinendum
761 1476 845 1535 (1).
884 1478 997 1519 Hinc
1032 1476 1095 1533 (id
1131 1475 1248 1533 quod
1283 1474 1432 1518 sedulo
1481 1485 1542 1516 est

112 1681 204 1707 stato
233 1671 267 1706 di
293 1672 469 1707 tendenza
497 1672 539 1706 ad
569 1684 617 1706 un
644 1673 734 1707 bene
761 1672 912 1707 lontano
948 1682 1039 1707 tutta
1077 1673 1233 1707 consiste
1273 1672 1331 1706 nel
1369 1683 1442 1705 non
1472 1671 1540 1705 de-

110 1731 232 1766 viarne
259 1743 277 1766 e
304 1731 363 1766 nel
389 1732 549 1778 goderne
580 1734 654 1766 cosi
684 1743 751 1766 con
779 1744 849 1766 una
878 1732 991 1767 ferma
1020 1744 1188 1778 speranza
1210 1733 1431 1777 l'anticipato
1452 1742 1541 1776 pos·

112 1801 221 1826 sesso.
250 1790 278 1824 11
304 1790 438 1835 gaudio
468 1790 534 1825 che
562 1802 669 1825 nasce
695 1791 738 1825 da
768 1800 894 1837 questo
923 1791 1367 1837 possedimento,benche
1398 1792 1535 1836 imper-

110 1849 212 1891 fetto‚
230 1852 261 1890 ὲ,
287 1862 361 1884 non
390 1853 463 1896 puo
490 1851 643 1897 negarsi,
669 1863 717 1885 un
747 1856 834 1885 bene
863 1852 1042 1885 immenso
1071 1863 1089 1885 e
1116 1852 1138 1885 il
1167 1851 1246 1885 solo
1275 1853 1364 1885 bene
1399 1860 1537 1890 verace,

110 1909 146 1943 in
171 1909 226 1943 cui
252 1908 391 1943 l'uomo
418 1921 525 1955 possa
552 1918 693 1944 trovare
722 1911 840 1956 quiete
882 1911 917 1943 in
955 1920 1059 1952 terra,
1098 1922 1155 1943 ma
1197 1922 1270 1944 non
1309 1910 1457 1955 impone
1484 1908 1537 1942 al-

109 1967 261 2003 I‘animo
297 1977 422 2003 nostro
462 1981 532 2003 una
578 1969 818 2015 insuperabile
853 1970 1040 2011 necessita,
1081 1970 1157 2003 anzi
1203 1970 1235 2003 ci
1274 1969 1377 2003 lascia
1421 1967 1535 2003 talora

110 2027 242 2073 esposti
270 2040 289 2063 a
315 2028 377 2063 tali
404 2029 707 2071 combattimenti,
729 2029 792 2063 che
813 2029 974 2063 rendono
995 2029 1087 2064 allor
1110 2030 1141 2063 la
1171 2031 1240 2063 vita
1268 2037 1535 2063 sommamente

107 2098 254 2133 penosa.
274 2101 292 2120 »
314 2086 477 2122 Conferri
497 2088 605 2122 etiam
627 2097 777 2133 possunt
797 2100 822 2122 s.
841 2089 1040 2134 Gregorius
1066 2089 1117 2130 P„
1137 2089 1237 2123 horn.
1255 2091 1308 2133 36.
1329 2089 1363 2122 in
1384 2090 1533 2133 Evang„

108 2146 264 2186 Lessius,
284 2145 466 2181 desummo
493 2147 578 2182 bono
607 2147 628 2182 l.
662 2159 687 2181 1.
715 2160 744 2182 c.
773 2149 833 2182 IX.
861 2160 896 2182 n.
927 2157 979 2195 59.
1009 2161 1098 2195 sqq,
1120 2150 1215 2195 quod
1243 2148 1455 2194 opusculum
1485 2148 1533 2182 uti

110 2205 219 2239 etiam
239 2205 334 2240 aliud
361 2206 523 2241 eiusdem
550 2208 706 2241 auctoris
734 2219 838 2253 opus,
867 2207 903 2242 de
926 2207 1015 2254 parf.
1037 2209 1157 2242 morib.
1177 2208 1313 2249 divinis,
1342 2220 1423 2241 vere
1450 2217 1531 2241 sunt

112 2263 246 2298 «omni
273 2276 360 2299 auro
387 2266 632 2311 pretiosiora»
663 2276 700 2301 ut
727 2279 766 2300 ea
794 2276 900 2301 vocat
929 2267 1035 2302 Card.
1064 2267 1262 2309 Franzelin,
1291 2268 1333 2301 de
1353 2268 1431 2301 Deo
1460 2278 1533 2300 uno

107 2322 158 2357 th.
184 2323 264 2358 XX.

203 2383 260 2428 (1)
287 2384 468 2427 Diximus,
499 2385 532 2418 in
565 2385 626 2419 illo
655 2387 777 2431 gradu,
807 2398 912 2433 quem
953 2389 1051 2421 Deus
1083 2399 1167 2421 suae
1196 2386 1333 2433 gloriae
1364 2386 1533 2420 dominus

106 2443 353 2488 praedefinivit
380 2445 630 2480 obtinendum.
649 2447 754 2489 Nam,
772 2457 808 2482 ut
830 2457 910 2493 apte
931 2459 1005 2482 rem
1024 2449 1116 2481 hanc
1137 2448 1291 2493 explicat
1312 2447 1531 2491 Tongiorgi‚

107 2500 238 2538 Theol.
264 2513 335 2538 nat.
364 2505 385 2539 l.
412 2505 470 2540 IV.
499 2516 527 2539 e.
560 2517 587 2540 1.
607 2515 670 2541 art.
699 2508 776 2549 HL,
809 2523 824 2537 «
846 2507 1089 2542 manifestatio
1117 2507 1255 2541 divinae
1292 2506 1527 2553 perfectionis

108 2561 240 2606 gradus
266 2563 398 2598 habere
426 2573 556 2610 potest,
584 2576 650 2599 nec
678 2565 738 2600 ille
764 2567 907 2613 gradus,
938 2579 1042 2613 quem
1072 2568 1169 2602 Deus
1205 2578 1239 2602 nt
1268 2566 1392 2600 mundi
1420 2566 1530 2599 finem
