1734 2784
721 116 770 122 -·
807 104 891 146 334
923 114 980 123 -·

135 205 181 232 ac
215 188 408 231 subdita:
443 186 656 244 siquidem
691 186 732 227 in
766 184 857 228 idea
890 184 1142 242 legislatoris
1167 183 1397 241 obligantis
1422 184 1558 228 inclu-

138 260 251 303 ditur
285 260 405 301 notio
430 257 678 314 superioris,
704 268 743 299 et
768 256 809 298 in
833 254 922 299 idea
946 256 1051 312 eius,
1075 256 1140 298 cui
1164 255 1229 299 lex
1263 254 1410 312 fertur,
1433 256 1558 299 notio

136 330 308 372 subditi.
343 330 456 385 lirgo
505 339 711 385 repugnat
759 329 992 370 humanam
1040 327 1249 370 rationem
1299 342 1349 369 ex
1387 342 1430 370 se
1464 342 1557 370 esse

138 399 435 457 legislatricem
470 398 704 441 voluntatis
737 398 821 457 (1).

262 484 354 526 123.
390 471 640 513 SCHOLION.
675 469 812 512 Multa
846 468 1052 512 obiiciunt
1075 468 1403 513 Rationalistae:
1439 483 1559 526 prae-

141 543 263 599 cipua
297 541 625 599 perpendemus.

258 613 288 655 I.
324 613 523 655 Humana
556 613 662 655 ratio
696 612 861 654 intimat
884 610 1118 654 naturalem
1142 610 1281 667 legem
1306 611 1560 668 imperativo

142 684 274 727 modo
305 704 321 724 «
337 684 485 727 bonnm
502 699 584 741 age,
604 684 758 726 mallim
776 683 911 726 devita
929 700 970 736 »,
990 682 1053 726 fac
1076 684 1263 726 actiones
1283 699 1332 726 ex
1355 699 1399 726 se
1422 682 1559 726 bonas

140 769 266 813 atque
294 757 479 799 actiones
514 772 564 798 ex
597 772 640 799 se
674 755 801 797 malas
837 755 999 798 omitte.
1020 755 1133 811 Ergo
1157 754 1269 811 efficit
1293 756 1428 812 ipsam
1453 753 1559 797 obli-

140 828 358 884 gationem
377 826 482 883 legis
504 826 714 869 naturalis.
733 851 790 859 —
806 827 911 870 Dist.
944 835 1068 869 antec.
1166 838 1386 883 tamquam
1414 833 1561 883 praeco

141 910 355 941 aeternam
388 898 527 955 legem
562 898 770 954 Principis
816 898 897 940 Dei
931 896 1209 954 promulgans
1259 908 1299 939 et
1347 895 1562 954 applicans

141 986 260 1023 conc„
275 982 492 1027 tamquam
515 969 702 1012 effectrix
724 969 829 1026 legis
848 968 1064 1030 naturaliS,
1087 985 1161 1011 seu
1186 969 1318 1026 ipsius
1335 968 1564 1025 legislatrix

147 1054 185 1084 et
219 1041 391 1099 quidem
415 1057 613 1099 suprema
637 1054 761 1098 atque
785 1040 1078 1098 independens
1103 1040 1150 1083 ab
1175 1041 1269 1098 ipso
1290 1041 1404 1093 Deo,
1425 1040 1563 1083 immo

142 1114 249 1167 talis,
284 1126 328 1156 ut
361 1130 410 1156 ex
444 1129 491 1156 ea
523 1114 613 1170 ipse
647 1114 764 1155 Deus
798 1113 887 1155 vim
922 1128 1000 1155 nos
1039 1111 1255 1169 obligandi
1289 1112 1482 1169 accipiat,
1517 1122 1564 1154 ut

142 1186 294 1227 volunt
327 1187 356 1228 R
369 1185 626 1227 ationalistae
659 1200 765 1239 nego.
803 1185 910 1228 Dist.
944 1199 1046 1227 cons.
1083 1185 1197 1240 Ergo
1231 1184 1423 1240 cognoscit
1457 1181 1563 1226 obli-

147 1256 365 1312 gationem
400 1255 503 1311 legis
537 1255 769 1311 naturalis,
802 1253 970 1298 aliunde
1005 1254 1346 1312 provenientem,
1381 1266 1420 1296 et
1455 1253 1564 1296 hanc

146 1327 364 1381 cognitam
413 1325 644 1383 proclamat
692 1324 900 1367 voluntati
948 1340 1069 1381 cona,
1118 1325 1253 1382 ipsam
1305 1324 1419 1381 efficit
1452 1338 1561 1380 nego.

146 1398 270 1442 Ratio
305 1396 504 1448 humana,
540 1397 572 1438 si
608 1395 656 1438 de
690 1396 868 1438 naturali
900 1395 994 1452 lege
1027 1411 1170 1438 sermo
1203 1396 1271 1448 sit,
1301 1395 1382 1438 dici
1416 1395 1565 1452 nequit

147 1486 245 1512 vere
279 1485 324 1511 ac
357 1470 527 1526 proprie
560 1468 801 1525 legislatrix,
836 1467 910 1511 sed
944 1483 988 1511 se
1022 1466 1145 1510 habet
1168 1467 1311 1510 solum
1340 1479 1384 1509 ut
1404 1475 1565 1524 praeco,

147 1542 219 1598 qui
267 1553 481 1583 aeternam
530 1540 737 1596 Principis
788 1540 870 1582 Dei
918 1539 1057 1596 legem
1107 1537 1372 1596 promulgat,
1416 1537 1483 1580 vel
1522 1549 1568 1580 ut

145 1612 244 1654 liber
276 1628 349 1654 seu
384 1611 533 1664 codex,
567 1612 608 1653 in
651 1626 737 1668 quo
781 1610 849 1653 lex
896 1610 1095 1653 naturalis
1145 1610 1388 1652 continetur
1435 1607 1567 1652 veluti

144 1684 300 1741 scripta
333 1698 460 1725 manu
494 1683 694 1725 Auctoris
726 1694 913 1725 naturae.
937 1681 1043 1724 Aliis
1076 1679 1215 1724 verbis
1250 1681 1355 1723 ratio
1384 1679 1569 1722 humana

145 1767 209 1797 est
251 1754 424 1811 quidem
452 1755 699 1811 principiam
731 1754 963 1810 cognitionis
995 1752 1365 1810 quemadmodum
1409 1751 1566 1794 intrin-

144 1841 263 1868 secae
298 1824 564 1880 moralitatis,
598 1825 651 1866 ita
685 1824 811 1866 etiam
846 1824 950 1879 legis
989 1822 1190 1866 naturalis
1224 1823 1299 1881 (2),
1329 1837 1417 1865 non
1463 1837 1568 1865 vero

142 1897 392 1955 principium
425 1895 676 1952 obligationis
708 1895 813 1952 legis
847 1893 1062 1937 naturalis.

241 2083 297 2127 (1)
327 2081 382 2116 Cf.
409 2093 511 2115 num.
543 2092 622 2115 101.
651 2092 731 2125 pag.
761 2079 838 2122 265.
857 2079 950 2114 Vide
978 2080 1012 2113 in
1034 2079 1158 2113 adnot.
1179 2084 1226 2112 2.¹³
1246 2076 1468 2122 praeclarum
1488 2075 1560 2112 loc.

147 2153 189 2176 ex
214 2142 396 2176 Suaresio:
424 2141 534 2175 alium
562 2140 682 2174 locum
709 2140 789 2173 vide
816 2139 851 2172 in
881 2150 962 2184 pag.
992 2137 1069 2183 269.

242 2201 298 2244 (2)
328 2199 383 2235 Cf.
400 2200 466 2234 Th.
484 2199 669 2234 XXXVII.
685 2210 766 2243 pag.
788 2208 861 2242 313.
879 2197 935 2232 Cf.
951 2197 1172 2238 Liberatore,
1197 2196 1276 2230 Eth.
1305 2207 1338 2229 n.
1367 2206 1440 2241 91„
1456 2194 1564 2229 Ton-

151 2259 279 2304 giorgi,
306 2259 386 2293 Eth.
414 2271 449 2294 n.
479 2269 552 2302 177.
570 2256 748 2292 Nonnulli
774 2257 865 2291 inter
892 2255 1148 2290 Rationalistas
1175 2256 1367 2289 abutuntur
1394 2253 1457 2287 illo
1485 2252 1569 2287 loco

147 2318 329 2363 Apostoli,
355 2320 463 2353 Rom.
495 2319 538 2352 ΙΙ.
575 2327 622 2359 14.
646 2325 709 2358 15„
739 2327 845 2362 quem
874 2316 1047 2361 superius,
1066 2313 1158 2349 cf.n.
1183 2310 1570 2355 101.,attulimus.Sed

148 2378 247 2414 ibis.
280 2378 475 2423 Apostolus
503 2389 576 2410 non
617 2388 700 2410 sane
740 2376 897 2409 insinuat
933 2375 1023 2408 duos
1063 2373 1300 2419 legislatores,
1329 2371 1444 2406 multo
1484 2381 1570 2404 vero

150 2437 269 2470 minus
296 2437 366 2470 duo
395 2436 632 2482 obligationis
658 2434 831 2469 naturalis
861 2433 1050 2479 principia,
1077 2433 1139 2467 sed
1183 2432 1338 2478 loquitur
1365 2430 1407 2464 de
1448 2428 1575 2475 duplici

150 2496 255 2530 codici:
281 2495 371 2541 legis,
397 2496 481 2529 hinc
507 2495 674 2541 ponendo
701 2494 817 2541 ipsum
846 2505 909 2527 cor
934 2492 1103 2536 hominis,
1123 2492 1205 2526 inde
1227 2502 1311 2525 vero
1331 2488 1471 2525 tabulas
1493 2488 1578 2522 Mo-

149 2566 275 2589 sareas.
