1734 2784
726 141 782 150 —-
815 130 869 173 [17
909 144 960 149 .—

132 227 223 258 esse
252 208 366 267 felix,
400 212 474 257 sed
507 213 560 256 sit
594 213 736 256 miser.
772 214 872 266 Qua
905 214 1083 257 notione
1117 214 1284 269 tradita,
1320 216 1379 260 sic
1412 217 1553 275 argui-

131 299 243 329 mus.
277 286 428 331 Homo
461 285 608 343 nequit
641 300 734 328 esse
778 285 948 343 quietus
997 301 1071 329 seu
1119 286 1296 346 beatus,
1330 304 1555 350 quousque

133 357 275 400 omnis
308 357 510 400 naturalis
545 358 635 401 eius
669 357 885 401 tendentia
918 370 1104 402 nonest
1138 360 1313 418 expleta:
1338 361 1419 405 hoc
1444 376 1558 421 patet

133 443 184 471 ex
234 429 411 472 notione
459 427 739 479 beatitudinis
763 430 806 471 in
855 445 1008 487 genere
1043 433 1238 489 superius
1278 433 1428 477 tradita
1471 435 1554 495 (1).

131 500 267 557 Atqui
297 499 498 544 naturalis
531 501 640 543 inest
672 500 839 544 homini
872 500 1088 545 tendentia
1123 502 1173 546 ad
1206 505 1348 548 Deum
1383 522 1552 563 cogno-

132 571 340 616 scendum
373 585 415 616 et
447 573 696 628 amandum,
722 574 858 617 immo
888 573 989 618 haec
1011 587 1073 618 est
1092 577 1278 635 princeps
1302 593 1347 621 ac
1370 587 1554 636 suprema

133 643 324 688 hominis
355 644 592 689 ordinatio:
628 645 730 689 haec
762 647 878 690 enim
912 647 993 690 Dei
1028 649 1219 705 cognitio
1254 662 1294 692 et
1337 666 1459 695 amor
1492 665 1554 695 est

134 715 312 760 ultimus
345 717 535 761 hominis
569 717 682 772 finis,
717 730 764 761 ut
798 719 841 762 in
875 719 1140 777 praecedenti
1176 721 1351 765 articulo
1377 722 1557 767 demon-

136 789 377 834 stravimus.
412 791 528 848 Ergo
562 790 698 834 homo
731 792 878 850 nequit
911 808 1004 835 esse
1047 793 1216 850 quietus
1267 811 1340 838 seu
1390 795 1560 851 beatus,

135 876 362 920 quousque
395 877 483 905 non
517 863 793 919 coniungitur
829 879 926 906 cum
961 864 1054 907 Deo
1088 880 1163 922 per
1196 868 1492 924 cognitionem
1516 882 1557 912 et

135 947 355 992 amorem,
389 949 463 977 seu
497 950 723 992 quousque
756 951 842 978 non
878 935 1068 993 possidet
1116 938 1273 982 Deum.
1326 940 1441 997 Ergo
1475 942 1558 985 Dei

134 1006 352 1062 possessio
386 1018 449 1049 est
482 1005 645 1050 bonum
679 1008 965 1050 necessarium
1003 1007 1187 1062 homini,
1224 1022 1269 1053 ut
1303 1012 1355 1054 sit
1401 1011 1560 1057 beatus.

253 1077 351 1120 Hoc
383 1090 686 1135 argumentum
723 1079 963 1122 continetur
997 1080 1040 1121 in
1075 1080 1225 1123 celebri
1260 1081 1327 1123 illa
1351 1098 1382 1125 s.
1403 1084 1559 1141 Augu-

137 1149 235 1192 stini
259 1149 318 1209 (2)
343 1151 582 1194 sententia:
615 1168 635 1191 «
662 1151 813 1194 Fecisti
847 1166 926 1194 nos
961 1150 1011 1194 ad
1045 1163 1084 1194 te
1119 1164 1158 1194 et
1191 1152 1366 1209 (idcirco
1401 1170 1559 1199 conse-

135 1221 329 1279 quenter)
363 1222 603 1280 inquietum
638 1235 700 1265 est
733 1237 805 1265 cor
839 1234 1050 1276 nostrum,
1072 1222 1206 1266 donec
1240 1226 1474 1282 requiescat
1509 1228 1550 1271 in

135 1303 175 1334 te
193 1310 232 1337 ».
258 1293 662 1348 Quemadmodum,
683 1307 727 1337 ut
762 1294 932 1338 obviam
957 1294 1063 1338 banc
1088 1298 1453 1354 comparationem
1477 1299 1556 1343 ad-

135 1361 372 1423 bibemus,
389 1367 541 1423 sagitta
573 1381 741 1424 semper
775 1378 836 1408 est
868 1366 911 1408 in
944 1379 1080 1420 motu,
1104 1382 1330 1426 quousque
1355 1385 1453 1413 cum
1477 1387 1556 1414 suo

136 1451 269 1494 scopo
302 1451 389 1480 non
424 1438 716 1495 coniungitur,
752 1438 806 1480 ita
829 1452 901 1480 cor
926 1437 1114 1481 bominis
1136 1451 1237 1482 tunc
1271 1439 1553 1486 solummodo

138 1523 270 1555 cessat
303 1527 325 1554 a
357 1505 479 1555 motu
513 1527 586 1554 seu
621 1510 822 1568 quiescit,
857 1510 1026 1568 quamdo
1070 1512 1216 1554 unitur
1258 1513 1407 1557 intime
1458 1530 1558 1557 cum

138 1584 248 1642 Deo,
281 1595 393 1627 meta
411 1598 457 1626 ac
480 1582 563 1626 fine
587 1598 666 1625 suo
692 1581 942 1625 immediato
971 1593 1010 1624 et
1034 1581 1202 1626 ultimo.
1231 1584 1424 1628 Gtadum
1450 1602 1564 1630 nunc

138 1654 315 1699 facimus
349 1654 400 1699 ad
433 1654 605 1698 alteram
640 1653 766 1696 huius
801 1653 973 1696 theseos
1007 1666 1187 1711 partem.

236 1901 292 1947 (1)
318 1901 373 1937 Cf.
392 1913 511 1936 rursus
529 1901 698 1936 eumdem
719 1911 816 1934 uum.
843 1900 889 1934 16.
913 1913 930 1930 ε(
955 1900 1055 1934 Cum
1076 1900 1273 1944 beatitudo,
1290 1901 1335 1936 ita
1351 1914 1378 1937 s.
1392 1902 1566 1941 Thomas,

147 1971 172 1996 1.
202 1970 232 1995 2.
262 1973 292 2008 q.
323 1971 352 2006 ς.
380 1974 410 1996 a.
437 1971 481 2004 4.,
509 1961 552 1995 sit
580 1959 778 2006 perfectum
807 1960 944 1994 bmum
986 1968 1019 1993 et
1057 1960 1248 2003 sufficiens,
1280 1971 1434 2007 oportet,
1471 1964 1566 2010 quod

141 2019 359 2056 desiderium
385 2020 544 2055 hominis
572 2020 709 2066 quietet
736 2030 768 2054 ct
797 2031 907 2054 omne
936 2018 1071 2053 malum
1099 2020 1309 2055 excludat.»

234 2081 288 2126 (2)
315 2080 477 2116 Confess.
506 2081 549 2115 ab
578 2080 696 2115 initio.
727 2081 766 2114 Et
796 2080 816 2113 l.
845 2079 930 2113 XIII
969 2090 997 2112 c.
1029 2079 1072 2119 8.,
1094 2080 1141 2114 ait
1174 2091 1179 2113 :
1210 2095 1224 2110 «
1253 2081 1344 2115 Satis
1384 2083 1567 2124 ostendis,

140 2151 246 2188 quam
273 2151 444 2187 magnam
465 2149 665 2175 creaturam
685 2139 897 2174 rationalem
923 2138 1062 2181 feceris,
1085 2140 1138 2173 cui
1167 2140 1267 2173 nullo
1293 2140 1404 2176 modo
1438 2143 1567 2177 sufficit

142 2201 185 2235 ad
211 2201 351 2236 beatam
379 2200 539 2247 requiem
567 2199 738 2246 quidquid
767 2208 800 2234 te
827 2201 946 2233 miuus
974 2199 1029 2232 sit.
1056 2214 1071 2229 »
1109 2199 1218 2240 Quod
1255 2199 1347 2234 idem
1390 2202 1569 2245 praeclare

147 2261 317 2306 expressit
345 2262 493 2303 Dantes,
523 2262 598 2296 Par.
629 2259 716 2294 IV.:

386 2344 424 2378 Io
451 2355 569 2389 veggo
598 2344 678 2386 beu,
706 2343 772 2377 che
800 2343 972 2389 giammai
1001 2353 1072 2376 uon
1103 2342 1128 2375 si
1158 2343 1245 2376 smil

429 2391 564 2426 Nostro
593 2391 787 2431 iutetlettQ
815 2404 850 2425 se
879 2391 902 2425 il
929 2390 1001 2425 Ver
1028 2402 1101 2424 uon
1131 2389 1164 2423 lo
1194 2390 1339 2428 illusum

430 2439 474 2473 Di
505 2438 586 2473 fuor
613 2439 668 2473 dal
698 2439 777 2486 qual
807 2450 937 2472 nessun
967 2448 1050 2472 vcro
1079 2438 1104 2470 si
1135 2438 1262 2483 spazia.

388 2487 515 2521 Posasi
543 2487 578 2520 in
601 2498 692 2529 esso,
721 2497 825 2520 come
854 2486 927 2520 fera
953 2486 988 2518 in
1018 2485 1137 2527 lustra,

434 2535 549 2569 'rosto
577 2533 641 2569 che
669 2535 794 2580 giunto
822 2534 845 2567 I'
865 2534 909 2568 lia
932 2546 937 2567 :
969 2544 986 2567 c
1014 2533 1166 2576 ginguer
1194 2532 1340 2578 pusilio:

435 2583 480 2618 Se
506 2593 593 2626 non,
623 2583 763 2615 ciascun
792 2582 882 2615 disio
912 2581 1056 2615 sarebbc
1085 2579 1219 2615 frustra.
