1734 2784
788 75 1051 117 -192-

210 158 308 201 dicit
341 158 444 215 (1),
479 156 594 214 quod
629 157 901 214 speculativas
932 154 1063 213 differt
1105 170 1129 197 cz
1159 157 1335 213 practico
1375 155 1466 211 fine.
1499 153 1625 199 Unde

208 246 257 272 ex
282 229 363 271 tine
396 228 698 271 denominatur
722 239 915 284 uterque,
939 227 1005 269 hic
1037 226 1211 284 quidem
1237 226 1533 284 speculativus‚
1557 226 1625 270 ille

209 316 311 342 vero
347 300 567 356 practicus,
601 298 709 341 idest
743 299 999 355 operativus.
1024 314 1043 337 »
1070 298 1215 354 Itaque
1250 297 1465 341 distinctio
1498 297 1625 340 intel-

210 371 342 413 lectus
378 372 417 413 in
453 370 759 428 speculativum
795 383 834 412 et
869 369 1100 426 practicum
1135 384 1221 411 non
1255 380 1331 423 est,
1364 370 1444 411 nisi
1478 368 1646 412 distin-·

214 442 296 484 ctio
331 442 518 483 rationis.

330 513 380 554 II.
417 513 477 554 Ex
510 513 573 566 iis,
607 527 713 569 quae
748 510 880 553 modo
915 510 1113 562 diximus,
1150 522 1319 567 apparet
1355 510 1501 552 falsam
1534 525 1628 554 esse

212 584 463 626 sententiam
500 584 588 624 sive
622 597 792 634 eorum,
828 583 899 639 qui
934 582 1231 638 cognitionem
1268 582 1515 624 moralitatis
1549 582 1628 624 tri-

211 654 346 697 buunt
380 655 521 697 sensui
556 652 723 696 cuidam
758 662 954 710 corporeo,
988 654 1076 695 sive
1110 669 1291 709 eorum,
1325 653 1396 710 qui
1431 651 1626 695 eamdem

213 725 404 768 tribuunt
438 725 584 767 sensui
610 723 776 767 cuidam
801 724 988 781 spiritali.
1013 725 1127 766 Inter
1161 724 1323 780 priores
1348 723 1506 766 eminet
1528 723 1559 766 Ι.
1579 724 1624 766 Β.

212 796 409 852 Robinet‚
442 797 515 853 qui
549 795 630 838 hoc
654 795 807 838 diserte
831 794 1009 837 affirmat
1031 794 1118 852 (2),
1148 793 1434 837 moralitatem
1467 794 1627 852 percipi

213 868 400 911 motibus
436 868 653 924 corporeis
676 869 779 910 sexti
802 866 1022 909 cuiusdam
1047 881 1211 918 sensus,
1229 866 1301 923 qui
1325 865 1414 908 aliis
1439 866 1628 923 quinque

213 939 406 983 sensibus
441 940 622 982 omnino
657 937 809 980 similis
844 951 919 991 est,
954 950 993 980 et
1027 953 1236 994 organum
1277 936 1355 979 sibi
1403 937 1626 995 proprium

212 1010 348 1053 habet.
383 1011 497 1053 Inter
529 1010 634 1052 alios
668 1025 769 1052 vero
804 1010 961 1052 eminet
994 1010 1138 1052 Franc.
1174 1008 1433 1051 Hutcheson
1456 1007 1540 1066 (3)
1559 1006 1626 1051 Ad

212 1083 401 1140 priorem
435 1082 708 1133 sententiam,
745 1097 850 1138 quae
885 1081 1010 1123 nimis
1044 1096 1142 1123 sane
1176 1079 1354 1123 absurda
1399 1092 1474 1133 est,
1508 1078 1629 1122 refel—

212 1153 399 1205 lendam,
433 1169 494 1209 ea,
528 1168 632 1210 quae
667 1153 747 1194 iam
783 1152 983 1209 diximus,
1016 1151 1243 1195 sufficiunt.
1276 1153 1342 1194 De
1375 1151 1502 1194 altera
1534 1166 1629 1194 sen-

212 1225 369 1277 tentia,
403 1239 510 1281 quae
543 1225 759 1266 sensismns
803 1223 970 1265 moralis
1019 1222 1099 1265 dici
1148 1222 1286 1275 solet,
1330 1238 1460 1280 pauca
1493 1221 1630 1265 adhuc

212 1296 474 1339 adiiciemus:
499 1297 632 1353 primo
657 1296 745 1338 eius
771 1294 1009 1337 refellemus
1045 1307 1315 1351 argumenta,
1340 1294 1508 1338 secundo
1532 1309 1626 1336 eam

213 1379 466 1424 argumento
500 1366 551 1409 ad
586 1366 808 1408 hominem
838 1365 1204 1422 impugnabimus,

329 1438 475 1495 Itaque
520 1439 654 1494 primo
708 1437 982 1493 praecipuum
1037 1436 1162 1479 huius
1208 1437 1440 1480 sententiae
1493 1451 1625 1492 argu-

213 1520 407 1552 mentum
444 1520 505 1551 est
538 1507 715 1551 nullum.
754 1507 978 1551 Obiiciunt
1012 1508 1158 1564 enim,
1192 1508 1243 1551 de
1291 1507 1528 1552 moralitate
1579 1507 1629 1551 ab

212 1581 260 1622 iis
295 1580 440 1632 etiam,
462 1579 534 1636 qui
566 1577 892 1635 intelligentiam
915 1578 1129 1621 evolutam
1154 1593 1241 1621 non
1265 1577 1434 1632 habent,
1460 1591 1506 1622 ut
1528 1590 1629 1622 sunt

212 1651 332 1708 pueri
366 1662 405 1692 et
438 1649 578 1703 rudes,
613 1650 849 1692 rectissima
881 1648 977 1692 ferri
1010 1649 1165 1693 iudicia
1197 1648 1394 1692 facillime
1427 1662 1467 1693 et
1500 1649 1628 1693 celer-

213 1723 333 1765 rime.
369 1722 498 1779 Atqui
532 1737 618 1765 non
651 1720 840 1764 admisso
874 1737 1000 1763 sensu
1025 1720 1219 1778 spiritali,
1245 1721 1327 1764 hoc
1348 1720 1507 1764 factum
1539 1736 1627 1764 non

213 1791 532 1850 explicatur.—
570 1791 862 1850 Respondeo,
900 1791 1112 1849 duplicem
1161 1791 1369 1849 distingui
1413 1791 1627 1845 ordinem,

214 1864 462 1906 theoreticmn
496 1876 535 1906 et
564 1865 802 1921 practicam.
825 1862 1211 1915 Quemadmodum
1234 1875 1377 1905 autem
1412 1863 1454 1905 in
1479 1861 1630 1906 ordine

213 1933 499 1991 speculativo,
534 1935 588 1976 ita
622 1935 750 1976 etiam
780 1935 819 1974 in
855 1933 1004 1975 ordine
1039 1933 1223 1990 practico
1273 1944 1370 1975 sunt
1418 1932 1628 1990 quaedam

214 2005 375 2061 primae
408 2005 604 2047 veritates
637 2005 721 2062 (4),
755 2021 861 2062 quie
895 2016 993 2047 sunt
1027 2003 1323 2057 immediatae,
1359 2003 1423 2047 vel
1457 2004 1627 2046 nonnisi

310 2179 366 2222 (1)
394 2178 433 2212 L.
462 2177 520 2210 ΙΙΙ.
550 2176 592 2210 de
618 2177 752 2210 Anima
780 2185 865 2212 text,
894 2186 952 2221 49.

310 2237 366 2281 (2)
396 2237 493 2270 Haec
519 2235 626 2269 habet
653 2236 686 2268 in
715 2247 835 2280 opere,
853 2236 907 2268 cui
934 2235 1069 2277 titulus,
1088 2233 1125 2269 de
1143 2235 1176 2269 la
1194 2239 1314 2268 nature
1340 2233 1395 2268 ch.
1417 2234 1467 2268 IX
1485 2242 1518 2268 et
1536 2234 1580 2269 X.

311 2297 367 2340 (3)
395 2297 503 2330 Suam
529 2295 707 2329 theoriam
736 2295 868 2329 evolvit
897 2295 931 2328 in
959 2306 1081 2340 opere,
1110 2295 1220 2339 Essizy
1245 2305 1287 2327 on
1313 2293 1363 2327 the
1402 2297 1522 2327 nature
1559 2291 1628 2326 and

216 2354 356 2400 quicling
382 2354 421 2399 os
448 2355 604 2401 passions
647 2352 712 2388 and
753 2355 925 2398 affections
962 2355 1043 2388 with
1081 2354 1305 2387 illustrations
1349 2363 1390 2387 on
1428 2352 1477 2386 the
1513 2352 1627 2385 moral

215 2425 323 2455 sense,
353 2423 387 2447 et
412 2415 446 2447 in
481 2413 557 2447 aliis
583 2413 761 2458 operibus.
790 2414 880 2447 Eum
920 2413 1077 2458 sequitur
1103 2412 1173 2448 Th.
1200 2412 1301 2447 Reid:
1338 2412 1447 2445 ambo
1487 2409 1623 2445 censeri

216 2482 364 2518 possunt
391 2473 499 2507 duces
523 2472 667 2507 scholae
695 2473 861 2507 scoticae.

312 2533 367 2577 (4)
392 2532 450 2567 Cf.
479 2532 628 2567 Thesim
654 2533 750 2567 XIX.
778 2544 812 2566 n.
839 2531 900 2576 67.
