1734 2784
710 118 969 173 —237-

196 296 230 364 S.
252 318 328 352 ΙΙΙ.
351 317 564 364 Quodnam
591 318 644 352 sit
668 319 875 362 proprium
906 319 1011 363 legis
1038 321 1236 355 naturalis
1264 320 1476 356 obiectum.

641 472 808 515 Tnests
843 473 1036 517 XXXV.

125 603 333 650 Obiectmn
360 605 587 662 proprium,
607 604 714 662 qnod
746 604 809 647 lex
842 605 1049 647 naturalis
1082 606 1259 663 respicit,
1277 621 1344 649 sea
1373 609 1545 651 materia

237 677 342 719 circa
375 690 504 733 qaam
537 684 738 732 versatur,
756 684 849 718 sunt
881 678 1052 719 actiones
1085 677 1178 719 illae
1203 677 1418 734 hnmanae,
1440 693 1543 736 qnae

234 755 331 790 sant
356 746 572 804 praeditae
606 748 823 790 intrinseca
868 748 1114 802 moralitate,
1148 748 1193 791 ob
1227 763 1349 806 quam
1381 750 1544 806 exigant

231 817 437 876 prohiberi
467 819 527 861 vel
556 819 745 876 praecipi.
785 818 903 873 Quae
937 821 1134 863 nimirmn
1166 821 1338 863 actiones
1370 829 1462 864 snnt
1494 836 1541 864 ex

233 905 270 932 se
295 890 438 946 malae,
471 905 536 933 eae
573 890 721 933 cadunt
754 905 885 933 omnes
908 891 981 934 snb
1006 892 1126 949 Iegem
1149 892 1382 935 naturalem
1397 893 1542 950 prohi-

234 960 397 1005 bentem:
431 977 529 1019 qnae
579 977 672 1004 vero
722 964 895 1005 actiones
928 964 983 1005 ‘ita
1018 972 1114 1006 sant
1161 978 1207 1005 ex
1245 978 1284 1005 se
1323 962 1460 1016 honae,
1497 973 1540 1007 ut

232 1048 371 1076 earam
414 1035 638 1090 oppositam
685 1035 738 1076 sit
771 1050 819 1076 ex
861 1050 898 1077 se
941 1035 1115 1087 malam,
1161 1049 1226 1077 eae
1274 1035 1423 1078 cadunt
1465 1035 1538 1079 sab

231 1104 352 1162 legem
386 1106 618 1148 naturalem
648 1107 969 1163 praecipientem.

235 1224 328 1266 104.
364 1212 741 1255 PRAENOTIONES.
793 1213 884 1264 Qui
933 1212 976 1254 in
1014 1212 1154 1269 legem
1203 1211 1437 1255 naturalem
1471 1213 1535 1255 in-

108 1281 252 1340 quirit,
285 1282 319 1324 is
355 1281 478 1325 debet
512 1283 590 1325 rite
624 1281 888 1340 distinguere
940 1284 1047 1326 inter
1091 1282 1191 1326 haec
1235 1284 1438 1341 quinque,
1472 1285 1534 1326 ni-

108 1353 269 1396 mirum
300 1354 500 1396 —inter
548 1354 684 1411 ipsam
733 1353 873 1410 legem
926 1353 1161 1397 naturalem
1212 1353 1449 1397 secundum
1490 1371 1533 1398 se

107 1424 342 1482 inspectam
375 1451 431 1458 -—
465 1437 683 1468 auctorem
717 1441 790 1468 seu
827 1426 1006 1468 latorem
1040 1427 1129 1470 eius
1166 1451 1220 1459 —
1255 1426 1388 1483 ipsius
1424 1442 1530 1484 pro-

106 1495 395 1554 mulgatorem
428 1512 501 1540 seu
534 1512 791 1555 praeconem
813 1523 868 1530 --
890 1497 1125 1553 subditum,
1162 1498 1228 1540 cui
1264 1497 1334 1541 lex
1368 1497 1530 1553 fertur,

104 1583 321 1627 quemque
355 1568 573 1612 moraliter
606 1568 708 1627 ligat
733 1595 784 1601 ——
817 1584 984 1613 necnon
1033 1569 1264 1622 obiectum,
1302 1569 1418 1628 quod
1466 1587 1531 1614 re—

101 1640 241 1700 spicit,
275 1656 350 1683 seu
386 1642 608 1684 materiam
643 1642 751 1684 circa
786 1657 914 1699 quam
948 1653 1153 1684 versatur.

222 1712 288 1755 De
321 1711 415 1769 lege
449 1712 626 1756 naturali
661 1712 897 1756 secundum
933 1729 976 1756 se
1005 1725 1188 1770 spectata
1213 1712 1401 1756 diximus
1426 1714 1525 1757 satis

101 1781 146 1825 in
178 1781 288 1825 thesi
322 1781 614 1839 praecedente.
651 1809 710 1815 —
741 1783 804 1825 Ex
840 1782 960 1825 dictis
1010 1783 1136 1826 etiam
1184 1782 1317 1840 liquet
1351 1783 1525 1841 quinam

97 1854 155 1897 sit
185 1852 312 1896 huius
345 1853 452 1911 legis
484 1854 621 1897 lator?
656 1855 729 1897 Est
763 1856 896 1907 Deus,
930 1855 1050 1912 isque
1098 1867 1319 1912 tamquam
1352 1867 1525 1898 naturae

95 1936 246 1969 auctor
279 1926 510 1983 inspectus:
552 1944 571 1967 «
605 1925 691 1979 ille,
727 1938 772 1968 ut
807 1924 1003 1968 Tullium
1051 1925 1134 1968 iam
1169 1925 1418 1983 loquentem
1453 1941 1525 1968 au-

98 1995 300 2051 divimus,
333 1996 438 2055 legis
473 1997 599 2040 huius
643 1998 871 2054 inventor,
920 1996 1201 2055 disceptator,
1251 1997 1371 2040 lator.
1405 2014 1425 2037 »
1466 2022 1523 2031 —

94 2069 207 2114 Item
239 2081 354 2127 patet
386 2084 439 2112 ex
473 2068 612 2126 dictis,
647 2070 822 2127 quinam
856 2070 910 2112 sit
942 2069 1047 2126 legis
1083 2068 1209 2112 huius
1235 2071 1418 2128 praeco?
1447 2070 1522 2113 Est

95 2139 187 2198 ipsa
218 2140 325 2183 ratio
360 2141 556 2198 practica,
593 2156 700 2198 quae
723 2156 823 2183 sane
846 2155 934 2183 non
958 2153 1021 2184 est
1044 2139 1155 2183 illius
1179 2140 1286 2197 legis
1311 2140 1519 2195 effectrix,

95 2210 170 2254 sed
202 2211 507 2255 tantummodo
541 2227 585 2255 se
620 2211 743 2254 habet
778 2211 1115 2270 promulgatoris
1151 2213 1295 2267 instar,
1325 2212 1464 2270 legem
1499 2230 1520 2257 a

92 2282 192 2326 Deo
225 2282 351 2326 latam
384 2282 688 2341 proclamantis
721 2284 899 2327 nomine
933 2285 1068 2343 ipsius
1102 2285 1197 2328 Dei:
1247 2299 1376 2342 quam
1410 2285 1518 2328 veri-

92 2366 223 2398 tatem
257 2353 384 2412 paulo
420 2354 595 2398 inferius
645 2368 792 2398 contra
841 2356 1137 2400 Rationalistas
1187 2356 1324 2413 magis
1360 2355 1517 2400 directe

87 2424 418 2469 vindicabimus.
453 2426 557 2469 Eam
603 2442 732 2483 porro
776 2426 914 2484 legem
965 2427 1200 2485 proclamat
1242 2443 1316 2485 per
1363 2443 1517 2470 vocem

87 2495 279 2551 illorum,
313 2496 364 2540 de
397 2497 549 2556 quibus
584 2498 666 2541 iam
703 2497 908 2552 diximus,
943 2498 1198 2542 naturalium
1236 2498 1514 2542 iudiciorum.

84 2591 146 2601 —
179 2567 419 2612 Proclamat
457 2581 601 2612 autem
650 2568 874 2614 voluntati:
925 2569 1026 2613 haec
1074 2571 1189 2613 enim
1239 2582 1303 2613 est
1335 2568 1513 2613 facultas
