1734 2784
772 134 1034 179 —372—

193 216 436 275 mulgantur
468 216 533 260 vel
582 217 705 260 etiam
755 219 947 276 specialis
980 219 1198 264 adiunctae
1243 223 1491 280 sanctionis,
1534 224 1611 268 sub

193 303 274 345 qua
305 287 463 346 aliquid
496 288 722 346 prohibent
765 288 828 332 vel
864 291 1145 349 praecipiunt.
1200 293 1290 336 Hae
1337 293 1450 351 leges
1485 310 1610 339 sensu

193 360 332 402 minus
367 375 517 417 presso
550 360 751 404 dicuntur
784 373 824 405 et
857 373 957 406 sunt
980 365 1203 421 positivae.
1229 365 1437 423 Exemplo
1471 367 1524 410 sit
1546 366 1612 411 lex

193 432 322 474 civilis
373 431 602 490 prohibens
653 432 813 477 furtum
861 433 938 477 sub
987 451 1124 493 poena
1173 438 1350 480 carceris
1403 438 1468 481 vel
1515 454 1611 482 vcr-

190 501 354 547 berum.

332 706 361 752 3.
387 706 418 742 1.
437 707 497 742 De
514 707 785 751 possibilitate
813 711 853 743 et
879 710 1097 745 existentia
1122 710 1225 754 legis
1251 710 1465 754 positivae.

708 864 873 907 THESIS
914 865 1093 909 XLVII.

188 959 299 1005 Illud
330 961 369 1004 in
388 962 533 1019 primis
558 960 820 1019 manifestum
842 970 909 1015 est,
935 962 1056 1019 Iegem
1083 962 1304 1019 positivam
1328 961 1477 1005 nedum
1508 971 1606 1021 pos-

304 1032 457 1078 sibilem
490 1049 586 1090 esse,
619 1033 683 1076 sed
716 1041 849 1091 reapse
883 1035 1056 1077 existere.

309 1154 401 1197 137.
436 1141 808 1185 PRAENOTIONES.
833 1140 1076 1185 Recolenda
1109 1140 1177 1184 hic
1196 1153 1257 1184 est
1281 1140 1498 1185 distinctio
1521 1143 1603 1186 iam

184 1214 379 1271 superius
412 1212 561 1255 tradita
593 1212 698 1269 legis
743 1213 948 1270 positivae
982 1213 1024 1255 in
1057 1212 1243 1256 divinam
1277 1225 1316 1256 et
1363 1214 1599 1259 humanam.

184 1285 338 1328 Divina
371 1296 447 1336 est,
482 1299 590 1341 quae
624 1300 645 1327 a
679 1283 807 1326 libera
855 1283 1107 1340 legislatoris
1158 1284 1236 1327 Dei
1279 1283 1497 1328 voluntate
1535 1284 1602 1328 di-

186 1369 328 1400 manat
356 1357 541 1414 proxime
576 1368 615 1399 et
649 1356 894 1408 immediate,
931 1368 1078 1414 estque
1112 1355 1159 1399 ab
1193 1372 1244 1399 eo
1284 1356 1361 1399 toti
1406 1355 1487 1413 legi
1522 1372 1599 1401 na-

182 1428 304 1472 turali
338 1427 621 1487 superaddita.
659 1429 858 1471 Humana
880 1440 957 1485 est,
981 1443 1087 1486 quae
1112 1428 1306 1486 proxime
1340 1426 1388 1470 ab
1421 1426 1600 1472 homine

182 1512 386 1559 concepta
418 1513 457 1544 et
490 1500 628 1558 posita
661 1512 736 1543 est.
778 1519 796 1540 α
830 1500 920 1555 Est,
956 1500 1094 1558 inquit
1128 1500 1282 1544 Suarez
1316 1499 1402 1557 (1),
1436 1498 1502 1543 lex
1525 1499 1600 1542 hu-

183 1588 306 1616 mana
338 1588 448 1631 opus
482 1572 670 1615 hominis
705 1571 752 1615 ab
785 1573 875 1615 eius
919 1584 1126 1631 potestate
1169 1584 1209 1615 et
1243 1570 1466 1629 prudentia
1502 1587 1600 1630 pro-

180 1645 293 1687 xime
327 1659 518 1700 manans,
555 1656 594 1687 et
627 1657 846 1702 tamquam
881 1643 1026 1702 regula
1059 1656 1098 1687 et
1132 1658 1333 1687 mensura
1375 1643 1597 1701 operatio-

183 1732 289 1759 num
325 1715 504 1759 subditis
537 1716 687 1774 posita.
724 1733 745 1756 »

299 1788 390 1831 Lex
426 1788 564 1846 itaque
597 1803 684 1831 non
719 1787 872 1832 dicitur
904 1788 1087 1831 humana
1115 1803 1164 1831 ex
1187 1787 1268 1831 hoc
1292 1799 1456 1831 tantum
1480 1786 1597 1845 quod

180 1857 429 1901 hominibus
464 1859 705 1917 imponitur
738 1871 808 1903 aut
842 1859 1006 1917 passive
1041 1858 1083 1902 in
1117 1857 1196 1901 illis
1231 1870 1293 1902 est
1326 1858 1448 1917 (tunc
1482 1858 1597 1901 enim

179 1928 244 1972 lex
276 1930 366 1987 ipsa
400 1930 600 1974 naturalis
636 1930 813 1975 dicenda
846 1931 957 1975 foret
991 1930 1212 1989 humana),
1245 1930 1318 1974 sed
1352 1930 1449 1988 quia
1481 1941 1596 1973 actus

180 2013 241 2043 est
274 2000 463 2044 hominis
498 2014 538 2044 et
571 2001 619 2045 ab
654 2018 705 2046 eo
739 2016 959 2061 tamquam
994 2001 1041 2045 ab
1075 2014 1248 2045 auctore
1282 2001 1478 2059 proxime
1511 2000 1596 2044 fer-

178 2084 258 2116 tur.
295 2073 500 2117 Similiter
533 2073 719 2118 humana
752 2090 839 2118 non
872 2075 981 2118 foret
1013 2075 1077 2118 lex
1109 2073 1190 2127 illa,
1214 2082 1341 2132 quam
1365 2073 1484 2116 Deus
1507 2073 1597 2130 ipse

178 2142 306 2188 ferret
340 2157 462 2203 atque
496 2161 568 2204 per
603 2145 828 2190 hominem
861 2159 1080 2204 tamquam
1127 2160 1295 2189 merum
1343 2143 1596 2202 promulga—

177 2228 316 2259 torem
352 2216 440 2259 aliis
474 2216 760 2262 manifestaret
783 2219 866 2278 (2):
893 2216 1006 2261 aliud
1039 2218 1153 2262 enim
1177 2229 1239 2261 est
1261 2231 1353 2261 esse
1377 2228 1594 2260 auctorem

271 2437 327 2484 (1)
354 2439 409 2474 De
436 2439 503 2485 leg.
533 2438 555 2472 1.
590 2451 615 2474 1.
644 2450 671 2473 c.
702 2451 730 2484 3.
759 2444 862 2475 numj
890 2450 941 2485 17.
970 2439 1064 2475 Vide
1091 2448 1207 2485 super.
1240 2450 1276 2473 n.
1302 2448 1376 2482 103.
1404 2448 1485 2484 pag.
1514 2437 1592 2480 285.

178 2498 299 2532 adnot.
332 2505 382 2532 1.¹¹¹

272 2558 324 2601 (2)
352 2557 407 2592 Sic
434 2558 557 2593 Ioann.
587 2559 628 2594 Ι..
645 2558 771 2593 dicitur
797 2559 854 2594 lex
880 2568 982 2595 vetus
1010 2558 1089 2594 data
1117 2569 1177 2605 per
1202 2558 1364 2603 Moysen,
1391 2565 1423 2591 et
1450 2556 1530 2591 Act.
1558 2554 1590 2590 6.

177 2616 304 2652 dicitur
329 2617 394 2663 ipsi
421 2617 539 2665 Moysi
568 2617 648 2653 data
675 2629 738 2665 per
763 2618 936 2665 Angelos*

1674 2574 1720 2784 ι
