1734 2784
717 98 986 152 *234-

142 192 328 235 cundum
360 191 475 249 quod
509 193 549 234 in
573 194 710 249 seipsa
734 204 809 245 est,
825 191 897 234 sed
922 203 1087 235 tantum
1129 192 1172 234 in
1210 207 1290 235 suo
1313 191 1464 236 effectu
1490 208 1565 236 seu

141 262 623 320 ir1-21di.1t‘10110(1).Lex
660 274 802 306 autem
838 262 1037 305 naturalis
1072 278 1158 305 non
1193 275 1256 306 est
1288 263 1462 320 quidem
1498 278 1564 307 re-

143 334 239 390 gula
269 335 421 391 prima,
456 349 553 376 cum
589 334 640 376 sit
674 334 779 391 legis
813 345 1006 377 aeternae
1030 334 1310 392 participati03
1334 346 1397 377 est
1419 346 1564 378 tamen

142 405 285 461 regula
321 404 554 448 immediata
588 421 661 448 seu
699 406 939 463 propinqua
973 418 1012 448 et
1035 404 1308 463 homogenea
1333 405 1566 449 voluntatis

143 475 365 517 humanae.
1544 468 1547 471 ¹

261 547 313 589 H.
350 546 485 599 Quod
519 548 550 589 si
587 546 725 603 legem
749 547 982 591 naturalem
1007 564 1103 590 cum
1127 547 1220 605 lege
1237 549 1416 606 positiva
1440 563 1565 591 com-

143 632 357 675 paremus,
392 634 464 660 eae
498 617 697 661 differunt
731 619 1036 677 multipliciter.
1057 644 1114 651 —
1134 618 1345 662 Differunt
1378 619 1493 662 enim
1521 617 1564 676 α)

144 701 328 746 spectata
362 691 532 732 materia
574 705 647 732 seu
682 689 850 733 obiecto
884 689 1003 746 legis.
1038 690 1205 733 Etenim
1231 689 1449 734 obiectum
1470 698 1566 748 pro-

142 760 282 819 prium
317 772 356 802 et
390 760 668 803 immediatum
701 760 807 817 legis
842 761 1041 803 naturalis
1075 773 1173 803 sunt
1205 762 1392 804 actiones
1436 761 1481 805 de
1528 775 1566 804 se

143 831 279 874 bonae
301 844 341 875 et
365 832 410 874 de.
443 848 480 875 se
515 832 659 875 malae.
684 832 772 875 Lex
807 845 947 874 autem
973 833 1153 890 positiva
1176 832 1424 876 immediate
1450 849 1567 891 prae-

145 902 245 959 cipit
277 903 342 945 vel
375 902 573 960 prohibet
607 904 734 960 etiam
769 902 852 959 illa,
886 919 993 960 quae
1026 919 1113 946 non
1146 915 1244 946 sunt
1281 905 1489 948 intrinsece
1522 917 1563 949 et

145 972 190 1015 de
220 987 257 1015 se
290 972 401 1016 bona
432 973 500 1016 vel
535 973 655 1016 mala.
674 998 732 1006 --
755 975 868 1016 Hinc
893 974 938 1032 (a)
973 973 1173 1017 differunt
1205 986 1397 1032 spectato
1430 975 1562 1028 modo,

145 1059 232 1102 quo
264 1043 472 1088 feruntur.
506 1045 620 1088 Nam
655 1044 719 1088 lex
751 1045 950 1087 naturalis
999 1044 1132 1088 fertur
1165 1047 1400 1098 necessario,
1435 1046 1491 1090 ita
1519 1058 1565 1090 ut

144 1130 231 1158 non
265 1117 401 1173 possit
434 1132 522 1159 non
555 1116 668 1171 ferri,
703 1116 767 1159 lex
801 1129 942 1159 autem
977 1117 1159 1175 positiva
1192 1116 1326 1160 fertur
1348 1116 1484 1170 libere,
1508 1117 1565 1160 ita

144 1199 191 1230 ut
222 1187 358 1244 possit
391 1202 479 1230 non
512 1187 635 1231 ferri:
670 1204 826 1245 nempe
858 1188 924 1230 lex
957 1188 1157 1231 naturalis
1183 1187 1338 1245 pendet
1361 1204 1382 1232 a
1413 1187 1567 1232 volun-

143 1270 226 1301 tate
259 1257 516 1314 legislatoris
551 1261 790 1312 necessaria,
825 1259 890 1302 lex
923 1260 1105 1316 positiva
1138 1258 1187 1301 ab
1222 1260 1313 1303 eius
1350 1258 1567 1303 voluntate

147 1329 287 1372 libera.
313 1354 371 1362 —
403 1329 619 1372 Differunt
646 1330 691 1388 γ)
725 1342 915 1387 spectato
949 1338 1108 1374 auctore
1140 1329 1260 1388 legis.
1278 1331 1392 1374 Nam
1410 1329 1475 1374 lex
1496 1345 1570 1374 na-

146 1399 294 1443 turalis
324 1399 446 1443 habet
466 1416 544 1458 pro
569 1412 741 1443 auctore
764 1400 1015 1444 immediato
1037 1402 1180 1444 Deum
1204 1413 1250 1444 ut
1273 1401 1565 1444 institutorem

144 1483 345 1515 naturae:
378 1470 444 1514 lex
477 1471 660 1529 positiva
688 1471 874 1515 humana
897 1488 919 1515 a
938 1473 1033 1515 Deo
1056 1485 1119 1516 est
1144 1470 1340 1525 mediate,
1370 1471 1566 1529 proxime

145 1722 291 1757 luntatis
316 1722 497 1757 humanae
524 1732 576 1757 est
604 1723 747 1768 duplex:
776 1733 846 1757 una
880 1721 1078 1768 propinqua
1106 1730 1140 1756 et
1175 1721 1390 1766 homogenea,
1418 1730 1467 1754 sc.
1494 1719 1567 1754 hu-

147 1792 254 1816 mana
279 1781 391 1816 ratio:
418 1780 485 1816 alia
512 1793 596 1816 vero
625 1791 676 1816 est
697 1781 816 1828 prima
843 1780 981 1827 regula,
1010 1792 1057 1815 sc.
1099 1780 1155 1815 lex
1181 1789 1324 1815 aeterna
1341 1807 1349 1822 ,
1387 1790 1479 1825 quae
1517 1787 1571 1814 est

146 1841 246 1888 quasi
273 1841 364 1875 ratio
391 1841 505 1876 Dei.»

240 1900 297 1944 (1)
327 1899 572 1945 «Dupliciter,
601 1908 639 1934 ut
666 1899 820 1945 explicat
849 1910 873 1934 s,
902 1898 1078 1940 Thomas,
1111 1908 1139 1937 1,
1168 1906 1198 1931 2.
1228 1909 1257 1943 q.
1287 1905 1343 1942 93.
1374 1907 1404 1932 a.
1434 1906 1484 1940 2.‚
1505 1895 1571 1931 ali-

146 1959 231 2006 quid
258 1959 431 2005 cognosci
460 1966 591 2004 potest.
618 1959 702 1994 Uno
730 1959 841 1992 modo
862 1958 897 1991 in
922 1958 1040 2004 seip50‚
1061 1956 1132 1991 alio
1158 1956 1271 1991 modo
1300 1956 1335 1990 in
1352 1966 1413 1990 suo
1438 1954 1565 2002 effectu,

147 2018 184 2052 in
211 2030 282 2065 quo
309 2018 422 2064 aliqua
449 2017 647 2052 similitudo
674 2017 751 2052 eius
778 2017 971 2052 invenitur:
993 2016 1083 2051 sicut
1110 2015 1237 2061 aliquis
1257 2026 1332 2049 non
1360 2014 1485 2049 videns
1505 2025 1571 2049 so-

144 2077 217 2112 lem
244 2077 279 2111 in
308 2088 370 2112 sua
396 2076 594 2111 substantia
622 2076 811 2122 cognoscit
840 2077 957 2122 ipsum
985 2076 1024 2110 in
1051 2086 1113 2109 sua
1140 2074 1383 2109 irradiatione.
1411 2073 1469 2109 Sic
1497 2072 1566 2120 igi-

146 2145 203 2171 tur
228 2135 420 2171 dicendum
448 2144 512 2177 est,
543 2134 638 2182 quod
666 2135 785 2181 legem
812 2144 995 2169 aeternam
1022 2133 1142 2168 nullus
1170 2143 1395 2180 cognoscere
1435 2140 1569 2179 potest,

146 2195 321 2230 secundum
349 2195 434 2241 quod
459 2195 495 2228 in
521 2196 627 2241 seipsa
654 2200 709 2235 est,
736 2195 803 2228 nisi
831 2194 928 2228 solus
957 2195 1054 2229 Deus
1083 2202 1115 2228 et
1148 2192 1257 2235 beati,
1287 2192 1347 2239 qui
1364 2193 1484 2227 Deum
1503 2202 1568 2238 per

145 2254 338 2289 essentiam
366 2253 496 2288 vident.
525 2253 594 2288 Sed
635 2254 756 2287 omnis
796 2262 960 2287 creatura
1003 2251 1190 2286 rationalis
1217 2251 1333 2297 ipsam
1373 2249 1566 2295 cognoscit

145 2313 343 2347 secundum
368 2313 526 2359 aliquam
554 2313 628 2347 eius
659 2312 932 2346 irradiationem
959 2312 1017 2346 vel
1044 2311 1222 2345 maiorem
1249 2309 1306 2345 vel
1333 2309 1525 2344 minorem.
1549 2322 1566 2340 ²·

146 2373 237 2407 Item
264 2373 404 2415 Suara,
433 2371 475 2406 de
502 2372 570 2417 leg.
598 2371 621 2406 l.
649 2372 690 2406 II.
720 2371 755 2405 in
783 2371 976 2417 prooemio
1005 2371 1065 2413 ait,
1093 2369 1190 2416 quod
1221 2369 1311 2404 «lex
1337 2378 1482 2404 aeterna
1508 2379 1568 2402 re-

146 2439 270 2475 spectu
297 2430 488 2465 hominum
516 2442 588 2465 non
616 2430 664 2465 ita
691 2429 891 2476 applicatur
919 2440 983 2476 per
1011 2429 1168 2475 seipsam
1196 2428 1240 2462 ad
1267 2430 1374 2462 usum
1401 2438 1464 2461 seu
1490 2437 1571 2461 mu-

146 2499 213 2523 nus
252 2488 353 2534 legis,
380 2489 471 2523 sicut
514 2489 650 2523 aliae.»
691 2488 802 2531 Quod
829 2489 935 2534 paulo
974 2497 1055 2534 post
1094 2487 1207 2522 fusius
1247 2485 1397 2532 exponit
1423 2495 1501 2531 cap.
1530 2493 1568 2526 4.

149 2558 248 2582 num.
274 2559 320 2594 9.‚
350 2556 383 2582 et
411 2548 521 2581 modo
549 2559 633 2582 sane
660 2547 860 2593 praeclaro.

1698 0 1723 124 ..ἓξὲξ-’ῥ’
