<?xml version="1.0" encoding="UTF-8"?>
<!DOCTYPE html PUBLIC "-//W3C//DTD XHTML 1.0 Transitional//EN"
    "http://www.w3.org/TR/xhtml1/DTD/xhtml1-transitional.dtd">
<html xmlns="http://www.w3.org/1999/xhtml" xml:lang="en" lang="en">
 <head>
  <title>
</title>
<meta http-equiv="Content-Type" content="text/html;charset=utf-8" />
  <meta name='ocr-system' content='tesseract 3.04.00' />
  <meta name='ocr-capabilities' content='ocr_page ocr_carea ocr_par ocr_line ocrx_word'/>
</head>
<body>
  <div class='ocr_page' id='page_1' title='image "./institutionesphi01ferr_0376.png"; bbox 0 0 1734 2784; ppageno 0'>
   <div class='ocr_carea' id='block_1_1' title="bbox 748 126 1009 179">
    <p class='ocr_par' dir='ltr' id='par_1_1' title="bbox 748 126 1009 179">
     <span class='ocr_line' id='line_1_1' title="bbox 748 126 1009 179; baseline -0.011 1"><span class='ocrx_word' id='word_1_1' title='bbox 748 126 1009 179; x_wconf 81' lang='lat'>-356—</span> 
     </span>
    </p>
   </div>
   <div class='ocr_carea' id='block_1_2' title="bbox 166 217 1603 2406">
    <p class='ocr_par' dir='ltr' id='par_1_2' title="bbox 169 217 1603 701">
     <span class='ocr_line' id='line_1_2' title="bbox 169 217 1590 277; baseline -0.001 -13"><span class='ocrx_word' id='word_1_2' title='bbox 169 234 261 264; x_wconf 88' lang='lat' dir='ltr'>tum</span> <span class='ocrx_word' id='word_1_3' title='bbox 297 220 485 270; x_wconf 77' lang='lat' dir='ltr'>incurrit,</span> <span class='ocrx_word' id='word_1_4' title='bbox 522 231 565 260; x_wconf 91' lang='lat' dir='ltr'>ut</span> <span class='ocrx_word' id='word_1_5' title='bbox 597 230 711 275; x_wconf 83' lang='lat' dir='ltr'>patet</span> <span class='ocrx_word' id='word_1_6' title='bbox 745 217 787 260; x_wconf 89' lang='lat' dir='ltr'>in</span> <span class='ocrx_word' id='word_1_7' title='bbox 823 217 916 260; x_wconf 86' lang='lat' dir='ltr'>cibo</span> <span class='ocrx_word' id='word_1_8' title='bbox 966 217 1202 260; x_wconf 84' lang='lat' dir='ltr'>inordinate</span> <span class='ocrx_word' id='word_1_9' title='bbox 1247 231 1483 276; x_wconf 84' lang='lat' dir='ltr'>assumpto,</span> <span class='ocrx_word' id='word_1_10' title='bbox 1518 220 1590 277; x_wconf 88' lang='lat' dir='ltr'>qui</span> 
     </span>
     <span class='ocr_line' id='line_1_3' title="bbox 169 287 1588 346; baseline -0.003 -10"><span class='ocrx_word' id='word_1_11' title='bbox 169 310 255 336; x_wconf 84' lang='lat' dir='ltr'>non</span> <span class='ocrx_word' id='word_1_12' title='bbox 289 292 430 334; x_wconf 87' lang='lat' dir='ltr'>solum</span> <span class='ocrx_word' id='word_1_13' title='bbox 464 290 686 332; x_wconf 80' lang='lat' dir='ltr'>sanitatem</span> <span class='ocrx_word' id='word_1_14' title='bbox 721 304 807 332; x_wconf 90' lang='lat' dir='ltr'>non</span> <span class='ocrx_word' id='word_1_15' title='bbox 840 287 971 344; x_wconf 84' lang='lat' dir='ltr'>affert,</span> <span class='ocrx_word' id='word_1_16' title='bbox 1004 288 1079 331; x_wconf 83' lang='lat' dir='ltr'>sed</span> <span class='ocrx_word' id='word_1_17' title='bbox 1112 289 1239 331; x_wconf 83' lang='lat' dir='ltr'>etiam</span> <span class='ocrx_word' id='word_1_18' title='bbox 1274 289 1588 346; x_wconf 80' lang='lat' dir='ltr'>aegritudinem</span> 
     </span>
     <span class='ocr_line' id='line_1_4' title="bbox 170 358 1591 415; baseline -0.002 -8"><span class='ocrx_word' id='word_1_19' title='bbox 170 363 344 407; x_wconf 79' lang='lat' dir='ltr'>inducit.</span> <span class='ocrx_word' id='word_1_20' title='bbox 380 361 471 413; x_wconf 83' lang='lat' dir='ltr'>Qui</span> <span class='ocrx_word' id='word_1_21' title='bbox 504 372 646 402; x_wconf 85' lang='lat' dir='ltr'>autem</span> <span class='ocrx_word' id='word_1_22' title='bbox 681 359 721 401; x_wconf 91' lang='lat' dir='ltr'>in</span> <span class='ocrx_word' id='word_1_23' title='bbox 757 358 881 402; x_wconf 87' lang='lat' dir='ltr'>rebus</span> <span class='ocrx_word' id='word_1_24' title='bbox 917 359 1063 402; x_wconf 87' lang='lat' dir='ltr'>creatis</span> <span class='ocrx_word' id='word_1_25' title='bbox 1098 358 1225 402; x_wconf 88' lang='lat' dir='ltr'>finem</span> <span class='ocrx_word' id='word_1_26' title='bbox 1260 361 1496 415; x_wconf 89' lang='lat' dir='ltr'>constituit,</span> <span class='ocrx_word' id='word_1_27' title='bbox 1529 362 1591 404; x_wconf 88' lang='lat' dir='ltr'>eis</span> 
     </span>
     <span class='ocr_line' id='line_1_5' title="bbox 169 428 1590 487; baseline -0.002 -9"><span class='ocrx_word' id='word_1_28' title='bbox 169 450 256 478; x_wconf 85' lang='lat' dir='ltr'>non</span> <span class='ocrx_word' id='word_1_29' title='bbox 289 434 420 475; x_wconf 86' lang='lat' dir='ltr'>utitur</span> <span class='ocrx_word' id='word_1_30' title='bbox 454 428 690 473; x_wconf 83' lang='lat' dir='ltr'>secundum</span> <span class='ocrx_word' id='word_1_31' title='bbox 734 430 850 487; x_wconf 92' lang='lat' dir='ltr'>quod</span> <span class='ocrx_word' id='word_1_32' title='bbox 899 429 1034 483; x_wconf 85' lang='lat' dir='ltr'>debet,</span> <span class='ocrx_word' id='word_1_33' title='bbox 1077 429 1298 473; x_wconf 84' lang='lat' dir='ltr'>referendo</span> <span class='ocrx_word' id='word_1_34' title='bbox 1348 431 1506 475; x_wconf 82' lang='lat' dir='ltr'>scilicet</span> <span class='ocrx_word' id='word_1_35' title='bbox 1539 431 1590 475; x_wconf 84' lang='lat' dir='ltr'>ad</span> 
     </span>
     <span class='ocr_line' id='line_1_6' title="bbox 172 500 1591 560; baseline -0.002 -11"><span class='ocrx_word' id='word_1_36' title='bbox 172 506 372 549; x_wconf 90' lang='lat' dir='ltr'>ultimum</span> <span class='ocrx_word' id='word_1_37' title='bbox 408 501 549 544; x_wconf 79' lang='lat' dir='ltr'>finem.</span> <span class='ocrx_word' id='word_1_38' title='bbox 585 502 685 545; x_wconf 92' lang='lat' dir='ltr'>Non</span> <span class='ocrx_word' id='word_1_39' title='bbox 720 517 822 558; x_wconf 86' lang='lat' dir='ltr'>ergo</span> <span class='ocrx_word' id='word_1_40' title='bbox 857 500 998 544; x_wconf 88' lang='lat' dir='ltr'>solum</span> <span class='ocrx_word' id='word_1_41' title='bbox 1034 501 1155 544; x_wconf 88' lang='lat' dir='ltr'>debet</span> <span class='ocrx_word' id='word_1_42' title='bbox 1201 502 1342 559; x_wconf 90' lang='lat' dir='ltr'>puniri</span> <span class='ocrx_word' id='word_1_43' title='bbox 1387 518 1459 560; x_wconf 87' lang='lat' dir='ltr'>per</span> <span class='ocrx_word' id='word_1_44' title='bbox 1494 502 1591 560; x_wconf 87' lang='lat' dir='ltr'>hoc,</span> 
     </span>
     <span class='ocr_line' id='line_1_7' title="bbox 171 571 1591 634; baseline -0.001 -15"><span class='ocrx_word' id='word_1_45' title='bbox 171 575 287 634; x_wconf 86' lang='lat' dir='ltr'>quod</span> <span class='ocrx_word' id='word_1_46' title='bbox 318 571 576 616; x_wconf 75' lang='lat' dir='ltr'>beatitudine</span> <span class='ocrx_word' id='word_1_47' title='bbox 610 583 758 627; x_wconf 86' lang='lat' dir='ltr'>careat,</span> <span class='ocrx_word' id='word_1_48' title='bbox 792 571 865 614; x_wconf 87' lang='lat' dir='ltr'>sed</span> <span class='ocrx_word' id='word_1_49' title='bbox 900 573 1026 615; x_wconf 89' lang='lat' dir='ltr'>etiam</span> <span class='ocrx_word' id='word_1_50' title='bbox 1052 588 1125 629; x_wconf 88' lang='lat' dir='ltr'>per</span> <span class='ocrx_word' id='word_1_51' title='bbox 1148 572 1247 625; x_wconf 88' lang='lat' dir='ltr'>hoc,</span> <span class='ocrx_word' id='word_1_52' title='bbox 1277 572 1392 630; x_wconf 86' lang='lat' dir='ltr'>quod</span> <span class='ocrx_word' id='word_1_53' title='bbox 1417 572 1591 632; x_wconf 88' lang='lat' dir='ltr'>aliquod</span> 
     </span>
     <span class='ocr_line' id='line_1_8' title="bbox 169 642 1603 701; baseline -0.003 -12"><span class='ocrx_word' id='word_1_54' title='bbox 169 657 481 691; x_wconf 80' lang='lat' dir='ltr'>nocumentum</span> <span class='ocrx_word' id='word_1_55' title='bbox 515 642 561 685; x_wconf 86' lang='lat' dir='ltr'>ab</span> <span class='ocrx_word' id='word_1_56' title='bbox 596 642 698 701; x_wconf 86' lang='lat' dir='ltr'>ipsis</span> <span class='ocrx_word' id='word_1_57' title='bbox 733 643 987 700; x_wconf 83' lang='lat' dir='ltr'>experiatur.</span> <span class='ocrx_word' id='word_1_58' title='bbox 1600 691 1603 694; x_wconf 37' lang='lat'>‚</span> 
     </span>
    </p>

    <p class='ocr_par' dir='ltr' id='par_1_3' title="bbox 169 714 1592 1131">
     <span class='ocr_line' id='line_1_9' title="bbox 289 714 1592 772; baseline -0.001 -13"><span class='ocrx_word' id='word_1_59' title='bbox 289 718 519 767; x_wconf 62' lang='lat' dir='ltr'>Praeterea,</span> <span class='ocrx_word' id='word_1_60' title='bbox 556 714 663 757; x_wconf 90' lang='lat' dir='ltr'>sicut</span> <span class='ocrx_word' id='word_1_61' title='bbox 707 727 819 757; x_wconf 85' lang='lat' dir='ltr'>recte</span> <span class='ocrx_word' id='word_1_62' title='bbox 863 714 1085 772; x_wconf 82' lang='lat' dir='ltr'>agentibus</span> <span class='ocrx_word' id='word_1_63' title='bbox 1125 714 1332 758; x_wconf 87' lang='lat' dir='ltr'>debentur</span> <span class='ocrx_word' id='word_1_64' title='bbox 1379 716 1502 769; x_wconf 86' lang='lat' dir='ltr'>bona,</span> <span class='ocrx_word' id='word_1_65' title='bbox 1535 717 1592 758; x_wconf 84' lang='lat' dir='ltr'>ita</span> 
     </span>
     <span class='ocr_line' id='line_1_10' title="bbox 171 784 1592 848; baseline -0.001 -16"><span class='ocrx_word' id='word_1_66' title='bbox 171 804 368 848; x_wconf 87' lang='lat' dir='ltr'>perverse</span> <span class='ocrx_word' id='word_1_67' title='bbox 415 785 639 843; x_wconf 76' lang='lat' dir='ltr'>agentibus</span> <span class='ocrx_word' id='word_1_68' title='bbox 688 784 896 829; x_wconf 88' lang='lat' dir='ltr'>debentur</span> <span class='ocrx_word' id='word_1_69' title='bbox 944 785 1066 830; x_wconf 84' lang='lat' dir='ltr'>mala.</span> <span class='ocrx_word' id='word_1_70' title='bbox 1117 785 1200 830; x_wconf 80' lang='lat' dir='ltr'>Sed</span> <span class='ocrx_word' id='word_1_71' title='bbox 1247 786 1320 844; x_wconf 84' lang='lat' dir='ltr'>illi,</span> <span class='ocrx_word' id='word_1_72' title='bbox 1363 788 1433 845; x_wconf 87' lang='lat' dir='ltr'>qui</span> <span class='ocrx_word' id='word_1_73' title='bbox 1479 799 1592 830; x_wconf 82' lang='lat' dir='ltr'>recte</span> 
     </span>
     <span class='ocr_line' id='line_1_11' title="bbox 169 857 1591 918; baseline -0.001 -14"><span class='ocrx_word' id='word_1_74' title='bbox 169 874 313 918; x_wconf 87' lang='lat' dir='ltr'>agunt,</span> <span class='ocrx_word' id='word_1_75' title='bbox 345 860 387 902; x_wconf 95' lang='lat' dir='ltr'>in</span> <span class='ocrx_word' id='word_1_76' title='bbox 420 858 502 901; x_wconf 85' lang='lat' dir='ltr'>fine</span> <span class='ocrx_word' id='word_1_77' title='bbox 536 857 585 901; x_wconf 83' lang='lat' dir='ltr'>ab</span> <span class='ocrx_word' id='word_1_78' title='bbox 619 858 678 900; x_wconf 90' lang='lat' dir='ltr'>eis</span> <span class='ocrx_word' id='word_1_79' title='bbox 711 859 876 901; x_wconf 88' lang='lat' dir='ltr'>intento</span> <span class='ocrx_word' id='word_1_80' title='bbox 920 859 1162 916; x_wconf 89' lang='lat' dir='ltr'>percipiunt</span> <span class='ocrx_word' id='word_1_81' title='bbox 1210 859 1517 916; x_wconf 79' lang='lat' dir='ltr'>perfectionem</span> <span class='ocrx_word' id='word_1_82' title='bbox 1550 871 1591 903; x_wconf 86' lang='lat' dir='ltr'>et</span> 
     </span>
     <span class='ocr_line' id='line_1_12' title="bbox 169 928 1591 990; baseline -0.001 -15"><span class='ocrx_word' id='word_1_83' title='bbox 169 932 387 990; x_wconf 86' lang='lat' dir='ltr'>gaudium.</span> <span class='ocrx_word' id='word_1_84' title='bbox 425 934 459 974; x_wconf 88' lang='lat' dir='ltr'>E</span> <span class='ocrx_word' id='word_1_85' title='bbox 497 930 710 972; x_wconf 84' lang='lat' dir='ltr'>contrario</span> <span class='ocrx_word' id='word_1_86' title='bbox 746 944 848 986; x_wconf 88' lang='lat' dir='ltr'>ergo</span> <span class='ocrx_word' id='word_1_87' title='bbox 883 928 1059 972; x_wconf 88' lang='lat' dir='ltr'>debetur</span> <span class='ocrx_word' id='word_1_88' title='bbox 1097 929 1199 972; x_wconf 88' lang='lat' dir='ltr'>haec</span> <span class='ocrx_word' id='word_1_89' title='bbox 1243 946 1378 987; x_wconf 85' lang='lat' dir='ltr'>poena</span> <span class='ocrx_word' id='word_1_90' title='bbox 1412 946 1591 988; x_wconf 85' lang='lat' dir='ltr'>peccan-</span> 
     </span>
     <span class='ocr_line' id='line_1_13' title="bbox 169 998 1590 1059; baseline -0.003 -13"><span class='ocrx_word' id='word_1_91' title='bbox 169 1002 295 1059; x_wconf 81' lang='lat' dir='ltr'>tibuS,</span> <span class='ocrx_word' id='word_1_92' title='bbox 328 1014 374 1044; x_wconf 90' lang='lat' dir='ltr'>ut</span> <span class='ocrx_word' id='word_1_93' title='bbox 407 1017 456 1043; x_wconf 80' lang='lat' dir='ltr'>ex</span> <span class='ocrx_word' id='word_1_94' title='bbox 490 1000 576 1052; x_wconf 88' lang='lat' dir='ltr'>his,</span> <span class='ocrx_word' id='word_1_95' title='bbox 612 1000 652 1041; x_wconf 90' lang='lat' dir='ltr'>in</span> <span class='ocrx_word' id='word_1_96' title='bbox 677 998 830 1057; x_wconf 87' lang='lat' dir='ltr'>quibus</span> <span class='ocrx_word' id='word_1_97' title='bbox 855 998 983 1042; x_wconf 88' lang='lat' dir='ltr'>finem</span> <span class='ocrx_word' id='word_1_98' title='bbox 1009 1000 1292 1056; x_wconf 85' lang='lat' dir='ltr'>constituunt,</span> <span class='ocrx_word' id='word_1_99' title='bbox 1316 999 1590 1044; x_wconf 85' lang='lat' dir='ltr'>afflictionem</span> 
     </span>
     <span class='ocr_line' id='line_1_14' title="bbox 170 1073 866 1131; baseline -0.013 -14"><span class='ocrx_word' id='word_1_100' title='bbox 170 1073 375 1131; x_wconf 84' lang='lat' dir='ltr'>accipiant</span> <span class='ocrx_word' id='word_1_101' title='bbox 409 1085 448 1115; x_wconf 89' lang='lat' dir='ltr'>et</span> <span class='ocrx_word' id='word_1_102' title='bbox 482 1083 810 1114; x_wconf 85' lang='lat' dir='ltr'>nocumentum.</span> <span class='ocrx_word' id='word_1_103' title='bbox 844 1089 866 1109; x_wconf 84' lang='lat'>»</span> 
     </span>
    </p>

    <p class='ocr_par' dir='ltr' id='par_1_4' title="bbox 166 1141 1592 1626">
     <span class='ocr_line' id='line_1_15' title="bbox 295 1141 1592 1200; baseline 0 -15"><span class='ocrx_word' id='word_1_104' title='bbox 295 1157 388 1198; x_wconf 81' lang='lat'>133.</span> <span class='ocrx_word' id='word_1_105' title='bbox 423 1144 668 1186; x_wconf 73' lang='lat' dir='ltr'>SenoLroN.</span> <span class='ocrx_word' id='word_1_106' title='bbox 710 1141 858 1198; x_wconf 89' lang='lat' dir='ltr'>Itaque</span> <span class='ocrx_word' id='word_1_107' title='bbox 901 1156 987 1184; x_wconf 91' lang='lat' dir='ltr'>non</span> <span class='ocrx_word' id='word_1_108' title='bbox 1030 1142 1153 1184; x_wconf 88' lang='lat' dir='ltr'>unica</span> <span class='ocrx_word' id='word_1_109' title='bbox 1205 1154 1267 1185; x_wconf 90' lang='lat' dir='ltr'>est</span> <span class='ocrx_word' id='word_1_110' title='bbox 1311 1158 1477 1198; x_wconf 88' lang='lat' dir='ltr'>poena,</span> <span class='ocrx_word' id='word_1_111' title='bbox 1510 1157 1592 1200; x_wconf 81' lang='lat' dir='ltr'>qua</span> 
     </span>
     <span class='ocr_line' id='line_1_16' title="bbox 169 1210 1589 1270; baseline -0.001 -13"><span class='ocrx_word' id='word_1_112' title='bbox 169 1213 403 1258; x_wconf 84' lang='lat' dir='ltr'>afficientur</span> <span class='ocrx_word' id='word_1_113' title='bbox 452 1213 589 1270; x_wconf 88' lang='lat' dir='ltr'>impii,</span> <span class='ocrx_word' id='word_1_114' title='bbox 637 1212 709 1269; x_wconf 90' lang='lat' dir='ltr'>qui</span> <span class='ocrx_word' id='word_1_115' title='bbox 743 1228 793 1254; x_wconf 83' lang='lat' dir='ltr'>ex</span> <span class='ocrx_word' id='word_1_116' title='bbox 842 1210 924 1254; x_wconf 89' lang='lat' dir='ltr'>hoc</span> <span class='ocrx_word' id='word_1_117' title='bbox 973 1212 1064 1254; x_wconf 88' lang='lat' dir='ltr'>viae</span> <span class='ocrx_word' id='word_1_118' title='bbox 1103 1223 1212 1254; x_wconf 86' lang='lat' dir='ltr'>statu</span> <span class='ocrx_word' id='word_1_119' title='bbox 1262 1212 1485 1255; x_wconf 88' lang='lat' dir='ltr'>discedunt</span> <span class='ocrx_word' id='word_1_120' title='bbox 1531 1213 1589 1256; x_wconf 90' lang='lat' dir='ltr'>rei</span> 
     </span>
     <span class='ocr_line' id='line_1_17' title="bbox 168 1282 1588 1343; baseline -0.001 -15"><span class='ocrx_word' id='word_1_121' title='bbox 168 1286 364 1343; x_wconf 78' lang='lat' dir='ltr'>gravium</span> <span class='ocrx_word' id='word_1_122' title='bbox 397 1284 680 1327; x_wconf 80' lang='lat' dir='ltr'>violationum</span> <span class='ocrx_word' id='word_1_123' title='bbox 714 1282 823 1339; x_wconf 84' lang='lat' dir='ltr'>legis</span> <span class='ocrx_word' id='word_1_124' title='bbox 873 1282 1086 1326; x_wconf 84' lang='lat' dir='ltr'>naturalis.</span> <span class='ocrx_word' id='word_1_125' title='bbox 1119 1284 1370 1336; x_wconf 80' lang='lat' dir='ltr'>«Quamvis</span> <span class='ocrx_word' id='word_1_126' title='bbox 1414 1296 1588 1337; x_wconf 86' lang='lat' dir='ltr'>autem,</span> 
     </span>
     <span class='ocr_line' id='line_1_18' title="bbox 170 1353 1591 1413; baseline 0 -15"><span class='ocrx_word' id='word_1_127' title='bbox 170 1358 224 1399; x_wconf 88' lang='lat' dir='ltr'>ait</span> <span class='ocrx_word' id='word_1_128' title='bbox 258 1358 415 1400; x_wconf 81' lang='lat' dir='ltr'>Suarez</span> <span class='ocrx_word' id='word_1_129' title='bbox 449 1355 534 1413; x_wconf 85' lang='lat'>(1),</span> <span class='ocrx_word' id='word_1_130' title='bbox 569 1353 874 1412; x_wconf 81' lang='lat' dir='ltr'>multiplicibus</span> <span class='ocrx_word' id='word_1_131' title='bbox 922 1355 1071 1411; x_wconf 88' lang='lat' dir='ltr'>poenis</span> <span class='ocrx_word' id='word_1_132' title='bbox 1120 1354 1352 1397; x_wconf 83' lang='lat' dir='ltr'>afficiantur</span> <span class='ocrx_word' id='word_1_133' title='bbox 1378 1391 1388 1407; x_wconf 90' lang='lat'>,</span> <span class='ocrx_word' id='word_1_134' title='bbox 1438 1370 1591 1398; x_wconf 85' lang='lat' dir='ltr'>omnes</span> 
     </span>
     <span class='ocr_line' id='line_1_19' title="bbox 169 1424 1591 1482; baseline -0.002 -11"><span class='ocrx_word' id='word_1_135' title='bbox 169 1441 311 1471; x_wconf 89' lang='lat' dir='ltr'>tamen</span> <span class='ocrx_word' id='word_1_136' title='bbox 349 1427 399 1470; x_wconf 83' lang='lat' dir='ltr'>ad</span> <span class='ocrx_word' id='word_1_137' title='bbox 448 1427 550 1470; x_wconf 85' lang='lat' dir='ltr'>duas</span> <span class='ocrx_word' id='word_1_138' title='bbox 600 1424 890 1478; x_wconf 88' lang='lat' dir='ltr'>reducuntur,</span> <span class='ocrx_word' id='word_1_139' title='bbox 924 1425 1081 1467; x_wconf 82' lang='lat' dir='ltr'>scilicet</span> <span class='ocrx_word' id='word_1_140' title='bbox 1131 1441 1313 1482; x_wconf 85' lang='lat' dir='ltr'>poenam</span> <span class='ocrx_word' id='word_1_141' title='bbox 1361 1425 1505 1468; x_wconf 75' lang='lat' dir='ltr'>damni</span> <span class='ocrx_word' id='word_1_142' title='bbox 1551 1439 1591 1468; x_wconf 89' lang='lat' dir='ltr'>et</span> 
     </span>
     <span class='ocr_line' id='line_1_20' title="bbox 166 1489 1592 1553; baseline -0.003 -11"><span class='ocrx_word' id='word_1_143' title='bbox 166 1514 313 1542; x_wconf 73' lang='lat' dir='ltr'>sensus.</span> <span class='ocrx_word' id='word_1_144' title='bbox 336 1515 355 1537; x_wconf 66' lang='lat'>&gt;³</span> <span class='ocrx_word' id='word_1_145' title='bbox 385 1500 441 1541; x_wconf 87' lang='lat' dir='ltr'>At</span> <span class='ocrx_word' id='word_1_146' title='bbox 473 1512 562 1540; x_wconf 89' lang='lat' dir='ltr'>non</span> <span class='ocrx_word' id='word_1_147' title='bbox 594 1495 748 1539; x_wconf 91' lang='lat' dir='ltr'>eodem</span> <span class='ocrx_word' id='word_1_148' title='bbox 784 1510 935 1538; x_wconf 84' lang='lat' dir='ltr'>omnes</span> <span class='ocrx_word' id='word_1_149' title='bbox 970 1495 1102 1539; x_wconf 88' lang='lat' dir='ltr'>modo</span> <span class='ocrx_word' id='word_1_150' title='bbox 1148 1489 1391 1553; x_wconf 86' lang='lat' dir='ltr'>intelligunt</span> <span class='ocrx_word' id='word_1_151' title='bbox 1435 1496 1592 1539; x_wconf 91' lang='lat' dir='ltr'>distin-</span> 
     </span>
     <span class='ocr_line' id='line_1_21' title="bbox 169 1566 1511 1626; baseline -0.004 -12"><span class='ocrx_word' id='word_1_152' title='bbox 169 1572 355 1614; x_wconf 88' lang='lat' dir='ltr'>ctionem</span> <span class='ocrx_word' id='word_1_153' title='bbox 388 1569 495 1612; x_wconf 89' lang='lat' dir='ltr'>hanc</span> <span class='ocrx_word' id='word_1_154' title='bbox 529 1582 766 1626; x_wconf 88' lang='lat' dir='ltr'>poenarum</span> <span class='ocrx_word' id='word_1_155' title='bbox 801 1567 844 1609; x_wconf 86' lang='lat' dir='ltr'>in</span> <span class='ocrx_word' id='word_1_156' title='bbox 879 1582 1061 1624; x_wconf 84' lang='lat' dir='ltr'>poenam</span> <span class='ocrx_word' id='word_1_157' title='bbox 1097 1566 1240 1610; x_wconf 86' lang='lat' dir='ltr'>damni</span> <span class='ocrx_word' id='word_1_158' title='bbox 1275 1579 1314 1610; x_wconf 89' lang='lat' dir='ltr'>et</span> <span class='ocrx_word' id='word_1_159' title='bbox 1349 1582 1511 1610; x_wconf 92' lang='lat' dir='ltr'>sensus.</span> 
     </span>
    </p>

    <p class='ocr_par' dir='ltr' id='par_1_5' title="bbox 168 1636 1591 2406">
     <span class='ocr_line' id='line_1_22' title="bbox 286 1636 1589 1698; baseline -0.003 -15"><span class='ocrx_word' id='word_1_160' title='bbox 286 1641 349 1683; x_wconf 86' lang='lat' dir='ltr'>En</span> <span class='ocrx_word' id='word_1_161' title='bbox 373 1637 597 1698; x_wconf 87' lang='lat' dir='ltr'>quomodo</span> <span class='ocrx_word' id='word_1_162' title='bbox 622 1653 715 1680; x_wconf 89' lang='lat' dir='ltr'>eam</span> <span class='ocrx_word' id='word_1_163' title='bbox 739 1636 916 1694; x_wconf 81' lang='lat' dir='ltr'>explicat</span> <span class='ocrx_word' id='word_1_164' title='bbox 936 1636 1105 1679; x_wconf 81' lang='lat' dir='ltr'>Gabriel</span> <span class='ocrx_word' id='word_1_165' title='bbox 1126 1638 1323 1694; x_wconf 78' lang='lat' dir='ltr'>Vasquez</span> <span class='ocrx_word' id='word_1_166' title='bbox 1342 1636 1425 1695; x_wconf 81' lang='lat'><strong>(2):</strong></span> <span class='ocrx_word' id='word_1_167' title='bbox 1454 1654 1474 1677; x_wconf 84' lang='lat'>«</span> <span class='ocrx_word' id='word_1_168' title='bbox 1497 1637 1589 1680; x_wconf 91' lang='lat' dir='ltr'>No-</span> 
     </span>
     <span class='ocr_line' id='line_1_23' title="bbox 169 1706 1591 1766; baseline -0.002 -13"><span class='ocrx_word' id='word_1_169' title='bbox 169 1711 346 1754; x_wconf 88' lang='lat' dir='ltr'>tandum</span> <span class='ocrx_word' id='word_1_170' title='bbox 370 1724 432 1754; x_wconf 87' lang='lat' dir='ltr'>est</span> <span class='ocrx_word' id='word_1_171' title='bbox 455 1725 632 1754; x_wconf 89' lang='lat' dir='ltr'>omnem</span> <span class='ocrx_word' id='word_1_172' title='bbox 665 1723 849 1766; x_wconf 85' lang='lat' dir='ltr'>poenam</span> <span class='ocrx_word' id='word_1_173' title='bbox 883 1723 975 1751; x_wconf 88' lang='lat' dir='ltr'>esse</span> <span class='ocrx_word' id='word_1_174' title='bbox 1009 1706 1185 1764; x_wconf 79' lang='lat' dir='ltr'>malum,</span> <span class='ocrx_word' id='word_1_175' title='bbox 1220 1720 1259 1750; x_wconf 89' lang='lat' dir='ltr'>et</span> <span class='ocrx_word' id='word_1_176' title='bbox 1292 1707 1507 1750; x_wconf 87' lang='lat' dir='ltr'>interdum</span> <span class='ocrx_word' id='word_1_177' title='bbox 1539 1723 1591 1750; x_wconf 84' lang='lat' dir='ltr'>ex</span> 
     </span>
     <span class='ocr_line' id='line_1_24' title="bbox 170 1779 1590 1840; baseline -0.001 -16"><span class='ocrx_word' id='word_1_178' title='bbox 170 1782 282 1826; x_wconf 83' lang='lat' dir='ltr'>malo</span> <span class='ocrx_word' id='word_1_179' title='bbox 306 1781 449 1840; x_wconf 90' lang='lat' dir='ltr'>aliquo</span> <span class='ocrx_word' id='word_1_180' title='bbox 473 1781 710 1839; x_wconf 87' lang='lat' dir='ltr'>provenire.</span> <span class='ocrx_word' id='word_1_181' title='bbox 730 1779 967 1836; x_wconf 88' lang='lat' dir='ltr'>Dupliciter</span> <span class='ocrx_word' id='word_1_182' title='bbox 985 1791 1128 1822; x_wconf 88' lang='lat' dir='ltr'>autem</span> <span class='ocrx_word' id='word_1_183' title='bbox 1151 1779 1309 1836; x_wconf 88' lang='lat' dir='ltr'>aliquid</span> <span class='ocrx_word' id='word_1_184' title='bbox 1334 1791 1474 1836; x_wconf 85' lang='lat' dir='ltr'>potest</span> <span class='ocrx_word' id='word_1_185' title='bbox 1497 1794 1590 1822; x_wconf 86' lang='lat' dir='ltr'>esse</span> 
     </span>
     <span class='ocr_line' id='line_1_25' title="bbox 170 1848 1590 1907; baseline -0.004 -11"><span class='ocrx_word' id='word_1_186' title='bbox 170 1853 331 1896; x_wconf 87' lang='lat' dir='ltr'>malum</span> <span class='ocrx_word' id='word_1_187' title='bbox 365 1853 554 1896; x_wconf 88' lang='lat' dir='ltr'>alicuius.</span> <span class='ocrx_word' id='word_1_188' title='bbox 589 1853 799 1907; x_wconf 87' lang='lat' dir='ltr'>Primum,</span> <span class='ocrx_word' id='word_1_189' title='bbox 833 1851 968 1907; x_wconf 86' lang='lat' dir='ltr'>reipsa</span> <span class='ocrx_word' id='word_1_190' title='bbox 992 1849 1150 1906; x_wconf 83' lang='lat' dir='ltr'>absque</span> <span class='ocrx_word' id='word_1_191' title='bbox 1174 1848 1255 1891; x_wconf 89' lang='lat' dir='ltr'>ulla</span> <span class='ocrx_word' id='word_1_192' title='bbox 1279 1850 1526 1905; x_wconf 78' lang='lat' dir='ltr'>cognitione</span> <span class='ocrx_word' id='word_1_193' title='bbox 1549 1860 1590 1891; x_wconf 89' lang='lat' dir='ltr'>et</span> 
     </span>
     <span class='ocr_line' id='line_1_26' title="bbox 169 1918 1590 1981; baseline -0.003 -15"><span class='ocrx_word' id='word_1_194' title='bbox 169 1924 350 1977; x_wconf 85' lang='lat' dir='ltr'>tristitia,</span> <span class='ocrx_word' id='word_1_195' title='bbox 385 1939 490 1981; x_wconf 84' lang='lat' dir='ltr'>quae</span> <span class='ocrx_word' id='word_1_196' title='bbox 518 1939 568 1966; x_wconf 78' lang='lat' dir='ltr'>ex</span> <span class='ocrx_word' id='word_1_197' title='bbox 592 1922 837 1979; x_wconf 87' lang='lat' dir='ltr'>cognitione</span> <span class='ocrx_word' id='word_1_198' title='bbox 872 1921 1046 1964; x_wconf 79' lang='lat' dir='ltr'>oriatur:</span> <span class='ocrx_word' id='word_1_199' title='bbox 1081 1932 1120 1963; x_wconf 86' lang='lat' dir='ltr'>et</span> <span class='ocrx_word' id='word_1_200' title='bbox 1154 1919 1235 1962; x_wconf 90' lang='lat' dir='ltr'>hoc</span> <span class='ocrx_word' id='word_1_201' title='bbox 1269 1919 1430 1962; x_wconf 88' lang='lat' dir='ltr'>malum</span> <span class='ocrx_word' id='word_1_202' title='bbox 1466 1918 1590 1963; x_wconf 85' lang='lat' dir='ltr'>habet</span> 
     </span>
     <span class='ocr_line' id='line_1_27' title="bbox 168 1992 1588 2048; baseline -0.004 -10"><span class='ocrx_word' id='word_1_203' title='bbox 168 1995 368 2038; x_wconf 73' lang='lat' dir='ltr'>rationem</span> <span class='ocrx_word' id='word_1_204' title='bbox 390 1995 532 2037; x_wconf 75' lang='lat' dir='ltr'>damni</span> <span class='ocrx_word' id='word_1_205' title='bbox 553 1994 659 2047; x_wconf 83' lang='lat' dir='ltr'>eius,</span> <span class='ocrx_word' id='word_1_206' title='bbox 693 1993 812 2036; x_wconf 86' lang='lat' dir='ltr'>cuius</span> <span class='ocrx_word' id='word_1_207' title='bbox 847 2004 909 2035; x_wconf 88' lang='lat' dir='ltr'>est</span> <span class='ocrx_word' id='word_1_208' title='bbox 943 1992 1119 2043; x_wconf 81' lang='lat' dir='ltr'>malum,</span> <span class='ocrx_word' id='word_1_209' title='bbox 1139 2003 1179 2033; x_wconf 86' lang='lat' dir='ltr'>et</span> <span class='ocrx_word' id='word_1_210' title='bbox 1214 1993 1413 2034; x_wconf 75' lang='lat' dir='ltr'>rationem</span> <span class='ocrx_word' id='word_1_211' title='bbox 1436 2005 1588 2048; x_wconf 75' lang='lat' dir='ltr'>poenae</span> 
     </span>
     <span class='ocr_line' id='line_1_28' title="bbox 170 2061 1587 2122; baseline -0.003 -14"><span class='ocrx_word' id='word_1_212' title='bbox 170 2066 329 2118; x_wconf 73' lang='lat' dir='ltr'>damni,</span> <span class='ocrx_word' id='word_1_213' title='bbox 349 2067 517 2122; x_wconf 87' lang='lat' dir='ltr'>quoties</span> <span class='ocrx_word' id='word_1_214' title='bbox 536 2077 709 2122; x_wconf 85' lang='lat' dir='ltr'>propter</span> <span class='ocrx_word' id='word_1_215' title='bbox 726 2075 893 2120; x_wconf 80' lang='lat' dir='ltr'>peccata</span> <span class='ocrx_word' id='word_1_216' title='bbox 910 2061 1129 2118; x_wconf 85' lang='lat' dir='ltr'>infligitur.</span> <span class='ocrx_word' id='word_1_217' title='bbox 1145 2061 1297 2105; x_wconf 83' lang='lat' dir='ltr'>Talem</span> <span class='ocrx_word' id='word_1_218' title='bbox 1320 2073 1463 2104; x_wconf 85' lang='lat' dir='ltr'>autem</span> <span class='ocrx_word' id='word_1_219' title='bbox 1488 2076 1587 2118; x_wconf 86' lang='lat' dir='ltr'>poe-</span> 
     </span>
     <span class='ocr_line' id='line_1_29' title="bbox 170 2133 1590 2194; baseline -0.004 -15"><span class='ocrx_word' id='word_1_220' title='bbox 170 2152 269 2178; x_wconf 87' lang='lat' dir='ltr'>nam</span> <span class='ocrx_word' id='word_1_221' title='bbox 291 2149 331 2179; x_wconf 91' lang='lat' dir='ltr'>et</span> <span class='ocrx_word' id='word_1_222' title='bbox 353 2137 515 2179; x_wconf 88' lang='lat' dir='ltr'>malum</span> <span class='ocrx_word' id='word_1_223' title='bbox 539 2136 621 2194; x_wconf 85' lang='lat' dir='ltr'>pati</span> <span class='ocrx_word' id='word_1_224' title='bbox 656 2146 838 2193; x_wconf 86' lang='lat' dir='ltr'>possunt</span> <span class='ocrx_word' id='word_1_225' title='bbox 866 2135 986 2191; x_wconf 86' lang='lat' dir='ltr'>pueri</span> <span class='ocrx_word' id='word_1_226' title='bbox 1019 2145 1059 2175; x_wconf 93' lang='lat' dir='ltr'>et</span> <span class='ocrx_word' id='word_1_227' title='bbox 1092 2144 1295 2176; x_wconf 83' lang='lat' dir='ltr'>amentes:</span> <span class='ocrx_word' id='word_1_228' title='bbox 1320 2133 1417 2189; x_wconf 87' lang='lat' dir='ltr'>quia</span> <span class='ocrx_word' id='word_1_229' title='bbox 1440 2143 1590 2174; x_wconf 80' lang='lat' dir='ltr'>natura</span> 
     </span>
     <span class='ocr_line' id='line_1_30' title="bbox 170 2202 1588 2265; baseline -0.003 -17"><span class='ocrx_word' id='word_1_230' title='bbox 170 2207 295 2250; x_wconf 84' lang='lat' dir='ltr'>huius</span> <span class='ocrx_word' id='word_1_231' title='bbox 319 2207 418 2250; x_wconf 87' lang='lat' dir='ltr'>mali</span> <span class='ocrx_word' id='word_1_232' title='bbox 441 2223 529 2250; x_wconf 91' lang='lat' dir='ltr'>non</span> <span class='ocrx_word' id='word_1_233' title='bbox 552 2207 709 2265; x_wconf 90' lang='lat' dir='ltr'>pendet</span> <span class='ocrx_word' id='word_1_234' title='bbox 733 2222 782 2248; x_wconf 80' lang='lat' dir='ltr'>ex</span> <span class='ocrx_word' id='word_1_235' title='bbox 806 2205 1053 2261; x_wconf 87' lang='lat' dir='ltr'>cognitione</span> <span class='ocrx_word' id='word_1_236' title='bbox 1077 2215 1117 2246; x_wconf 89' lang='lat' dir='ltr'>et</span> <span class='ocrx_word' id='word_1_237' title='bbox 1140 2204 1321 2260; x_wconf 86' lang='lat' dir='ltr'>tristitia,</span> <span class='ocrx_word' id='word_1_238' title='bbox 1340 2202 1413 2246; x_wconf 88' lang='lat' dir='ltr'>sed</span> <span class='ocrx_word' id='word_1_239' title='bbox 1438 2205 1480 2244; x_wconf 85' lang='lat' dir='ltr'>in</span> <span class='ocrx_word' id='word_1_240' title='bbox 1502 2202 1588 2259; x_wconf 89' lang='lat' dir='ltr'>pri-</span> 
     </span>
     <span class='ocr_line' id='line_1_31' title="bbox 168 2273 1587 2336; baseline -0.005 -15"><span class='ocrx_word' id='word_1_241' title='bbox 168 2279 335 2322; x_wconf 81' lang='lat' dir='ltr'>vatione</span> <span class='ocrx_word' id='word_1_242' title='bbox 358 2278 532 2321; x_wconf 83' lang='lat' dir='ltr'>alicuius</span> <span class='ocrx_word' id='word_1_243' title='bbox 567 2277 667 2321; x_wconf 90' lang='lat' dir='ltr'>boni</span> <span class='ocrx_word' id='word_1_244' title='bbox 701 2277 769 2336; x_wconf 87' lang='lat' dir='ltr'>(ut</span> <span class='ocrx_word' id='word_1_245' title='bbox 792 2277 835 2319; x_wconf 91' lang='lat' dir='ltr'>in</span> <span class='ocrx_word' id='word_1_246' title='bbox 869 2275 1105 2333; x_wconf 88' lang='lat' dir='ltr'>privatione</span> <span class='ocrx_word' id='word_1_247' title='bbox 1130 2274 1305 2317; x_wconf 89' lang='lat' dir='ltr'>alicuius</span> <span class='ocrx_word' id='word_1_248' title='bbox 1329 2273 1430 2316; x_wconf 91' lang='lat' dir='ltr'>doni</span> <span class='ocrx_word' id='word_1_249' title='bbox 1456 2273 1587 2331; x_wconf 90' lang='lat' dir='ltr'>spiri-</span> 
     </span>
     <span class='ocr_line' id='line_1_32' title="bbox 170 2341 1588 2406; baseline -0.004 -15"><span class='ocrx_word' id='word_1_250' title='bbox 170 2349 291 2392; x_wconf 86' lang='lat' dir='ltr'>tualis</span> <span class='ocrx_word' id='word_1_251' title='bbox 315 2362 385 2392; x_wconf 91' lang='lat' dir='ltr'>aut</span> <span class='ocrx_word' id='word_1_252' title='bbox 409 2349 584 2392; x_wconf 89' lang='lat' dir='ltr'>alicuius</span> <span class='ocrx_word' id='word_1_253' title='bbox 606 2346 856 2406; x_wconf 82' lang='lat' dir='ltr'>temporalis</span> <span class='ocrx_word' id='word_1_254' title='bbox 891 2343 1135 2403; x_wconf 89' lang='lat' dir='ltr'>commodi)</span> <span class='ocrx_word' id='word_1_255' title='bbox 1170 2344 1377 2387; x_wconf 86' lang='lat' dir='ltr'>consistit:</span> <span class='ocrx_word' id='word_1_256' title='bbox 1413 2355 1453 2387; x_wconf 90' lang='lat' dir='ltr'>et</span> <span class='ocrx_word' id='word_1_257' title='bbox 1486 2341 1588 2386; x_wconf 90' lang='lat' dir='ltr'>ideo</span> 
     </span>
    </p>
   </div>
   <div class='ocr_carea' id='block_1_3' title="bbox 174 2482 416 2487">
    <p class='ocr_par' dir='ltr' id='par_1_6' title="bbox 174 2482 416 2487">
     <span class='ocr_line' id='line_1_33' title="bbox 174 2482 416 2487; baseline 0 0"><span class='ocrx_word' id='word_1_258' title='bbox 174 2482 416 2487; x_wconf 95' lang='lat' dir='ltr'> </span> 
     </span>
    </p>
   </div>
   <div class='ocr_carea' id='block_1_4' title="bbox 266 2530 889 2635">
    <p class='ocr_par' dir='ltr' id='par_1_7' title="bbox 266 2530 889 2635">
     <span class='ocr_line' id='line_1_34' title="bbox 266 2530 880 2577; baseline -0.003 -13"><span class='ocrx_word' id='word_1_259' title='bbox 266 2532 317 2576; x_wconf 89' lang='lat'>(1)</span> <span class='ocrx_word' id='word_1_260' title='bbox 347 2532 401 2566; x_wconf 82' lang='lat' dir='ltr'>De</span> <span class='ocrx_word' id='word_1_261' title='bbox 429 2530 592 2577; x_wconf 82' lang='lat' dir='ltr'>Angelis,</span> <span class='ocrx_word' id='word_1_262' title='bbox 621 2530 640 2564; x_wconf 94' lang='lat' dir='ltr'>l.</span> <span class='ocrx_word' id='word_1_263' title='bbox 669 2530 767 2564; x_wconf 88' lang='lat' dir='ltr'>VIII.</span> <span class='ocrx_word' id='word_1_264' title='bbox 796 2540 825 2563; x_wconf 91' lang='lat' dir='ltr'>c.</span> <span class='ocrx_word' id='word_1_265' title='bbox 851 2538 880 2570; x_wconf 74' lang='lat'>4.</span> 
     </span>
     <span class='ocr_line' id='line_1_35' title="bbox 267 2588 889 2635; baseline -0.006 -10"><span class='ocrx_word' id='word_1_266' title='bbox 267 2591 324 2635; x_wconf 86' lang='lat'>(2)</span> <span class='ocrx_word' id='word_1_267' title='bbox 352 2591 391 2624; x_wconf 84' lang='lat' dir='ltr'>In</span> <span class='ocrx_word' id='word_1_268' title='bbox 423 2601 448 2624; x_wconf 87' lang='lat'>1.</span> <span class='ocrx_word' id='word_1_269' title='bbox 478 2602 512 2635; x_wconf 86' lang='lat' dir='ltr'>p.</span> <span class='ocrx_word' id='word_1_270' title='bbox 539 2588 657 2635; x_wconf 83' lang='lat' dir='ltr'>disput</span> <span class='ocrx_word' id='word_1_271' title='bbox 697 2598 775 2631; x_wconf 79' lang='lat'>242.</span> <span class='ocrx_word' id='word_1_272' title='bbox 803 2600 831 2622; x_wconf 92' lang='lat' dir='ltr'>c.</span> <span class='ocrx_word' id='word_1_273' title='bbox 859 2597 889 2621; x_wconf 90' lang='lat'>2.</span> 
     </span>
    </p>
   </div>
  </div>
 </body>
</html>
