1734 2784
787 121 1052 163 „140-

216 213 375 272 quitur,
411 208 571 252 debitae
606 207 846 265 diligentiae
897 206 946 250 ad
991 207 1285 263 cognitionem
1319 204 1632 264 acquirendam.

217 287 263 330 E.
298 301 339 341 g.
375 281 615 339 ignorantia
649 279 892 323 officiorum
928 278 1161 323 Christiani
1195 277 1272 320 viri
1306 289 1367 320 est
1398 276 1634 321 voluntaria

217 370 256 399 et
291 354 417 397 libera
453 354 494 395 in
528 367 595 407 eo,
648 353 721 409 qui
757 349 991 409 parochum
1042 361 1082 392 et
1121 349 1443 392 concionatores
1493 348 1636 393 audire

219 428 390 471 omittit.
432 443 452 466 (ι
471 424 584 468 Cum
620 437 778 480 autem,
811 435 856 465 ut
890 422 944 465 ait
978 437 1009 464 s,
1045 421 1241 464 Thomas
1275 420 1360 480 (1),
1395 421 1483 478 ipsa
1514 421 1637 478 igno-

219 500 352 542 rantia
384 497 437 540 sit
470 495 709 547 voluntaria
743 494 885 552 aliquo
921 495 1104 537 istorum
1139 493 1372 537 modorum
1407 492 1635 552 (nimirum

219 570 283 614 vel
333 573 373 613 in
419 585 455 612 sc
505 568 569 611 vel
621 570 660 610 in
709 566 812 625 alio)
846 581 932 610 non
981 579 1118 624 potest
1167 580 1337 609 causare
1388 564 1636 623 simpliciter

220 642 557 686 involuntarium
592 658 610 679 ³)
652 640 693 681 in
726 651 837 696 actu,
861 640 932 696 qui
957 654 1008 682 ex
1041 655 1085 682 ea
1110 638 1402 695 consequitur.
1429 637 1510 680 Hic
1534 651 1638 694 ergo

221 727 336 758 actus
371 714 447 757 erit
480 710 746 755 voluntarius
779 711 968 768 itemque
1011 709 1128 766 liber,
1177 710 1242 752 sin
1291 709 1434 752 minus
1467 709 1509 752 in
1542 708 1637 752 alio.

221 787 287 830 Sic
321 786 364 828 in
398 783 594 842 exemplo
629 782 751 826 allato
795 783 990 825 sistentes
1042 781 1347 825 concludemus
1396 792 1638 838 transgres-

222 859 364 902 siones
388 855 645 909 officiorum,
670 870 775 913 quae
810 854 1044 898 Christiani
1077 854 1154 897 viri
1188 866 1285 896 sunt
1321 853 1508 911 propria,
1539 868 1573 897 e.
1600 869 1639 911 g.

222 930 480 974 omissiones
515 927 745 971 auditionis
779 927 950 983 Missae,
984 926 1129 969 ieiunii
1177 937 1272 981 etc.‚
1318 940 1409 969 esse
1446 924 1642 968 volunta-

222 1003 300 1046 rias
336 1013 375 1046 et
406 1000 556 1044 liberas
590 998 738 1042 saltem
774 1001 813 1042 in
847 1012 981 1043 causa.

347 1092 366 1114 «
398 1074 502 1118 Non
536 1073 666 1128 enim,
699 1084 744 1114 ut
777 1084 871 1129 apte
904 1071 1094 1128 loquitur
1141 1070 1393 1113 Aristoteles
1433 1068 1533 1127 (2),
1567 1083 1639 1126 per

223 1162 315 1190 eam
350 1145 628 1200 inscientiam,
661 1159 767 1201 quae
801 1156 862 1186 est
894 1142 1147 1196 voluntaria,
1182 1142 1312 1184 invite
1345 1139 1448 1198 quid
1498 1151 1640 1183 actum

225 1218 378 1261 dicitur
413 1216 486 1259 sed
519 1214 772 1274 improbe.»
813 1215 864 1257 Et
899 1212 1024 1272 paulo
1058 1212 1231 1255 inferius
1265 1211 1335 1270 (3)
1370 1211 1469 1254 haec
1503 1210 1641 1254 habet:

232 1291 322 1333 «In
354 1289 535 1347 peccatis
570 1287 832 1345 ignorantiae
866 1298 956 1329 tum
994 1284 1170 1328 demum
1195 1298 1350 1342 poenas
1376 1283 1639 1326 constituunt

224 1360 541 1418 legumlatores‚
576 1360 609 1401 si
643 1359 734 1417 quis
768 1357 845 1400 sibi
880 1358 968 1415 ipse
1002 1374 1101 1400 suae
1136 1357 1379 1400 inscientiae
1403 1372 1525 1399 causa
1549 1370 1641 1398 esse

225 1432 443 1476 videatur:
478 1445 537 1487 ut,
574 1433 615 1476 in
650 1431 788 1475 ebrios
823 1429 977 1487 duplex
999 1444 1135 1488 poena
1159 1429 1389 1473 constituta
1412 1439 1501 1482 est3
1526 1427 1644 1485 prin-

326 1657 381 1701 (1)
411 1657 450 1690 ln
483 1667 508 1690 1.
530 1667 562 1690 2.
584 1667 617 1701 q.
639 1654 670 1689 6.
691 1665 721 1687 a.
742 1654 773 1687 8.
794 1652 853 1688 Cf.
879 1652 920 1687 de
946 1652 1044 1687 Malo
1073 1664 1104 1698 q.
1126 1662 1153 1695 3.
1182 1663 1211 1684 a.
1243 1651 1286 1692 8.,
1312 1662 1338 1686 1.
1362 1660 1391 1684 2.
1412 1662 1443 1697 q.
1470 1661 1520 1697 19.
1551 1660 1581 1684 a.
1602 1647 1649 1691 6.‚

233 1729 263 1762 q.
298 1715 352 1761 76.
380 1727 408 1748 a.
436 1724 466 1756 4.
494 1715 584 1749 Item
611 1714 647 1746 in
677 1721 873 1747 comment.
903 1712 937 1745 in
966 1722 1018 1757 ep.
1047 1710 1091 1744 ad
1117 1710 1225 1746 Rom.
1255 1721 1329 1756 cap.
1362 1721 1386 1743 1.
1414 1709 1495 1744 lect.
1525 1719 1557 1754 7.

328 1775 384 1819 (2)
412 1774 527 1809 Ethic.
561 1774 584 1808 1.
612 1773 672 1807 III.
701 1785 728 1807 c.
749 1773 775 1806 I.
802 1783 900 1806 num.
934 1782 998 1814 15.:
1029 1770 1077 1804 Ου’
1104 1769 1170 1815 γὰρ
1200 1770 1218 1805 ἡ
1245 1769 1279 1802 ἐν
1299 1769 1340 1814 τῇ
1361 1768 1565 1814 προαιρέσει
1590 1768 1652 1813 ἅγ-

232 1848 311 1869 uoto.
338 1835 429 1868 αἰτία
454 1835 513 1867 τοῦ
541 1833 725 1871 ἀκουσίου,
755 1831 842 1864 ἀλλὰ
865 1833 921 1870 τῆς
948 1830 1154 1877 μοχθηρίας.
1184 1829 1305 1870 Quem
1336 1828 1458 1862 locum
1485 1829 1534 1862 Sic
1571 1837 1653 1873 apte

232 1893 385 1940 explicat
412 1893 510 1939 Sylv.
538 1892 692 1927 Maurus:
735 1891 854 1925 «Non
883 1891 1003 1925 omnis
1044 1889 1245 1935 ignorantia
1272 1888 1401 1923 sufficit
1429 1887 1471 1922 ad
1511 1887 1579 1922 hoc
1616 1896 1654 1922 ut

234 1966 425 2002 operemur
450 1953 690 1987 involuntarie
720 1962 753 1987 et
780 1952 902 1986 invite:
934 1963 962 1986 e.
991 1964 1023 1997 g.
1052 1949 1258 1997 ignorantia
1297 1960 1364 1996 qua
1391 1948 1468 1994 quis
1500 1948 1651 1993 ignorat,

236 2016 315 2062 quid
345 2023 512 2060 oporteat
540 2012 654 2047 facere
681 2012 736 2047 vel
764 2013 885 2054 vitare,
913 2023 986 2046 non
1028 2010 1111 2045 facit
1138 2011 1321 2044 actionem
1361 2007 1654 2049 involuntariam,

237 2087 298 2110 seu
326 2076 370 2110 sit
399 2074 600 2121 ignorantia
630 2075 663 2107 in
692 2072 895 2111 universali,
916 2083 977 2105 seu
1004 2071 1046 2106 sit
1068 2069 1274 2117 ignorantia
1295 2070 1329 2103 in
1349 2068 1562 2115 particulari.
1588 2068 1657 2102 Ra-

236 2138 287 2171 tio
316 2145 367 2171 est
388 2137 467 2182 quia
495 2134 711 2181 ignorantia,
733 2144 822 2179 quae
851 2141 1034 2177 reputatur
1060 2129 1276 2172 voluntaria,
1295 2140 1369 2163 non
1397 2128 1511 2164 reddit
1538 2135 1656 2163 actum

235 2195 529 2231 involuntarium.
550 2210 565 2224 »

334 2255 389 2301 (3)
416 2254 502 2290 Ibid.
533 2265 563 2290 C.
593 2254 635 2289 V.
658 2264 755 2288 num.
778 2252 810 2287 8.
841 2251 905 2287 Καὶ
926 2251 992 2298 γὰρ
1016 2251 1068 2285 ἐπ’
1092 2249 1182 2296 αὐτῷ
1202 2253 1246 2296 τῷ
1268 2249 1408 2295 ἀγνοεῖν
1432 2248 1657 2289 κολάζουσιν,

241 2317 298 2349 ἐὰν
327 2316 431 2353 αἴτιος
463 2309 550 2350 εἶναι
577 2314 666 2359 δοκῇ
694 2316 750 2351 τῆς
778 2311 933 2357 ἀγνοίας,
965 2306 1036 2344 οἷον
1062 2312 1130 2348 τοῖς
1156 2309 1325 2356 patho-mi
1351 2307 1459 2342 διπλᾶ.
1482 2306 1524 2340 τὰ
1555 2306 1659 2340 ἐπιτί-

239 2388 313 2421 μι7,“
339 2374 357 2410 ἡ
384 2373 450 2419 γὰρ
477 2373 568 2419 ἀρχή
595 2372 628 2406 ἐν
658 2370 760 2416 αὐτῷ*
787 2375 902 2416 κύριος
929 2371 995 2416 γὰρ
1023 2373 1080 2404 τοῦ
1106 2372 1149 2414 μὴ
1173 2367 1399 2414 μεθυῑθῆναι,
1425 2368 1524 2400 τοῦτο
1556 2365 1590 2399 δ’
1610 2366 1662 2397 αἵ-

244 2446 317 2466 τιον
344 2436 401 2471 τῆς
428 2431 583 2477 ἀγνοίας·
613 2429 677 2465 Καὶ
702 2428 778 2468 τοὺς
801 2430 1011 2475 ἀγνοοῦντας
1035 2441 1066 2461 τι
1087 2430 1151 2462 τῶν
1176 2428 1208 2460 ἐν
1229 2428 1301 2463 τοῖς
1323 2425 1450 2469 νόμοις,
1472 2424 1493 2455 ἂ
1513 2423 1571 2456 ὸέἳ
1589 2421 1662 2455 ἐπί.-

251 2490 363 2523 arm-0
377 2502 409 2521 m
427 2489 485 2522 κκὶ
506 2490 548 2535 μ’),
570 2488 709 2535 χαλεπά
732 2488 814 2529 ἐστι,
834 2488 1061 2528 κολάζωσιν,
1082 2485 1230 2531 Ὀμοίως
1251 2484 1289 2518 δὲ
1313 2481 1368 2515 mi
1391 2482 1424 2515 ἐν
1443 2483 1513 2519 τοῖς
1532 2478 1660 2519 ἄλλοις,

243 2547 313 2580 ἔσχ
343 2547 392 2581 δι’
419 2546 581 2593 ἀμέλειαν
616 2547 755 2591 ἀγνοεῖν
790 2543 976 2585 δοκοῦσιν,
1003 2544 1043 2583 ὡς
1078 2544 1129 2577 ἐπ’
1157 2541 1270 2581 αὐτοῖς
1303 2537 1338 2574 ὃν
1369 2540 1405 2574 τὸ
1430 2540 1474 2587 μ’),
1512 2539 1665 2584 ἀγνοεῖν·

246 2607 304 2639 τοῦ
333 2603 397 2651 γὰρ
426 2605 670 2652 ἐπιμεληθῆναι
697 2604 821 2648 κύριοι,
