1734 2784
783 115 840 124 -
872 104 958 146 434
990 117 1049 122 *-

202 187 320 239 linita
355 202 378 228 ιι
412 186 584 236 sillium,
619 185 717 241 quia
752 184 896 242 regula
928 201 1176 244 proponens
1223 186 1485 243 praedictum
1533 204 1623 232 me-

206 258 323 301 dium
375 271 435 299 est
470 257 603 299 ratio:
640 255 927 310 concluditur,
960 266 1082 315 prout
1112 258 1402 301 determinaret
1428 259 1622 316 prudens,

206 330 301 387 quia
326 329 432 370 ratio
468 340 608 385 potest
643 343 733 370 esse
769 326 832 370 vel
865 343 1057 384 erronea,
1091 327 1224 386 qualis
1270 341 1333 371 est
1374 329 1417 372 in
1452 329 1621 387 impru-

207 400 348 456 dente,
379 398 443 441 vel
478 410 607 451 recta,
643 398 777 455 qualis
811 410 874 440 est
907 399 949 441 in
982 398 1189 456 prudente
1211 398 1296 457 (1).

328 474 420 512 162.
456 469 644 513 Celebris
693 470 820 512 etiam
869 482 931 512 est
981 469 1210 527 descriptio
1258 470 1444 524 virtutis,
1492 486 1621 529 quam

203 542 376 586 Tullius
400 541 470 599 (2)
493 540 617 583 tradit
640 539 755 583 hisce
779 540 916 583 verbis
937 559 944 584 :
987 559 1006 581 «
1031 541 1220 594 Quando
1245 542 1377 598 igitur
1398 542 1534 585 virtus
1559 555 1622 586 est

203 611 367 656 affectio
401 613 531 655 animi
567 623 764 654 constans
800 613 1159 669 conveniensque,
1183 611 1409 655 laudabiles
1434 612 1620 656 efficiens

205 700 295 741 eos,
329 685 369 726 in
402 684 556 741 quibus
591 697 668 737 est,
704 698 743 727 et
778 685 868 742 ipsa
903 701 976 742 per
1008 701 1068 736 se,
1108 701 1182 728 sua
1229 698 1397 742 sponte,
1432 696 1621 742 separata

203 757 331 799 etiam
368 755 560 812 utilitate,
594 755 827 812 laudabilis,
861 772 910 799 ex
945 772 991 799 ea
1040 755 1367 814 proficiscuntur
1415 755 1619 799 honestae

202 827 463 879 voluntates,
484 828 732 884 sententiae,
749 829 936 870 actiones
956 828 1184 885 omnisque
1203 840 1314 870 recta
1331 828 1451 881 ratio,
1470 842 1619 885 quam-

204 916 332 958 quam
369 900 457 956 ipsa
490 899 624 942 virtus
657 898 907 942 brevissime
943 912 1054 942 recta
1087 899 1192 942 ratio
1227 898 1307 942 dici
1342 911 1539 956 potest».

328 973 419 1026 163.
457 971 606 1013 Virtus
640 971 786 1028 itaque
816 984 877 1013 est
912 970 1090 1028 qualitas
1124 971 1288 1013 animae
1310 969 1392 1013 hoc
1417 968 1619 1026 efficiens,

202 1055 248 1085 ut
282 1041 417 1084 homo
451 1043 504 1084 sit
537 1040 675 1084 bonus
710 1041 961 1099 simpliciter
985 1055 1023 1084 et
1048 1040 1257 1098 absolute,
1280 1057 1353 1084 seu
1378 1056 1460 1098 qua
1482 1040 1618 1084 homo

199 1126 263 1157 est
297 1113 394 1171 (3):
429 1112 495 1156 vel
528 1113 652 1155 etiam
687 1125 750 1155 est
783 1112 948 1155 habitus
997 1112 1240 1155 naturaliter
1289 1127 1363 1169 per
1411 1112 1617 1169 repetitos

201 1199 318 1228 actus
352 1185 598 1242 acquisitus,
633 1184 835 1227 inclinans
869 1184 919 1228 ad
954 1184 1116 1227 similes
1150 1199 1266 1227 actus
1303 1182 1520 1227 moraliter
1541 1181 1616 1226 bo-

199 1272 279 1299 nos
315 1269 352 1299 et
386 1269 522 1299 rectae
556 1257 707 1298 rationi
742 1255 986 1299 conformes
1020 1269 1222 1314 prompte
1257 1268 1296 1298 et
1331 1255 1515 1313 perfecte
1539 1270 1615 1312 po-

197 1327 376 1371 nendos,
399 1327 599 1379 Quatuor
620 1339 759 1369 autem
780 1326 830 1369 de
848 1327 1074 1369 virtutibus
1096 1328 1373 1383 inquiremus:
1393 1351 1451 1359 ——·
1470 1337 1614 1368 utrum

197 1415 268 1442 eae
302 1399 385 1441 sint
420 1397 585 1441 homini
620 1399 877 1441 necessariae
901 1424 957 1429 —-
976 1411 1081 1456 quot
1105 1397 1279 1441 eaedem
1305 1398 1388 1440 sint
1406 1422 1461 1429 —
1480 1396 1614 1454 qualis

194 1471 247 1513 sit
282 1470 453 1527 propria
487 1471 822 1527 uniuscuiusque
856 1470 1021 1512 virtutis
1056 1470 1163 1512 ratio
1203 1485 1248 1512 ac
1292 1482 1440 1512 natura
1474 1494 1526 1499 ——
1562 1483 1614 1511 an

190 1543 331 1584 virtus
365 1542 407 1584 in
442 1541 585 1584 medio
627 1542 842 1584 consistat.

768 1720 933 1762 THEsis
968 1720 1082 1763 LVI.

195 1818 376 1859 Virilis-:5
410 1825 504 1858 sunt
539 1816 693 1857 homini
724 1815 779 1857 ad
812 1823 905 1858 recte
924 1814 1168 1872 perfecteque
1188 1814 1408 1857 vivendum
1427 1816 1609 1873 apprime

310 1883 569 1929 necessariae.

314 1982 405 2034 164.
443 1981 828 2023 Dssxtoxsrnsslo.
859 1980 985 2022 Tunc
1019 1979 1154 2022 homo
1188 1993 1300 2023 recte
1333 1979 1606 2037 perfecteque

189 2051 308 2107 vivit,
356 2050 526 2108 quando
569 2059 809 2108 constanter,
848 2059 1027 2108 prompte
1071 2063 1110 2094 et
1158 2051 1439 2095 delectabiliter
1488 2052 1608 2109 ponit

186 2134 305 2164 actus
340 2121 496 2175 bonos,
533 2123 692 2165 omittit
726 2122 873 2165 malos.
908 2123 1039 2179 Atqui
1072 2122 1122 2165 ad
1156 2122 1238 2165 hoc
1272 2134 1318 2165 ut
1343 2135 1602 2175 constanter,

284 2323 338 2366 (1)
366 2321 420 2356 Cf.
448 2323 612 2356 Maurum
640 2323 675 2356 in
702 2322 736 2356 h.
765 2322 786 2356 l.
815 2321 868 2357 Cf.
896 2334 922 2357 s.
950 2322 1143 2365 Thomam,
1173 2332 1204 2357 2.
1233 2332 1263 2357 2.
1292 2335 1322 2369 q.
1361 2332 1418 2366 47.
1446 2334 1477 2357 a.
1506 2331 1535 2365 5.
1562 2321 1605 2357 ad

191 2391 232 2423 1.,
262 2382 319 2415 ubi
347 2381 501 2416 declarat
530 2390 715 2426 postrema
740 2381 830 2415 haec
864 2382 983 2416 verba:
1022 2392 1170 2415 curnam
1197 2392 1329 2427 nempe
1356 2390 1388 2416 et
1419 2380 1605 2427 quomodo

184 2439 374 2483 prudentia
402 2450 554 2486 ponatur
581 2441 615 2473 in
643 2441 830 2474 communi
857 2440 1068 2475 definitione
1100 2440 1248 2475 virtutis.

280 2499 336 2543 (2)
365 2500 474 2534 Tusc.
502 2500 593 2545 disp.
622 2500 682 2533 IV.
716 2509 765 2542 15.

275 2558 327 2603 (3›
359 2558 448 2592 Vide
475 2570 591 2604 super.
622 2570 719 2593 num.
750 2559 799 2600 58.
828 2570 906 2605 pag.
941 2558 1010 2601 165.
