1734 2784
753 175 976 204 —VI—

148 255 276 297 viri.»
317 255 511 297 Iamvero
546 270 642 297 cum
677 256 851 298 Moralis
887 255 1191 312 Philosophiae
1226 254 1448 313 disciplina
1480 272 1573 301 11011

148 331 281 374 modo
314 330 437 384 bona,
461 331 534 374 sed
569 333 729 388 optima
753 333 843 374 iure
867 333 1151 389 existimetur,
1176 343 1222 374 ut
1245 347 1351 389 quae
1376 332 1571 376 animum

150 407 337 449 hominis
371 407 420 450 ad
454 420 563 450 recte
599 406 703 450 facta
736 408 1026 465 virtutemque
1061 420 1305 465 componat3
1335 407 1570 452 sollertiam

148 500 322 527 omnem
358 500 402 526 ac
450 483 641 527 studium
676 486 717 526 in
765 484 806 528 id
841 484 1015 538 contuli,
1050 496 1094 526 ut
1143 484 1271 527 huius
1321 485 1570 544 disciplinae

148 560 417 616 pertractatio
453 559 571 617 plana
606 575 651 602 ac
684 560 909 617 perspicua
941 561 1062 602 10101.

266 636 475 693 Equidem
527 638 625 679 novi
678 636 780 679 1111111
831 637 1117 680 Horatianum
1151 636 1235 696 (1):
1292 654 1311 679 «
1336 637 1419 681 Cui
1444 637 1569 681 ‘lecta

146 725 344 770 potenter
377 714 454 756 erit
488 730 566 767 res,
601 730 676 756 nec
711 713 905 756 facundia
939 713 1103 756 deseret
1137 712 1252 756 hunc
1284 728 1360 756 nec
1397 713 1566 757 lucidus

150 790 272 844 01110,
287 808 305 829 1)
347 791 551 833 nimirum
588 791 801 849 scriptori,
837 791 909 848 qui
944 790 1164 833 materiam
1197 806 1274 848 pro
1309 791 1472 848 ingenii
1506 791 1576 834 sui>

146 866 338 910 facultate
372 868 544 925 suisque
577 867 736 910 viribus
770 883 951 925 aequam
986 867 1174 925 elegerit,
1208 883 1346 926 neque
1399 869 1570 927 copiam

147 943 314 986 dicendi
349 960 486 1002 neque
521 944 737 988 ordinatae
772 944 1070 1003 dispositionis
1096 945 1428 989 concinnitatem
1453 945 1569 989 defu-

144 1032 297 1063 turam.
332 1024 472 1078 Atque
520 1021 620 1065 haec
655 1037 741 1064 non
776 1038 826 1064 00
877 1021 988 1064 dicta
1037 1021 1169 1079 volui,
1203 1023 1319 1080 quod
1365 1035 1567 1081 suscepto

144 1098 262 1153 operi
298 1113 417 1154 pares
452 1099 610 1155 ingenii
646 1098 755 1141 vires
800 1097 951 1141 habere
986 1114 1055 1141 me
1105 1098 1292 1156 credam3
1327 1098 1401 1142 sed
1451 1099 1568 1157 quod

143 1172 249 1214 mihi
283 1174 436 1215 virium
471 1174 515 1215 in
548 1173 629 1216 hoc
664 1189 791 1231 opere
817 1172 1102 1217 elucubrando
1138 1174 1284 1218 deesse
1314 1175 1567 1234 sentiebam,

144 1249 186 1291 id
220 1251 555 1307 comparandum
593 1252 735 1294 curavi
769 1263 863 1294 tum
898 1267 977 1294 usu
1007 1263 1132 1309 atque
1166 1253 1467 1296 exercitatione
1492 1252 1567 1296 do-

142 1326 278 1380 cendi,
308 1339 399 1369 tum
434 1327 601 1371 assidua
635 1344 778 1371 rerum
804 1327 1096 1381 meditatione,
1121 1340 1214 1371 tum
1250 1329 1433 1387 deniqne
1468 1329 1565 1373 sub-

139 1401 257 1444 sidiis
291 1415 354 1445 tot
402 1405 870 1460 praestantissimorum
919 1404 1300 1462 philosophorum,
1335 1407 1407 1463 qui
1456 1406 1562 1450 adeo

141 1479 264 1522 docte
298 1496 343 1522 ac
376 1480 580 1524 subtiliter
604 1482 654 1524 de
689 1497 731 1524 re
755 1482 907 1524 morali
933 1482 1239 1526 disseruerunt.
1265 1484 1438 1526 Horum
1463 1485 1563 1541 qui-

142 1557 238 1600 dem
273 1559 425 1615 scripta
449 1572 601 1616 quanta
625 1559 746 1617 potui
773 1558 992 1616 diligentia
1015 1560 1196 1614 versavi,
1221 1561 1263 1604 in
1286 1561 1437 1619 primis
1462 1577 1565 1605 vero

140 1636 451 1692 sapientissima
499 1654 530 1680 s.
565 1637 764 1681 Thomae
812 1639 1035 1695 Aquinatis
1081 1638 1316 1682 volumina.
1365 1639 1563 1683 Insident

141 1713 256 1755 enim
290 1728 427 1771 neque
461 1715 606 1757 animo
641 1714 835 1758 excident
870 1731 968 1758 meo
1002 1714 1070 1758 illa
1113 1716 1272 1759 Leonis
1306 1717 1410 1760 XIII
1441 1718 1562 1760 Pon-

140 1789 263 1832 tificis
296 1791 473 1833 Maximi
509 1791 647 1849 verba,
682 1791 836 1850 quibus
871 1790 1131 1849 Angelicum
1175 1793 1413 1837 Doctorem
1457 1810 1562 1852 pro-

139 1867 283 1923 posuit
315 1867 482 1925 ducem,
517 1885 647 1926 quem
681 1882 726 1912 ut
759 1870 799 1912 in
834 1868 1103 1927 speculativis
1127 1869 1435 1928 Philosophiae
1468 1887 1563 1929 par-

138 1943 250 1985 tibus
285 1944 339 1986 ita
371 1946 499 1988 etiam
534 1947 575 1988 111
609 1947 802 2004 practicis
837 1962 1116 2004 sequeremur
1148 1945 1231 2005 (2).

265 2038 283 2061 «
307 2021 556 2065 Domestica
589 2035 714 2081 atque
748 2024 883 2067 civilis
906 2025 995 2082 ipsa
1029 2024 1222 2081 societas,
1246 2040 1352 2083 quae
1387 2024 1440 2068 ob
1466 2041 1560 2084 per-

138 2113 356 2140 versarum
381 2100 638 2156 opinionum
657 2112 823 2157 pestem
847 2113 1005 2158 quanto
1025 2101 1067 2143 in
1088 2100 1332 2144 discrimine
1352 2114 1561 2156 versetur,

140 2176 325 2218 universi
359 2177 657 2233 perspicimus,
692 2177 887 2235 profecto
922 2178 1109 2236 pacatior
1142 2177 1282 2221 multo
1306 2190 1346 2222 et
1367 2179 1558 2222 securior

139 2253 405 2305 consisteret,
439 2253 473 2294 si
508 2253 546 2295 in
582 2253 824 2297 Academiis
859 2266 897 2297 et
941 2254 1098 2297 scholis
1132 2256 1274 2298 sanior
1321 2254 1555 2299 traderetur

138 2342 179 2372 et
212 2330 460 2386 magisterio
484 2331 693 2374 Ecclesiae
717 2331 983 2375 conformior
1007 2332 1210 2387 doctrina,
1235 2333 1406 2392 qualem
1431 2333 1561 2377 Tho-

234 2547 288 2591 (1)
316 2547 392 2580 Art.
419 2554 515 2592 poet.
541 2555 603 2589 40.

231 2607 288 2651 (2)
316 2607 460 2653 Encycl.
490 2607 632 2642 Aeterni
656 2607 770 2643 Patris
797 2607 853 2643 die
878 2618 911 2651 4.
939 2620 1018 2656 aug.
1051 2608 1148 2655 1879.
