1734 2784
740 80 798 90 —
831 70 915 112 254
947 81 1004 90 —

160 151 362 208 sapientis
397 138 695 207 gubernatoris
729 151 971 207 praeexistit
1007 151 1115 194 ratio
1163 151 1224 195 rei
1266 152 1577 209 gubernandae.

159 224 290 280 Atqui
325 223 443 265 Deus
478 233 541 265 est
585 234 678 263 tum
713 221 924 275 conditor,
973 234 1066 264 tum
1109 222 1368 280 gubernator
1414 225 1580 283 sapien-

159 294 351 335 tissimus
385 307 528 335 rerum
563 292 774 335 omnium.
810 292 925 349 Ergo
958 293 1000 335 in
1035 305 1178 336 mente
1201 294 1298 351 Dei,
1321 294 1577 352 inquantum

161 366 250 421 ipse
288 375 350 406 est
399 378 543 406 rerum
592 364 791 405 omnium
839 363 1030 417 effector,
1078 366 1320 422 praeexistit
1362 364 1456 409 idea
1503 382 1577 410 seu

160 435 267 477 ratio
302 449 443 477 rerum
479 433 775 487 creandarum,
800 435 989 492 itemque
1013 435 1055 477 in
1081 447 1223 478 mente
1251 436 1346 489 Dei,
1380 437 1421 478 in
1445 452 1578 494 quan-

160 520 252 549 tum
302 506 391 563 ipse
439 518 501 548 est
549 505 798 548 earumdem
833 522 975 549 rerum
1025 506 1298 564 gubernator,
1334 509 1577 565 praeexistit

157 579 264 621 ratio
299 578 477 635 practica
511 576 654 621 rerum
689 576 1063 634 gubernandarum
1089 578 1178 637 (Ι),
1204 579 1319 621 iuxta
1340 578 1443 622 illud
1468 580 1576 624 Boe-

154 649 203 691 tii
237 648 321 707 (2):
359 666 380 688 ‹<
417 648 458 691 O
495 648 567 705 qui
600 660 803 705 perpetua
837 648 1049 692 mundum
1093 650 1255 692 ratione
1288 649 1512 706 gubernas.
1549 667 1569 690 »

274 721 326 763 H.
364 720 477 762 Cum
513 718 795 776 proculdubio
829 720 883 762 sit
916 720 959 762 in
981 720 1076 763 Deo
1100 721 1205 763 ratio
1228 732 1396 763 aeterna
1428 735 1575 764 rerum

153 790 542 848 gubernandarum,
592 790 894 848 inquirendum
928 791 1011 833 iam
1061 804 1137 845 est,
1172 804 1316 834 utrum
1360 793 1466 835 ratio
1507 791 1577 836 illa

153 876 321 906 aeterna
354 878 451 905 vere
484 878 529 905 ac
572 863 742 920 proprie
787 875 999 906 mereatur
1031 878 1191 906 nomen
1225 877 1417 908 aeternae
1450 864 1571 922 legis.

151 935 369 977 Motivum
403 946 545 976 autem
581 933 799 978 dubitandi
833 946 912 991 est,
954 935 1051 992 quia
1083 936 1239 978 rationi
1287 935 1347 978 illi
1380 949 1574 980 aeternae

151 1005 298 1048 deesse
330 1004 529 1048 videntur
562 1004 769 1062 quaedam
803 1005 853 1048 ad
886 1005 1025 1062 legem
1050 1005 1286 1050 habendam
1321 1007 1574 1061 essentialia,

151 1078 429 1134 potissimum
463 1092 564 1119 vero
598 1078 702 1131 tria,
737 1078 945 1121 nimirum
978 1103 1036 1111 —
1071 1080 1376 1132 communitas,
1413 1077 1480 1123 cui
1525 1078 1572 1122 ab

247 1296 302 1340 (1)
330 1297 407 1330 Huc
436 1295 525 1329 redit
550 1304 806 1340 argumentum
832 1306 858 1329 s.
887 1295 1066 1338 Thomae‚
1092 1307 1118 1331 1.
1146 1307 1177 1331 2.
1206 1309 1241 1343 q.
1269 1307 1324 1342 93.
1352 1309 1382 1332 a.
1414 1309 1454 1332 1.:
1486 1299 1574 1333 «Si-

147 1363 206 1389 cut
236 1355 271 1387 in
300 1353 459 1400 quolibet
487 1353 622 1388 artifice
647 1353 853 1398 praeexistit
880 1354 972 1389 ratio
1002 1365 1141 1397 eorum,
1172 1367 1261 1401 quae
1300 1357 1570 1391 constituuntur

148 1426 210 1460 per
237 1423 364 1456 artem3
394 1414 441 1447 ita
469 1414 580 1448 etiam
608 1414 643 1447 in
671 1413 832 1459 quolibet
859 1414 1082 1459 gubernante
1108 1423 1261 1460 oportet,
1281 1415 1378 1460 quod
1404 1417 1569 1461 praeexi-

147 1482 215 1508 stat
243 1475 335 1507 ratio
363 1472 491 1506 ordinis
517 1483 643 1514 eorum,
670 1484 754 1518 quae
781 1471 911 1518 agenda
945 1478 1022 1507 sunt
1042 1479 1106 1519 per
1142 1484 1208 1516 eos,
1235 1474 1291 1520 qui
1328 1474 1571 1519 gubernationi

142 1531 341 1566 subdantur.
368 1532 412 1566 Et
438 1532 525 1566 sicut
551 1532 643 1566 ratio
671 1542 789 1564 rerum
818 1530 1017 1566 fiendarum
1037 1543 1099 1577 per
1125 1541 1240 1567 artem
1267 1541 1417 1567 vocatur
1436 1544 1491 1567 ars
1510 1533 1567 1567 vel

147 1591 335 1636 exemplar
361 1602 481 1625 rerum
509 1590 788 1632 artificiatarum3
810 1591 856 1625 ita
876 1590 985 1625 etiam
1004 1591 1094 1625 ratio
1114 1592 1347 1637 gubernantis
1370 1601 1469 1626 actus
1487 1593 1569 1627 sub-

146 1650 307 1684 ditorum
334 1649 503 1684 rationem
531 1649 612 1694 legis
638 1650 777 1690 obtinet,
807 1650 953 1683 servatis
980 1649 1071 1689 aliis,
1091 1660 1180 1696 quae
1212 1661 1315 1695 supra
1335 1659 1468 1696 quaest.
1496 1660 1567 1697 90„

148 1719 223 1742 esse
251 1708 407 1742 diximus
432 1708 475 1741 de
501 1708 592 1752 legis
620 1708 771 1743 ratione.
798 1708 898 1742 Deus
925 1716 1045 1742 autem
1067 1719 1128 1753 per
1147 1719 1247 1742 suam
1268 1709 1460 1743 essentiam
1482 1721 1569 1744 con-

147 1767 244 1801 ditor
271 1776 322 1802 est
353 1769 601 1801 universarum
627 1779 760 1810 rerum,
791 1767 833 1802 ad
863 1779 949 1813 quas
987 1777 1215 1813 comparatur
1241 1768 1332 1803 sicut
1357 1768 1483 1803 artifex
1522 1769 1567 1803 ad

144 1826 342 1869 amiticiam,
369 1837 406 1862 ut
433 1829 469 1861 in
503 1838 530 1862 1.
556 1827 717 1862 habitum
745 1836 808 1870 est,
836 1836 970 1874 quaest.
996 1837 1046 1870 14.
1065 1837 1129 1863 art.
1154 1839 1195 1863 1.:
1226 1836 1277 1862 est
1307 1829 1414 1862 etiam
1440 1829 1564 1874 guber-

142 1891 244 1919 nator
270 1887 420 1919 omnium
447 1892 582 1921 actuum
609 1893 638 1921 et
666 1888 865 1926 motionum,
894 1898 976 1932 quae
1003 1887 1223 1921 inveniuntur
1250 1887 1285 1920 in
1309 1889 1450 1933 singult'S
1468 1899 1567 1923 crea-

145 1946 239 1987 turis,
266 1954 302 1979 ut
329 1946 437 1979 etiam
465 1946 499 1979 in
532 1957 558 1979 1.
586 1945 748 1980 habitum
775 1955 838 1985 est,
854 1955 990 1992 quaest.
1014 1956 1089 1990 ¹03-
1109 1955 1171 1980 art.
1190 1955 1219 1988 5.
1238 1946 1344 1980 Unde
1362 1947 1453 1981 sicut
1470 1948 1562 1982 ratio

143 2004 283 2038 divinae
309 2004 519 2050 sapientiae,
547 2006 763 2051 inquantum
792 2016 853 2050 per
880 2017 958 2040 eam
979 2015 1107 2040 cuncta
1132 2014 1214 2039 sunt
1232 2014 1360 2047 creata,
1383 2005 1561 2040 rationem

142 2063 250 2098 habet
277 2065 372 2105 artis,
400 2065 457 2099 tel
484 2065 710 2109 exemplaris.
738 2064 795 2098 vel
823 2064 934 2107 ideae;
956 2064 1002 2098 ita
1022 2065 1112 2098 ratio
1140 2064 1277 2098 divinae
1294 2065 1477 2110 sapientiae
1497 2075 1565 2098 mo·

141 2123 250 2156 ventis
276 2123 395 2156 omnia
422 2123 465 2156 ad.
491 2122 634 2158 debitum
657 2122 761 2168 finam
788 2124 913 2158 obtinet
940 2124 1108 2158 rationem
1135 2123 1264 2168 legis.»

234 2182 291 2227 (2)
318 2183 373 2217 De
400 2182 576 2217 consolat.
603 2184 625 2217 1.
655 2192 684 2225 3.
719 2183 810 2216 Item
850 2182 1005 2226 Tullius,
1035 2182 1077 2217 de
1116 2181 1186 2227 leg.
1213 2183 1256 2217 II.
1297 2191 1345 2226 7.:
1377 2181 1463 2216 «Sit
1489 2182 1562 2217 hoc

142 2241 213 2274 iam
241 2252 260 2274 a
285 2241 458 2287 principio
485 2253 694 2288 persuasum
723 2242 860 2276 civibus
889 2242 1058 2277 dominos
1086 2253 1163 2276 esse
1183 2242 1349 2275 omnium
1376 2253 1496 2275 rerum
1524 2250 1559 2276 et

141 2298 389 2334 moderatores
415 2301 524 2342 Deos,
551 2312 673 2347 eaque,
702 2312 790 2347 quae
818 2310 998 2346 gerantur,
1025 2312 1150 2336 eorum
1178 2301 1254 2347 geri
1280 2299 1326 2341 vi,
1355 2300 1492 2334 ditione
1521 2312 1562 2335 ac

140 2359 300 2400 numine,
328 2359 546 2405 eosdemque
572 2360 709 2406 optime
748 2359 791 2393 de
818 2360 1009 2394 hominum
1037 2370 1169 2406 genere
1208 2359 1347 2401 mereri,
1375 2368 1409 2393 et
1443 2358 1562 2405 qualis

138 2416 286 2461 quisque
311 2417 366 2460 sit,
395 2418 476 2464 quid
502 2427 596 2464 agat,
623 2417 707 2464 quid
735 2419 769 2452 in
797 2430 833 2453 se
860 2418 1038 2460 admittat,
1069 2430 1135 2465 qua
1162 2426 1297 2459 mente,
1325 2428 1394 2463 qua
1422 2417 1560 2462 pietate

138 2473 235 2509 colat
260 2475 455 2520 religiones
482 2478 622 2521 intueri,
650 2478 866 2524 piorumque
894 2487 927 2513 et
956 2477 1153 2523 impiorum
1172 2477 1305 2512 habere
1332 2477 1558 2511 rationem.»

1702 227 1726 239 ,·
1695 159 1722 195 uz
1683 0 1726 146 [affl

1709 2544 1715 2551 .
1693 2461 1717 2522 zai-v*
1696 2366 1722 2455 ²544<ss

1673 2613 1713 2784 stativam,
1679 2542 1711 2582 ζμιι
1692 2509 1696 2519 2
