1734 2784
762 127 820 132 —
846 91 935 155 ‘432
971 125 1022 131 —

680 338 1023 383 ARTICULUS
1057 338 1111 381 II.

547 472 617 513 De
646 471 915 514 virtutibus
956 470 1247 512 moralibus.

312 641 409 681 160.
453 655 473 679 «
496 636 602 680 Mihi
634 636 816 690 videtur,
849 637 986 694 inquit
1018 652 1051 680 s.
1085 637 1354 694 Augustinus
1376 635 1465 695 (Ι),
1485 636 1602 695 quod

187 709 376 754 definitio
411 724 507 752 vera
541 721 581 752 et
612 708 747 752 brevis
780 709 962 761 virtutis:
997 708 1092 752 ordo
1125 717 1181 752 est
1213 710 1424 753 amoris».
1451 709 1598 762 Quam

189 781 485 825 definitionem
518 782 578 824 sic
612 780 691 824 alio
725 780 821 823 loco
844 780 915 839 (2)
939 779 1142 837 explicat:
1179 781 1273 828 «In
1306 779 1382 823 hac
1402 781 1488 823 vita
1508 781 1595 824 vir—

187 865 253 895 tus
288 867 376 894 non
408 863 485 905 est,
519 852 599 893 nisi
633 851 792 908 diligere
823 850 929 909 quod
961 850 1206 907 diligendum
1238 859 1307 894 est.
1342 850 1390 893 Id
1423 850 1596 908 eligere,

182 925 406 984 prudentia
439 938 528 968 est:
563 925 688 968 nullis
722 924 818 968 inde
851 926 981 968 averti
1013 924 1237 981 molestiis,
1261 925 1467 983 fortitudo
1502 938 1595 970 est:

188 996 315 1040 nullis
350 996 570 1050 illecebris,
605 998 870 1054 temperantia
918 1009 1002 1042 est:
1036 995 1148 1038 nulla
1195 996 1405 1054 superbia,
1438 997 1595 1040 iustitia

188 1080 262 1111 est.
298 1067 419 1120 Quid
443 1080 584 1110 autem
608 1067 832 1124 eligamUS‚
857 1067 973 1125 quod
996 1068 1220 1125 praecipue
1244 1067 1488 1125 diligamus,
1509 1068 1592 1111 nisi

187 1154 273 1197 quo
307 1138 411 1181 nihil
445 1138 598 1182 melius
632 1139 904 1182 invenimus?
939 1140 1036 1182 Hoc
1068 1141 1185 1182 Deus
1219 1152 1295 1196 est,
1329 1141 1395 1182 cui
1428 1140 1463 1182 si
1496 1138 1594 1183 dili-

187 1209 329 1267 gendo
364 1209 522 1267 aliquid
555 1209 620 1253 vel
663 1212 966 1268 praeponimus
1014 1210 1078 1254 vel
1117 1226 1362 1268 aequamus,
1394 1211 1595 1269 nosipsos

190 1280 368 1337 diligere
401 1282 679 1325 nescimus».
713 1306 769 1313 -—
801 1281 918 1324 [dem
953 1297 985 1324 s.
1020 1283 1183 1324 Doctor
1215 1281 1322 1325 hanc
1355 1282 1476 1326 aliam
1519 1295 1602 1325 tra—

190 1352 251 1395 dit
285 1351 581 1395 definitionem
613 1353 781 1395 virtutis
816 1353 913 1411 (3):
955 1354 1144 1397 «Virtus
1179 1366 1240 1396 est
1272 1353 1383 1396 bona
1419 1353 1596 1411 qualitas

190 1424 366 1476 mentis,
402 1439 484 1480 qua
517 1435 628 1466 recte
660 1425 832 1477 vivitur,
866 1440 948 1482 qua
978 1440 1107 1467 nemo
1141 1424 1249 1467 male
1285 1426 1430 1478 utitur,
1464 1440 1593 1482 quam

190 1495 309 1537 Deus
333 1495 375 1536 in
399 1494 523 1537 nobis
546 1495 636 1537 sine
659 1495 780 1538 nobis
805 1508 1018 1553 operatur.
1037 1513 1056 1536 »
1088 1497 1202 1539 Haec
1225 1508 1443 1554 postrema
1460 1496 1602 1554 verba,

189 1579 311 1624 quam
346 1567 458 1609 Deus
492 1568 534 1609 in
567 1565 680 1610 nobis
723 1569 805 1610 sine
851 1565 964 1611 nohis
1006 1576 1214 1626 operatur,
1248 1568 1480 1626 respiciunt
1515 1568 1601 1610 vir-

189 1649 302 1680 tutes
327 1637 486 1692 infusas
521 1650 560 1681 et
583 1639 924 1696 supernaturales,
947 1639 996 1683 de
1020 1639 1172 1697 quibus
1195 1655 1338 1683 sermo
1361 1640 1484 1683 nobis
1507 1655 1595 1683 non

192 1710 320 1752 estin
358 1709 510 1752 morali
542 1709 814 1768 philosophia
846 1710 930 1769 (4):
964 1712 1013 1754 iis
1063 1726 1165 1768 ergo
1215 1713 1402 1766 omissis,
1436 1710 1596 1770 reliqua

192 1779 452 1823 definitionis
485 1796 580 1838 pars
614 1782 813 1825 convenit
850 1783 900 1824 iis
934 1782 1172 1837 virtutibus,
1207 1783 1257 1826 de
1291 1783 1442 1841 quibus
1476 1782 1602 1826 nobis

190 1863 254 1893 est
276 1851 506 1908 agendum,
530 1867 684 1909 nempe
716 1853 941 1896 virtutibus
974 1856 1177 1913 acquisitis
1208 1867 1249 1898 et
1280 1855 1553 1900 naturalibus.

315 1926 409 1967 161.
443 1924 707 1981 Aristoteles,
739 1925 782 1967 in
814 1924 920 1968 libro
955 1925 1143 1969 secundo
1167 1926 1320 1980 Ethic.‚
1343 1928 1484 1985 primo
1508 1927 1601 1985 qui-

190 1993 290 2037 dem
314 1993 625 2052 animadvertit,
650 1995 735 2039 duo
760 2012 850 2039 esse
873 1998 1079 2040 virtutum
1101 2013 1268 2054 genera,
1292 2014 1426 2041 unum
1451 2013 1597 2042 earum

190 2083 296 2124 quae
329 2068 371 2109 in
406 2068 566 2110 ratione
600 2067 820 2110 inhaerent
851 2081 890 2111 et
923 2068 1120 2112 dicuntur
1163 2070 1457 2127 intellectuales,
1490 2069 1596 2113 alte-

290 2288 345 2331 (Ι)
376 2289 429 2321 De
457 2288 551 2321 civit.
578 2287 645 2321 Dei
674 2288 694 2321 1.
722 2289 799 2323 XV.
829 2301 858 2323 c.
887 2299 939 2323 22.

287 2346 343 2390 (2)
373 2347 411 2379 ln
439 2347 542 2391 epist.
573 2347 678 2381 CLV.
706 2360 803 2382 num.
836 2359 885 2392 13Δ

287 2408 337 2448 (3)
367 2407 402 2439 ln
433 2416 464 2439 2.
495 2406 537 2440 de
565 2407 627 2441 lib.
657 2409 729 2442 arb.
756 2420 784 2441 c.
813 2419 863 2454 19.
892 2410 981 2444 Item
1010 2422 1122 2445 contr.
1152 2412 1274 2446 Iulian.
1304 2425 1331 2448 c.
1362 2423 1391 2457 3.
1418 2415 1517 2448 Hanc
1545 2414 1604 2448 de-

192 2464 395 2498 finitionem
423 2466 572 2510 explicat
601 2478 625 2500 5.
655 2468 830 2511 Thomas,
860 2471 894 2502 in
928 2482 954 2505 1.
982 2482 1011 2505 2.
1040 2484 1070 2518 q.
1091 2481 1143 2514 55.
1162 2485 1193 2509 a.
1214 2483 1256 2515 4.,
1285 2482 1421 2521 quaest.
1441 2474 1529 2520 disp.
1557 2474 1600 2508 de

192 2523 314 2558 virtut.
345 2538 376 2569 q.
414 2537 438 2557 l.
471 2537 500 2558 a.
535 2536 565 2558 2.

289 2585 345 2627 (4)
376 2584 466 2619 Vide
496 2596 607 2630 super.
636 2599 733 2620 num.
766 2588 818 2629 56.
851 2602 932 2636 pag.
970 2593 1042 2628 161.
