1734 2784
765 101 1029 155 ..313-

310 192 426 234 Illius
459 204 602 234 tamen
635 192 744 235 effati
778 194 841 236 vis
875 209 920 237 ac
952 211 1102 238 sensus
1136 208 1232 241 ante
1265 199 1410 241 onmia
1443 210 1505 242 est
1539 197 1612 241 de-

195 263 505 306 clai·andus.—-
532 263 666 306 Primo
700 265 832 320 igitur
874 264 1037 308 bonum
1088 280 1128 311 et
1172 269 1332 312 malum
1384 269 1537 313 debent
1570 271 1613 313 in

195 334 365 377 szaelu'cclcz
400 336 573 377 materia
607 334 788 392 intelligi
822 335 873 378 de
906 335 1022 380 bono
1055 350 1095 382 et
1128 339 1243 383 malo
1267 341 1514 384 naturaliter
1537 356 1611 384 seu

195 406 433 448 intrinsece:
467 406 634 461 agimus
668 407 781 449 enim
817 406 869 450 de
901 407 993 465 lege
1025 411 1227 466 naturali,
1254 412 1373 454 cuius
1398 411 1616 455 obiectum

190 478 404 534 proprium
437 489 476 519 et
509 477 787 521 immediatmn
820 491 896 536 est,
916 492 962 522 ut
995 480 1153 538 pluries
1187 483 1270 525 iam
1305 482 1506 540 diximus,
1529 482 1614 527 bo·-

198 563 300 589 num
335 560 374 590 et
408 547 569 590 malum
604 549 882 593 intrinsecum
916 564 955 594 et
988 552 1268 596 naturale.-—
1291 554 1505 608 Secundo,
1530 553 1617 598 duo

199 618 310 661 illius
344 618 454 662 effati
488 619 678 662 membra
712 612 873 664 debent'
898 623 1010 665 sumi
1044 623 1098 666 ad
1131 625 1294 668 modum
1326 627 1464 680 zmius,
1487 627 1545 669 ita
1572 638 1618 669 ut

198 705 347 732 sensus
382 691 447 743 sit,
482 690 642 733 malum
677 707 768 735 esse
806 693 1095 738 omittendum
1117 730 1128 748 ,
1178 708 1218 739 et
1266 696 1446 754 proinde
1488 698 1616 741 etiam

200 778 274 819 per
307 763 587 805 necessariam
623 765 976 822 consequentiam
1011 768 1198 812 actiones
1232 768 1322 812 illas
1356 768 1488 813 bonas
1527 785 1620 813 esse

203 834 449 891 ponendas,
484 850 665 887 quarum
700 837 880 880 omissio
915 850 977 880 est
1012 839 1131 882 mala.

320 907 449 949 Hisce
483 907 649 963 positis,
683 909 744 950 sic
777 909 1013 964 arguimus.
1048 911 1108 953 Ut
1141 910 1303 954 dictum
1338 924 1415 966 est,
1446 913 1624 956 nomine

203 979 330 1036 primi
366 979 574 1035 praecepti
622 978 728 1036 legis
778 992 950 1024 naturae
999 981 1247 1039 intelligitur
1285 982 1421 1036 illud,
1456 984 1500 1026 in
1537 999 1623 1041 quo

205 1049 479 1093 includuntur
513 1063 551 1093 et
586 1052 860 1094 continentur
894 1052 1095 1109 speciales
1122 1070 1272 1097 omnes
1296 1053 1402 1111 legis
1425 1055 1625 1098 naturalis

208 1121 520 1178 prohibitiones
555 1139 599 1165 ac
633 1124 857 1166 iussiones.
893 1125 1022 1182 Atqui
1057 1124 1137 1168 tale
1185 1137 1247 1168 est
1297 1124 1468 1168 effatum
1507 1125 1625 1182 illud,

206 1193 368 1236 bonum
404 1206 466 1236 est
514 1193 754 1237 faciendum
803 1208 842 1238 et
892 1196 1053 1239 malum
1101 1197 1321 1240 vitandum
1348 1232 1359 1250 ,
1395 1214 1461 1254 eo,
1496 1213 1626 1255 quem

209 1265 408 1319 diximus,
443 1267 575 1309 modo
610 1267 886 1312 intellectum.
920 1269 1035 1325 Ergo
1070 1268 1333 1326 praedictum
1359 1269 1531 1312 effatum
1566 1282 1629 1313 est

208 1338 397 1393 primum
430 1337 534 1394 legis
569 1338 765 1381 naturalis
801 1352 1087 1396 praeceptum.
1133 1341 1277 1384 Minor
1326 1341 1541 1398 probatur.
1577 1342 1629 1384 Et

207 1423 307 1451 sane
342 1425 490 1451 omnes
516 1409 717 1466 speciales
742 1410 1054 1467 prohibitiones
1078 1410 1184 1468 legis
1213 1412 1412 1455 naturalis
1438 1424 1627 1470 spectant

211 1482 397 1523 actiones
421 1480 575 1534 malas3
600 1481 878 1525 includuntur
901 1499 1006 1539 ergo
1031 1483 1073 1525 in
1095 1482 1180 1536 illo,
1205 1484 1362 1527 malum
1386 1483 1626 1537 vitandum3

211 1566 363 1593 omnes
397 1552 597 1609 speciales
632 1554 844 1595 iussiones
877 1552 982 1610 legis
1016 1554 1218 1597 naturalis
1267 1566 1461 1612 spectant
1494 1555 1633 1597 actio-

210 1636 284 1664 nes
318 1623 371 1664 ita
404 1622 550 1679 bonas,
585 1635 629 1666 ut
668 1639 813 1666 earum
864 1626 1046 1668 omissio
1098 1626 1151 1668 sit
1186 1625 1306 1679 mala;
1357 1624 1634 1668 includuntur

214 1707 317 1748 ergo
351 1693 392 1734 in
427 1692 513 1750 illo,
547 1693 694 1736 bonnm
718 1694 960 1752 faciendmn
983 1704 1017 1738 et
1041 1696 1197 1739 malum
1220 1695 1453 1748 vitandum,
1485 1710 1634 1739 secun-

214 1762 319 1806 dum
353 1764 489 1817 illum,
535 1780 664 1822 quem
713 1765 914 1820 diximus,
965 1782 1152 1810 sensnm.
1205 1767 1319 1823 Ergo
1369 1766 1634 1824 praedictum

216 1834 387 1877 effatum
423 1848 485 1878 est
518 1836 612 1893 tale,
646 1848 692 1878 ut
725 1837 767 1879 in
802 1852 852 1879 eo
888 1838 1183 1880 contineantur
1233 1852 1384 1880 omnes
1434 1836 1636 1894 speciales

214 1906 321 1963 legis
356 1907 556 1949 naturalis
591 1907 902 1965 prohibitiones
938 1920 978 1951 et
1012 1909 1237 1961 iussiones,
1258 1908 1315 1950 ita
1348 1920 1393 1950 ut
1426 1908 1498 1964 qui
1531 1906 1637 1950 bene

216 1979 319 2022 illud
352 1979 604 2022 intellexerit
638 1992 881 2038 teneatque,
919 1981 954 2022 is
989 1981 1125 2038 possit
1160 1995 1227 2023 eas
1261 1995 1413 2022 omnes
1447 1978 1565 2022 facile
1592 1993 1639 2022 ac

219 2061 329 2093 recte
372 2065 420 2092 ex
458 2066 508 2092 eo
543 2050 765 2108 deducere,
809 2052 897 2094 sive
947 2051 1055 2104 illas,
1112 2067 1217 2108 quae
1260 2061 1482 2093 versantur
1531 2050 1640 2092 circa

218 2122 377 2175 Deum,
396 2123 483 2164 sive
502 2121 606 2178 illas,
625 2138 730 2179 quae
755 2135 976 2165 versantur
1000 2123 1109 2165 circa
1133 2123 1394 2179 proximum,
1419 2121 1506 2162 sive
1530 2119 1638 2172 illas,

218 2210 325 2250 quae
358 2184 578 2236 versantur
613 2195 721 2236 circa
754 2195 988 2251 ipsummet
1023 2194 1259 2236 hominem:
1293 2208 1400 2249 quae
1424 2202 1486 2234 est
1520 2205 1641 2233 com-

220 2265 406 2317 munior,
441 2276 481 2307 et
515 2265 649 2320 magis
684 2264 807 2307 obvia
840 2264 991 2307 divisio
1026 2263 1274 2321 specialium
1324 2262 1428 2319 legis
1462 2273 1639 2303 naturae
1668 2298 1670 2301 .

221 2349 542 2393 praeceptorum
578 2335 661 2393 (1).
697 2335 824 2378 Unde
859 2336 1014 2378 merito
1068 2334 1149 2377 dici
1184 2346 1324 2391 potest
1374 2331 1641 2390 praedictum

320 2567 374 2610 (1)
404 2566 458 2601 Cf.
487 2568 624 2609 Suam,
652 2566 672 2600 1.
701 2567 743 2599 11.
773 2565 815 2599 de
842 2565 913 2611 leg.
943 2576 1020 2610 cap.
1053 2564 1084 2598 8.
1114 2576 1147 2598 n.
1178 2572 1205 2606 3.
