1734 2784
681 84 946 128 -223-

108 168 257 210 iustum
290 182 336 210 ac
366 165 541 210 debitum
573 178 650 224 est,
678 178 725 209 ut
757 166 1012 225 rependatur
1044 167 1279 212 retributio.
1314 169 1523 212 Meritum

105 238 150 282 de
183 253 353 296 congruo
386 250 449 281 est
481 238 686 282 meritum
719 238 954 297 improprie
989 239 1167 296 dictum,
1201 256 1274 283 seu
1309 252 1372 284 est
1395 242 1524 295 actio,

103 311 171 354 cui
204 310 340 355 decens
371 321 411 353 et
443 324 619 367 aequum
667 321 745 364 est,
778 323 825 353 ut
868 311 1090 355 retributio
1138 312 1408 357 concedatur:
1443 313 1528 357 hoc

113 393 235 440 pacto
268 380 534 424 observantia
563 396 610 423 ac
642 382 774 438 pietas
806 380 995 425 filiorum
1044 395 1108 425 est
1150 384 1370 427 meritoria
1413 384 1526 442 apud

104 464 312 510 parentes,
345 467 454 509 quos
488 451 608 495 decet
640 452 814 510 aliquod
847 454 934 496 sive
956 453 1092 497 laudis
1116 455 1204 498 sive
1229 454 1401 498 alterius
1424 455 1527 499 boni

106 524 348 582 praemium
380 522 478 565 filiis
511 521 844 581 obsequentibus
877 524 1035 582 largiri.
1068 526 1164 569 Nos
1198 539 1341 569 autem
1372 526 1415 568 in
1438 539 1530 570 tota

109 595 187 638 hac
217 593 327 637 thesi
359 592 579 651 loquimur
611 593 665 645 de
695 595 852 637 merito
902 596 1074 652 proprie
1123 611 1169 639 ac
1201 597 1347 639 stricte
1393 596 1527 649 dicto,

111 666 153 708 in
185 673 278 708 actu
308 663 476 707 secundo
511 675 551 707 et
583 663 628 706 de
660 663 867 721 condigno,
900 680 974 707 seu
1024 665 1075 708 de
1123 666 1289 709 actione
1333 667 1529 723 exigente

109 734 364 779 mercedem.

232 807 293 851 Va
326 806 502 849 demum
529 807 670 849 meriti
700 806 889 850 conditio
913 819 993 860 est,
1014 819 1059 850 ut
1078 809 1186 851 actio
1205 823 1292 851 non
1316 809 1369 851 sit
1393 808 1527 852 dehita

111 892 160 920 ex
183 877 351 921 mercede
375 878 457 920 iam
476 886 597 935 pacta
632 888 664 921 ct
697 886 863 936 recepta.
893 879 962 922 Sic
985 880 1056 936 qui
1082 895 1102 922 a
1124 892 1165 922 te
1189 881 1345 938 recepit
1379 880 1528 923 decem

111 936 282 1000 aureoS‚
316 959 361 990 ut
394 964 468 1006 per
516 964 710 991 mensem
749 949 792 992 in
826 961 896 992 tua
928 950 1049 992 vinea
1082 950 1311 994 excolenda
1352 950 1526 1003 laboret,

105 1019 141 1060 is
174 1035 224 1061 ex
255 1018 397 1062 labore
432 1019 529 1076 hoc,
561 1035 690 1076 quem
724 1020 950 1077 impendit,
975 1021 1140 1063 nullum
1165 1037 1264 1078 erga
1286 1033 1325 1064 te
1349 1021 1531 1079 acquirit

105 1105 268 1134 novum
302 1092 507 1134 meritum
539 1091 624 1150 (Ι).
659 1092 786 1134 Ponit
821 1093 936 1135 enim
972 1108 1096 1149 opus,
1130 1093 1181 1136 ad
1214 1093 1331 1151 quod
1366 1108 1532 1151 ponen-

109 1163 212 1207 dum
244 1165 286 1207 vi
319 1165 442 1221 pretii
476 1165 558 1206 iam
593 1165 700 1221 pacti
748 1176 789 1207 et
832 1166 989 1222 recepti
1038 1178 1220 1221 tenetur,
1272 1182 1318 1209 ac
1352 1165 1533 1224 proinde

107 1251 216 1293 opus
249 1250 337 1278 non
372 1236 546 1292 exigens
590 1235 850 1289 mercedem,
901 1252 975 1280 seu
1021 1237 1138 1294 quod
1185 1237 1300 1280 idem
1346 1250 1409 1281 est
1442 1253 1531 1281 non

104 1306 390 1349 meritorium.
425 1306 633 1363 Quinque
657 1305 734 1349 hae
758 1305 1025 1350 conditiones
1050 1309 1085 1350 si
1109 1309 1238 1350 insint
1262 1309 1420 1352 actioni
1438 1308 1534 1367 (2),

205 1457 261 1503 (1)
286 1470 303 1487 κ
322 1457 565 1501 Quamquam,
585 1455 677 1489 bene
695 1454 789 1490 addit
808 1455 1027 1499 Liberatore‚
1046 1456 1124 1491 Eth.
1152 1468 1251 1491 num.
1274 1456 1343 1499 56„
1360 1468 1402 1491 eo
1425 1458 1536 1492 etiam

108 1529 203 1565 casu,
221 1518 279 1564 qui
304 1516 485 1551 actionem
513 1515 626 1561 ponit,
642 1515 770 1549 mereri
797 1516 929 1560 poterit
956 1525 1103 1561 propter
1129 1517 1349 1562 peculiarem
1377 1517 1536 1563 diligen-

108 1579 199 1613 tiam
226 1577 284 1611 vel
311 1575 531 1611 celeritatem
560 1584 618 1609 aut
645 1575 811 1609 adiuncta
849 1575 916 1609 alia
943 1584 1082 1620 praeter
1116 1585 1330 1610 consuetum
1365 1575 1535 1610 ordinem

108 1637 321 1684 conquisita.
348 1651 365 1670 »
392 1635 486 1672 Vide
512 1636 620 1670 etiam
648 1635 866 1681 Tongiorgi,
894 1635 975 1670 Eth.
1004 1647 1102 1669 nuni.
1131 1646 1208 1670 100.

221 1698 277 1742 (2)
305 1696 418 1731 Vides
442 1696 561 1742 igitur,
587 1706 676 1742 quae
702 1707 776 1730 non
802 1696 871 1729 sint
899 1695 942 1729 de
971 1697 1110 1730 ratione
1129 1695 1259 1730 meriti.
1278 1696 1335 1730 Sic
1355 1708 1385 1731 e.
1404 1707 1440 1742 g.
1463 1708 1538 1730 non

122 1765 176 1791 est
201 1756 245 1790 de
271 1755 411 1790 ratione
436 1754 567 1797 meriti,
592 1763 629 1789 ut
655 1755 749 1789 actio
776 1753 897 1788 afferat
924 1753 1027 1788 alteri
1061 1755 1199 1788 bonum
1226 1754 1448 1789 intrinsecum
1476 1765 1539 1788 seu

109 1826 231 1850 veram
259 1815 453 1858 utilitatem,
481 1825 596 1860 neque
623 1822 674 1848 est
701 1813 743 1847 de
770 1814 906 1847 ratione
934 1814 1061 1852 meriti,
1078 1822 1114 1848 ut
1141 1814 1233 1848 actio
1253 1825 1328 1848 non
1347 1814 1391 1849 sit
1416 1814 1537 1848 debita

115 1886 161 1909 ex
189 1874 284 1920 lege.
314 1875 406 1909 Item
431 1885 506 1908 non
534 1882 585 1908 est
612 1874 655 1907 de
682 1873 822 1907 ratione
848 1873 966 1907 meriti
997 1888 1012 1903 «
1041 1883 1078 1908 ut
1104 1874 1231 1909 debeat
1254 1875 1483 1919 compensari
1501 1885 1540 1908 ex

115 1935 231 1982 aliqua·
251 1934 320 1980 lege
337 1938 396 1969 aut
410 1939 591 1980 praecepto
617 1932 824 1980 superioris:
856 1933 938 1966 satis
966 1942 1019 1966 est
1046 1933 1142 1967 enim
1171 1934 1196 1967 si
1225 1934 1453 1979 compensari
1481 1934 1541 1969 de-

120 1995 211 2037 beat,
230 1994 287 2027 vel
306 1994 447 2038 exlege
474 1993 548 2035 tali,
575 1993 631 2026 vel
658 2003 699 2026 ex
727 1991 956 2026 ordinatione
983 2001 1016 2026 et
1035 1992 1180 2027 decreto
1209 2001 1319 2035 certo,
1339 1993 1436 2039 quod
1464 2004 1539 2027 non

113 2054 234 2088 minus
260 2053 395 2099 obliget
415 2065 510 2095 eum,
529 2053 585 2099 qui
615 2052 953 2097 compensationem
982 2050 1097 2085 facere
1125 2052 1241 2094 debet,
1267 2063 1373 2098 quam
1401 2051 1540 2098 obligat

113 2113 272 2159 aliquem
295 2114 476 2148 subditum
504 2113 560 2147 lex
587 2111 789 2156 superioris.
817 2111 906 2145 Tale
933 2120 1051 2144 autem
1074 2112 1256 2146 decretum
1287 2113 1321 2145 in
1350 2113 1538 2158 proposito

119 2172 182 2218 (de
207 2172 338 2206 merito
373 2172 558 2207 actionum
603 2180 807 2205 nostrarum
843 2171 937 2216 apud
971 2171 1109 2216 Deum)
1150 2181 1202 2205 est
1243 2171 1304 2205 illa
1345 2173 1541 2216 promissio

119 2231 252 2275 divina,
279 2244 347 2278 qua
367 2234 467 2267 Deus
494 2232 616 2266 statuit
636 2243 867 2276 compensare
884 2232 1019 2264 bonum
1040 2242 1131 2276 opus
1151 2231 1322 2265 hominis.
1342 2232 1436 2265 Nam
1456 2244 1542 2266 cum

120 2291 220 2325 Deus
239 2299 363 2324 natura
391 2302 453 2324 sua
480 2291 523 2324 sit
552 2289 676 2328 fidelis,
705 2300 837 2335 negare
864 2300 900 2323 se
927 2288 1043 2334 ipsum
1070 2289 1171 2323 nullo
1201 2288 1313 2322 modo
1342 2298 1472 2334 potest,
1505 2298 1541 2324 ut

119 2349 233 2396 inquit
264 2350 474 2396 Apostolus.
501 2363 518 2382 »
551 2351 601 2383 Ita
623 2349 666 2382 de
692 2349 871 2388 Valentia,
898 2348 968 2382 loc.
992 2348 1063 2382 iam
1092 2349 1149 2382 cit.
1189 2357 1309 2394 punct.
1353 2359 1383 2383 2.
1418 2348 1461 2382 ad
1492 2355 1546 2394 33¹¹

117 2409 211 2443 Aliis
246 2410 377 2452 verbis,
405 2421 478 2444 non
508 2419 558 2443 est
601 2409 644 2443 de
675 2409 815 2443 ratione
857 2409 975 2442 meriti
1012 2417 1049 2441 ut
1078 2408 1268 2442 retributor
1307 2419 1545 2453 compensare

123 2467 250 2504 debeat
276 2478 315 2504 ut
342 2469 481 2504 debitor
507 2469 622 2511 alteri,
644 2468 704 2502 sed
732 2477 768 2502 ut
794 2468 934 2502 debitor
960 2467 1015 2501 vel
1044 2467 1156 2510 alteri,
1176 2467 1233 2502 vel
1261 2467 1370 2501 etiam
1391 2467 1458 2501 sibi
1478 2467 1545 2512 ipsi

121 2525 337 2564 fidelissimo
365 2529 587 2575 promissori,
614 2528 877 2574 sapientissimo
904 2527 1146 2573 gubernatori.
1175 2528 1271 2561 Haec
1311 2527 1434 2562 omnia
1462 2535 1544 2560 sunt

118 2587 172 2622 ob
203 2589 330 2624 oculos
356 2589 519 2624 habenda
546 2601 610 2634 pro
639 2589 819 2624 solutione
846 2588 1103 2623 difficultatum.
