1734 2784
705 59 967 114 -484—

229 166 300 201 152.
328 157 458 192 Animal
485 156 588 190 habet
617 155 801 196 nonnulla,
831 167 918 202 quae
957 155 1073 189 morbi
1114 153 1201 190 liunt
1243 154 1297 191 vel
1338 165 1418 192 sunt

318 215 533 250 adminicula
560 214 601 248 ad
629 214 715 259 legis
745 214 957 257 custodiam,
980 223 1085 259 prout
1105 225 1144 249 ea
1181 214 1422 250 immoderate

318 286 504 320 erumpere
532 274 694 316 sinimus,
721 282 779 308 aut
808 274 902 308 iuxta
930 282 1046 308 rectae
1081 274 1227 309 rationis
1254 276 1422 321 praescri-

321 345 421 381 ptum
450 333 682 369 moderamur
686 360 1422 371 .............
1474 344 1537 379 423

229 406 303 441 153.
332 397 380 430 Eat
406 403 488 429 sunt
515 395 724 440 passjones:
758 413 801 419 —
828 394 974 429 virtutes
1002 403 1082 429 sunt
1124 394 1194 436 illa,
1235 406 1297 441 per
1330 406 1420 442 quae

317 463 470 501 oportet,
496 463 532 488 ut
557 454 743 500 passiones
769 453 1010 489 moderemur:
1042 474 1085 481 —
1111 454 1154 488 de
1175 454 1328 501 utrisque
1348 454 1419 501 igi-

318 524 373 549 tur
398 513 579 560 agendum
610 513 646 546 in
684 512 807 548 Ethica
813 539 1419 550 ...........
1495 515 1539 549 ib.

229 585 302 619 154,
329 573 530 620 Dupliciter
555 573 600 607 de
626 572 854 618 passionibus
882 582 915 608 et
935 572 1113 608 habitibus
1133 573 1338 619 pertractari
1359 585 1422 620 po-

318 643 397 669 test:
425 652 472 660 ·-
497 632 694 667 secundum
722 642 797 667 esse
827 631 1013 678 physicum
1057 652 1097 659 --
1137 633 1172 667 in
1214 632 1341 668 ordine
1381 633 1423 668 ad

319 694 570 729 moralitatem.
602 712 640 718 —-
669 693 870 735 Quomodo
906 692 941 727 in
981 691 1105 728 Ethica
1132 692 1175 727 de
1216 693 1261 727 iis
1288 703 1424 739 pertra-

321 762 443 790 ctetur.
512 779 1424 788 ................
1475 764 1544 798 424

132 831 392 873 AR‘rictJLth
425 827 454 870 I.
492 852 538 857 —
581 825 642 869 De
669 824 936 883 passionibus.
974 860 982 868 .
1046 860 1055 869 .
1121 859 1129 868 .
1195 860 1203 867 .
1269 861 1275 868 .
1341 861 1348 869 .
1414 861 1424 871 .
1488 827 1541 871 ib.

231 919 304 953 155.
332 907 483 943 Genesis
509 907 727 953 passionum.
812 933 1424 943 ...........
1493 909 1541 944 ib.

230 968 304 1012 156.
333 969 429 1013 Quid
457 969 500 1002 sit
526 968 645 1014 passio
672 978 777 1002 sensu
804 968 902 1002 vocis
930 967 1115 1013 pressiore.
1177 995 1421 1003 .....
1475 979 1539 1013 425

227 1038 303 1073 157.
335 1028 573 1073 Quaestiones
599 1028 669 1062 hoc
697 1027 732 1061 in
761 1026 911 1062 articulo
931 1027 1136 1062 solvendae.
1176 1055 1182 1061 .
1236 1055 1244 1062 .
1299 1054 1305 1061 .
1360 1057 1367 1063 .
1420 1056 1426 1063 .
1495 1030 1540 1063 ib.

130 1100 308 1145 Thesis
341 1099 452 1142 LIV.
477 1124 532 1131 —
557 1099 720 1142 Divisio
750 1099 1004 1156 passionum.
1041 1132 1050 1140 .
1115 1133 1123 1141 .
1189 1133 1198 1142 .
1264 1133 1272 1141 .
1339 1133 1347 1142 .
1413 1133 1422 1144 .
1456 1102 1544 1154 426

228 1183 303 1227 158.
331 1183 573 1217 Declaratio.
600 1202 642 1208 —
669 1182 807 1216 Divisio
847 1182 1024 1228 appetitus
1063 1181 1223 1216 sensitivi
1264 1182 1299 1216 in
1339 1183 1424 1218 duas

317 1243 416 1289 quasi
441 1252 557 1288 partes
583 1261 626 1267 —
654 1242 970 1288 concupiscibilem
997 1250 1031 1276 et
1057 1242 1284 1277 irascibilem.
1314 1262 1357 1268 —-
1384 1243 1423 1277 In

318 1310 415 1347 parte
433 1301 699 1347 concupiscibili
714 1310 797 1336 sunt
817 1310 888 1336 tres
907 1301 1181 1348 coniugationes
1200 1302 1420 1347 passionum:

320 1381 362 1387 -
388 1373 490 1395 arnor
516 1370 550 1396 et
577 1361 710 1403 odium,
738 1359 956 1395 desiderium
998 1369 1031 1395 et
1058 1360 1154 1407 fuga,
1183 1361 1352 1407 gaudium
1391 1371 1424 1397 et

322 1421 472 1456 tristitia.
502 1439 544 1446 —-
572 1421 612 1454 ln
641 1420 808 1455 irascibili
845 1429 925 1454 sunt
966 1420 1130 1455 similiter
1163 1429 1245 1455 tres:
1278 1441 1317 1446 —
1346 1432 1427 1467 spes

321 1490 355 1515 et
381 1481 592 1526 desperatio,
619 1481 727 1514 timor
755 1488 787 1514 et
815 1480 975 1521 audacia,
1005 1479 1054 1513 ira
1090 1479 1143 1514 cui
1171 1480 1270 1514 nulla
1309 1480 1427 1526 passio

322 1541 518 1586 opponitur
542 1540 578 1574 in
605 1539 769 1574 irascibili
784 1566 1433 1576 ............
1500 1541 1548 1576 ib.

134 1612 309 1656 Thesis
342 1611 432 1655 LV.
466 1635 522 1643 -
562 1610 709 1655 Utrum
737 1612 945 1668 passiones
978 1612 1060 1654 sint
1092 1611 1215 1654 bonae
1248 1626 1301 1654 aa
1334 1627 1425 1655 vero

311 1683 1543 1740 malae..............429

236 1778 310 1813 159.
338 1768 654 1802 Demonstratio.
680 1787 724 1792 —
750 1767 941 1801 Passiones
960 1767 1149 1812 dupliciter
1167 1767 1321 1812 spectari
1347 1777 1428 1811 pos-

327 1836 420 1861 sunt:
449 1845 494 1852 —
520 1826 720 1861 secundum
746 1838 783 1862 se
809 1846 853 1852 —
881 1826 1078 1862 secundum
1116 1825 1211 1871 quod
1246 1825 1430 1860 subiacent

326 1886 476 1932 imperio
503 1886 651 1921 rationis
673 1895 705 1921 et
732 1886 937 1921 voluntatis.
957 1905 1000 1912 —
1019 1886 1055 1920 Si
1074 1886 1183 1931 priori
1202 1884 1312 1919 modo
1332 1896 1429 1929 spec-

323 1954 442 1980 tentur
468 1966 513 1971 --
541 1946 689 1993 physice
722 1947 838 1980 bonae
878 1954 960 1980 sunt
987 1965 1029 1971 -
1059 1944 1172 1979 ethice
1211 1955 1275 1978 nec
1313 1944 1430 1978 bonae

325 2016 389 2038 nec
419 2005 546 2040 malae.
572 2024 615 2030 —
644 2005 681 2040 Si
699 2013 901 2050 spectentur
921 2004 1034 2039 altero
1053 2003 1163 2038 modo
1187 2023 1225 2027 —
1245 2011 1325 2037 sunt
1352 2013 1430 2036 mo-

324 2063 443 2097 raliter
469 2065 582 2099 bonae
609 2063 664 2098 vel
690 2063 815 2098 malae.
845 2084 884 2089 ——
916 2064 1040 2105 Quum
1079 2063 1267 2108 passiones
1305 2072 1430 2095 secun-

324 2122 408 2156 dum
433 2134 470 2157 se
496 2124 677 2169 inspectae
703 2134 767 2157 nec
788 2124 903 2158 bonae
933 2123 1002 2157 sint
1028 2133 1093 2157 nec
1121 2122 1249 2164 malae,
1282 2133 1431 2156 curnam

323 2179 526 2227 frequenter
552 2182 719 2218 dicuntur
745 2181 872 2216 malae.
901 2209 907 2216 .
960 2209 968 2216 .
1020 2209 1027 2216 .
1078 2208 1085 2217 ,
1139 2210 1145 2215 .
1197 2208 1204 2216 .
1257 2211 1262 2216 .
1317 2209 1323 2215 .
1373 2208 1381 2215 .
1432 2206 1440 2214 .
1503 2179 1550 2214 ib.

135 2250 394 2294 ARTictJLus
427 2253 477 2296 ΙΙ.
521 2279 565 2284 --
603 2254 664 2297 De
699 2252 921 2296 virtutibus
955 2251 1190 2296 moralibus.
1273 2285 1282 2296 .
1347 2285 1356 2295 .
1422 2286 1430 2294 .
1464 2263 1548 2306 432

247 2333 318 2368 160.
349 2335 444 2377 Quid
471 2336 515 2370 sit
541 2336 662 2371 virtus.
690 2355 733 2361 —-
760 2334 1002 2370 Definitiones
1028 2347 1053 2370 s.
1083 2334 1282 2381 Augustini.
1308 2353 1353 2359 —
1379 2335 1433 2368 De

325 2396 449 2441 quibus
476 2396 663 2430 virtutibus
690 2397 734 2430 sit
760 2396 866 2430 nobis
887 2406 1020 2429 sermo.
1076 2408 1083 2430 ε
1135 2420 1440 2429 ......
1505 2392 1550 2427 ib.

237 2452 313 2488 161.
340 2453 512 2488 Definitio
541 2453 759 2488 Aristotelis.
830 2484 834 2488 .
888 2483 892 2487 .
948 2480 954 2487 .
1006 2483 1010 2488 .
1067 2480 1075 2488 .
1129 2479 1135 2487 .
1189 2478 1196 2486 .
1248 2481 1254 2487 .
1310 2479 1318 2487 .
1371 2478 1381 2487 .
1430 2479 1437 2487 .
1505 2450 1551 2484 ib.

238 2511 314 2548 162.
343 2512 514 2546 Definitio
544 2512 731 2548 Ciceronis
738 2538 1432 2548 .............
1484 2518 1552 2553 454
