1734 2784
694 66 961 113 —131-⁶

114 153 352 206 necessario
376 169 579 212 connexa.
604 153 695 198 Hac
715 153 964 211 exceptione
986 150 1108 208 facta,
1132 150 1327 195 voluntas
1353 150 1537 194 humana

114 228 158 269 in
190 238 299 269 statu
346 226 578 284 praesentis
628 226 738 269 vitae
772 236 834 268 est
865 223 993 267 libera
1041 238 1139 280 erga
1172 223 1314 280 ipsum
1367 223 1537 266 Bonum

113 296 330 340 infinitum
362 309 402 340 et
437 296 599 356 reliqua
630 295 896 355 particularia
928 295 1043 339 finita
1066 294 1176 338 bona
1199 294 1282 353 (Ι).
1309 295 1382 338 Est
1410 294 1539 338 libera

114 384 213 426 erga
244 369 386 426 ipsum
419 371 595 413 Bonum
628 367 842 411 infinitum
866 402 876 421 ,
912 366 1028 425 quod
1062 365 1222 410 scilicet
1256 382 1391 424 quum
1425 381 1538 409 nunc

113 439 161 484 ab
195 439 408 484 intellectu
444 439 565 496 valde
598 439 846 498 imperfecte
881 452 1179 496 cognoscatur,
1213 453 1301 482 non
1350 438 1458 482 clare
1491 454 1538 482 ac

113 513 325 572 complete
343 513 563 557 exhibetur
577 529 715 572 neque
729 515 987 572 persentitur
1006 525 1225 572 tamquam
1244 512 1345 556 illud
1358 512 1535 566 bonum,

111 585 274 644 inquo
307 586 415 628 ratio
447 584 543 629 finis
577 585 718 628 ultimi
764 602 808 629 ac
840 585 1113 629 beatitudinis
1152 585 1360 643 perfectae
1394 600 1444 628 ex
1477 584 1535 627 rei

110 657 288 701 veritate
321 657 542 716 reperitur.
578 657 651 700 Est
683 656 811 701 libera
834 673 933 715 erga
957 658 1117 716 reliqua
1139 656 1256 700 finita
1288 656 1412 715 bona,
1438 657 1534 714 quia

109 727 176 779 vel
208 729 252 772 in
285 729 436 787 seipsis
469 743 558 772 non
591 741 704 782 sunt,
737 729 802 772 vel
836 730 913 772 etsi
947 729 989 772 in
1028 744 1072 772 se
1106 730 1220 782 sint,
1256 744 1342 772 non
1390 740 1535 772 tamen

112 801 412 859 concipiuntur
433 811 474 843 et
497 799 602 857 clare
637 812 1006 858 repraesentantur
1042 800 1089 843 ab
1124 799 1353 857 intellectu,
1388 812 1433 843 ut
1464 815 1534 843 ne-

111 872 291 914 cessaria
324 871 491 915 homini
524 887 597 914 seu
632 873 871 915 necessario
906 889 1015 915 nexu
1051 873 1278 915 coniuncta
1318 888 1415 914 cuin
1460 887 1534 914 sua

111 943 307 987 felicitate
341 943 425 1003 (2).

228 1016 470 1073 Loquimur
505 1029 646 1059 autem
681 1015 732 1059 de
766 1015 941 1059 homine
977 1018 1133 1059 viatore
1173 1017 1215 1058 in
1256 1028 1362 1058 statu
1403 1023 1531 1073 prac-

108 1088 229 1131 sentis
253 1089 374 1131 vitae.
393 1089 503 1132 Nam
529 1089 571 1131 in
594 1088 721 1132 altera
747 1087 868 1132 beata
890 1089 974 1131 vita
999 1103 1096 1144 erga
1121 1087 1283 1130 bonum
1318 1087 1531 1130 infinitum

108 1157 196 1201 sive
229 1159 371 1201 Deum
404 1160 602 1203 intuitive
634 1160 775 1202 visum
809 1159 1004 1202 voluntas
1039 1159 1156 1201 nullo
1192 1174 1367 1217 prorsus
1406 1171 1531 1216 pacto

108 1230 185 1273 erit
215 1229 360 1284 libera,
395 1232 584 1288 itemque
617 1246 704 1274 non
739 1232 815 1275 erit
848 1231 975 1275 libera
999 1230 1141 1289 quoad
1166 1247 1255 1274 rem
1280 1229 1532 1288 quamlibet,

106 1315 213 1358 quae
246 1302 295 1345 ab
327 1303 421 1360 ipso
456 1302 702 1346 excludatur
735 1302 801 1345 vel
833 1303 869 1346 ei
895 1315 1151 1360 opponatur.
1177 1303 1276 1346 Non
1300 1302 1376 1345 erit
1400 1301 1523 1345 libera

107 1372 247 1429 quoad
280 1373 423 1432 ipsum
456 1375 614 1428 Deum,
649 1375 721 1432 qui
755 1373 848 1417 talis
882 1386 982 1416 tunc
1013 1373 1225 1416 videbitur
1269 1373 1403 1431 qualis
1453 1386 1529 1430 est,

104 1446 312 1490 nimirum
345 1446 664 1491 evidentissime
698 1458 986 1503 cognoscetur
1020 1462 1110 1490 esse
1152 1446 1452 1504 plenissimum
1486 1447 1528 1489 in

106 1534 150 1561 se
183 1518 278 1576 ipso
325 1518 486 1562 bonum
534 1519 691 1578 absque
739 1519 821 1562 ulla
869 1519 1132 1562 admixtione
1181 1518 1310 1571 mali,
1361 1534 1529 1561 necnon

106 1588 268 1634 bonum
292 1590 413 1635 finale
436 1590 626 1635 absolute
649 1592 936 1635 necessarium
961 1590 1188 1633 voluntatis
1207 1590 1289 1648 (3)
1315 1591 1416 1634 Non
1450 1591 1528 1633 erit

201 1742 256 1787 (1)
287 1742 358 1776 «In
385 1742 454 1777 hoc
482 1742 560 1783 solo,
590 1743 703 1790 inquit
745 1754 773 1777 s.
803 1742 990 1783 Thomas,
1022 1750 1051 1776 2.
1079 1749 1168 1775 sent.
1209 1740 1292 1775 dist.
1324 1750 1363 1784 25
1419 1753 1448 1787 q.
1495 1752 1523 1775 1.

105 1809 167 1836 art.
196 1811 242 1843 2.‚
271 1801 614 1836 determinationem
641 1800 759 1843 habet,
787 1801 882 1847 quod
910 1800 1120 1835 felicitatem
1148 1798 1356 1833 naturaliter
1382 1800 1526 1845 appetit,

105 1869 138 1895 et
169 1872 242 1895 non
270 1860 507 1896 determinate
534 1861 569 1895 in
596 1862 667 1896 hoc
695 1862 751 1895 vel
781 1861 860 1896 illo.
884 1877 898 1891 »

199 1920 255 1965 (2)
283 1919 413 1954 Modus
440 1921 557 1967 itaque
583 1920 770 1961 libertatis,
792 1921 849 1967 qui
877 1921 1012 1954 actibus
1032 1919 1228 1953 voluntatis
1248 1927 1299 1953 cst
1320 1917 1522 1961 adiunctus,

104 1978 216 2013 oritur
240 1979 297 2014 vel
323 1989 366 2013 ex
393 1978 532 2014 defectu
559 1979 732 2014 bonitatis
760 1991 801 2013 ex
829 1988 928 2025 parte
955 1979 1088 2013 obiecti
1126 1977 1263 2023 cogniti
1293 1977 1347 2012 vel
1375 1990 1417 2012 ex
1460 1978 1524 2012 de-

102 2036 197 2078 fectu
225 2038 446 2085 cognitionis
473 2050 515 2073 ex
542 2048 641 2085 parte
668 2039 816 2073 subiecti
845 2039 1112 2085 cognoscentis,
1142 2038 1196 2072 cui
1225 2038 1396 2071 nimirum
1426 2038 1525 2072 obie-

102 2106 211 2141 ctum,
239 2111 270 2132 v.
299 2110 332 2145 g.
360 2099 504 2133 Bonum
532 2099 726 2141 infinitum,
753 2110 827 2133 non
855 2107 1002 2145 apparet
1028 2098 1096 2133 tale
1125 2097 1229 2143 quale
1256 2106 1320 2132 est.

199 2158 255 2203 (3)
283 2158 366 2200 Qua
392 2158 434 2193 de
462 2170 497 2192 re
524 2158 572 2192 sic
599 2160 749 2201 Dantes‚
778 2158 902 2193 Parad.
924 2158 1103 2192 XXXI&

292 2231 324 2265 A
354 2230 470 2277 quella
496 2230 576 2265 luce
603 2230 697 2265 cotal
725 2231 750 2264 si
777 2231 931 2273 diventa,

386 2278 461 2313 Che
488 2278 646 2324 volgersi
673 2278 716 2312 da
745 2278 789 2313 lei
818 2290 880 2323 pet
908 2279 998 2314 altro
1027 2288 1164 2324 aspetto

385 2318 412 2360 E
440 2326 642 2371 impossibil
671 2326 737 2360 elie
764 2327 834 2360 mai
863 2328 890 2361 si
920 2335 1105 2360 consenta:

290 2373 471 2409 Perocche
499 2373 521 2407 il
548 2374 632 2416 ben,
661 2373 744 2408 ch'e
771 2374 827 2409 del
854 2374 978 2409 volere
1005 2375 1178 2415 obbietto‚

386 2420 498 2456 Tutto
527 2421 728 2467 s'accoglie
756 2422 790 2456 in
819 2422 876 2461 lei,
906 2434 923 2456 e
951 2422 1031 2455 suoi·
1059 2422 1092 2455 di
1121 2421 1237 2468 quella

385 2463 412 2506 E
440 2468 602 2504 disettivo
631 2471 687 2503 cio
715 2469 780 2504 che
809 2471 827 2504 ὲ
854 2469 876 2504 li
904 2469 1070 2515 perfetto.

100 2539 192 2576 Vide
218 2552 307 2589 quae
334 2551 431 2576 num.
462 2541 519 2576 28.
549 2552 628 2587 pag.
656 2541 713 2577 82.
745 2541 900 2575 diximus
928 2540 970 2575 de
1000 2540 1312 2586 impeccabilitate.
