1734 2784
114 178 192 223 sed
223 190 441 236 perpetua.
468 176 684 220 Probatur
717 177 874 220 minor.
899 176 978 220 Vel
1000 177 1141 220 sciunt
1173 176 1282 220 beati
1306 177 1547 221 desituram

115 264 208 293 esse
254 246 482 306 aliquando
530 263 651 290 suam
700 246 959 305 felicitatem,
1005 246 1073 290 vel
1117 248 1326 290 nesciunt.
1374 249 1418 292 Si
1469 264 1546 292 co-

113 332 342 378 gnoscunt,
374 320 544 362 tristitia
591 317 840 375 afficientur,
888 331 928 361 et
962 318 1029 361 hic
1072 334 1248 362 moeror
1292 335 1343 362 ex
1376 319 1443 363 illa
1478 336 1548 363 co-

111 392 307 449 gnitione
340 404 461 434 ortus
495 406 671 434 omnem
705 390 949 434 felicitatem
998 389 1176 444 vitiabit,
1221 406 1359 448 eoque
1396 393 1548 449 magis,

112 478 203 521 quo
236 464 375 506 maior
407 475 469 505 est
501 462 674 506 felicitas
709 478 839 520 quam
873 461 1095 520 possident
1129 461 1214 521 (1).
1251 463 1296 506 Si
1331 465 1545 520 nesciunt,

110 546 213 576 tunc
244 546 329 577 tres
363 534 594 590 excogitari
629 546 789 590 queunt
824 532 1094 591 hypotheses.
1130 533 1215 579 Vel
1253 534 1309 578 1.⁰
1342 535 1540 578 nesciunt

113 604 197 648 hoc
231 620 372 662 sensu,
406 605 523 663 quod
557 609 707 662 pute'nt
742 604 986 648 felicitatem
1022 604 1111 648 fore
1136 618 1406 662 perpetuam,
1432 622 1540 664 quae

110 688 254 719 tamen
303 692 450 734 reapse
497 689 700 734 perpetua
734 692 820 719 non
854 678 962 730 etit3
1002 677 1067 719 vel
1103 678 1160 720 2⁰.
1210 678 1407 721 nesciunt
1458 678 1543 721 hoc

111 748 193 792 alio
241 764 381 801 sensu,
430 748 545 806 quod
594 750 741 791 incerti
789 750 886 805 sint,
936 762 1081 792 utrum
1130 766 1263 792 necne
1304 750 1543 804 beatitudo,

112 835 243 877 quam
277 819 446 872 habent,
483 821 534 862 sit
568 833 776 878 perpetuo
825 820 1039 874 duratura3
1074 821 1140 864 vel
1173 821 1345 865 tandem
1382 822 1439 878 3⁰.
1472 839 1544 865 ne-

109 893 251 935 sciunt
286 892 368 935 hoc
402 908 544 948 sensu,
578 892 695 950 quod
730 908 815 936 non
865 894 1055 950 cogitent
1090 893 1165 937 hac
1210 894 1260 937 de
1302 910 1359 948 re,
1394 908 1543 937 utrum

110 979 244 1006 necne
292 962 502 1006 felicitatis
553 964 770 1021 possessio
820 963 949 1006 finem
999 965 1050 1006 sit
1099 964 1302 1007 habitura.
1355 966 1399 1008 Si
1456 975 1542 1018 Lm,

110 1034 317 1078 habemus
351 1051 556 1088 errorem,
590 1037 662 1093 qui
700 1051 798 1078 sane
832 1049 894 1078 est
921 1035 1081 1078 malum
1105 1035 1357 1079 intellectus.
1379 1037 1421 1080 Si
1449 1045 1543 1094 2¹¹¹,

110 1105 317 1149 habemus
353 1105 550 1162 dubium,
584 1106 701 1164 quod
734 1106 914 1149 dubium
949 1120 1010 1149 est
1044 1106 1258 1149 sufficiens
1288 1107 1338 1150 al
1363 1124 1541 1151 causan-

109 1177 209 1220 dam
242 1178 473 1231 tristitiam,
507 1178 616 1220 sicut
652 1191 759 1220 certa
794 1179 980 1221 scientia.
1017 1179 1060 1221 Si
1097 1187 1187 1234 32¹¹,
1222 1191 1540 1237 praeterquam-

108 1248 229 1306 quod
260 1248 374 1291 istud
407 1249 593 1306 supponi
627 1264 715 1291 non
751 1261 891 1306 potest
925 1261 1044 1291 tanto
1094 1261 1290 1306 tempore
1333 1249 1539 1307 (magnus

109 1320 224 1363 enim
261 1331 371 1362 esset
405 1332 570 1376 stupor,
605 1336 678 1362 eos
714 1336 787 1376 per
810 1332 873 1362 tot
897 1320 1062 1362 saecula
1084 1336 1323 1378 numquam
1348 1324 1540 1378 cogitare

106 1390 160 1433 de
184 1406 243 1445 re,
271 1406 377 1448 quae
411 1403 498 1432 tam
535 1404 688 1448 sponte
714 1392 846 1433 menti
874 1392 1078 1443 occurrit,
1106 1404 1249 1434 utrum
1276 1408 1410 1434 necne
1433 1392 1535 1435 boni

106 1461 270 1504 obtenti
320 1463 537 1519 possessio
572 1463 624 1504 sit
658 1477 755 1504 Vere
790 1462 974 1520 secura),
1011 1462 1216 1505 habemus
1250 1464 1537 1520 ignorantiam

106 1534 217 1576 circa
252 1549 357 1590 rem,
391 1549 496 1590 quac
530 1533 579 1576 ad
615 1550 687 1576 eos
723 1535 908 1576 maxime
957 1547 1135 1591 spectat,
1171 1534 1237 1577 vel
1270 1535 1539 1579 inadverten-

106 1606 227 1656 tiam,
263 1620 369 1661 quae
405 1616 503 1647 sunt
538 1617 577 1646 et
612 1606 728 1661 ipsae
765 1604 924 1646 malum
960 1604 1210 1649 intellectus.

225 1675 308 1719 Ubi
343 1675 446 1719 illud
480 1676 729 1733 perpendas,
765 1676 880 1733 quod
917 1676 964 1719 atl
1000 1676 1281 1720 excludendas
1338 1678 1410 1720 has
1451 1691 1537 1721 tres

105 1747 370 1805 hypotheses
406 1747 566 1791 confert
600 1763 727 1805 quam
778 1750 978 1801 maxime,
1024 1748 1331 1792 beatitudinem
1385 1749 1537 1793 debere

106 1833 199 1861 esse
233 1818 487 1875 expletivam
523 1819 723 1861 naturalis
759 1819 982 1862 cuiuslibet
1017 1819 1231 1876 desiderii,
1266 1836 1354 1863 11011
1381 1823 1463 1864 iam
1488 1838 1538 1865 ex

106 1904 263 1942 errore,
299 1890 538 1945 ignorantia
570 1890 636 1932 vel
671 1890 989 1943 inatlvertentia,
1025 1906 1098 1933 seu
1127 1899 1198 1948 per
1231 1892 1425 1945 accidens,
1462 1893 1535 1936 sed

104 1958 150 2001 de
182 1974 219 2002 sa
251 1972 291 2002 et
323 1976 373 2001 ex
421 1975 495 2002 sua
539 1961 767 2003 intrinseca
809 1960 1083 2018 perfectione.
1133 1964 1264 2020 Atqui
1315 1966 1534 2021 possessio

104 2032 266 2073 summi
300 2030 400 2073 boni
426 2032 730 2074 tantummodo
766 2034 1024 2089 temporaria
1057 2049 1144 2076 non
1179 2048 1289 2077 esset
1324 2036 1535 2092 expletiva

103 2101 303 2144 naturalis
353 2101 568 2155 desiderii,
604 2104 682 2145 nisi
732 2106 840 2146 forte
890 2121 938 2146 ex
973 2121 1132 2162 errore,
1181 2107 1420 2162 ignorantia
1470 2108 1534 2150 vel

105 2172 428 2226 inadvertentia‚
466 2190 538 2217 seu
575 2190 648 2231 per
682 2174 875 2218 accidens
911 2175 997 2234 (2).

200 2370 256 2414 (1)
285 2369 340 2405 Cf.
368 2371 544 2413 Lessium,
564 2372 606 2405 111·
628 2384 770 2407 summo
792 2374 889 2407 bono
917 2374 935 2407 1,
960 2384 988 2417 3.
1009 2385 1037 2407 c.
1058 2384 1090 2418 9.
1116 2374 1206 2408 Vide
1235 2375 1340 2408 etiam
1371 2387 1422 2415 ea,
1445 2385 1535 2419 quae

103 2430 174 2463 iarn
202 2429 358 2464 diximus
387 2442 486 2464 num.
521 2441 569 2473 15.
599 2443 678 2477 pag.
710 2441 763 2475 33.

199 2489 257 2533 (2)
284 2489 377 2523 Vide
403 2490 502 2535 Sylv.
519 2492 693 2533 Maurum,
711 2493 746 2526 in
778 2503 803 2526 1.
826 2503 854 2526 2.
883 2493 924 2527 de
953 2493 1074 2527 beatit.
1103 2504 1134 2538 q.
1154 2493 1229 2534 VI„
1253 2492 1438 2535 Palmieri,
1463 2494 1534 2527 An-

103 2547 263 2592 thropol.
293 2547 382 2582 thes.
411 2550 508 2583 XIX.
