1734 2784
752 122 1018 164 —286—

179 220 354 262 tentiam
375 233 471 260 cum
493 216 649 260 babitu:
667 217 925 260 conscientia
942 231 1044 259 vero
1062 216 1257 259 nominat
1271 214 1597 273 applicationem

182 289 410 347 quamdam
429 289 533 345 legis
567 288 767 331 naturalis
801 287 851 331 ad
875 288 1031 345 aliquid
1050 287 1288 331 faciendum
1308 286 1373 330 vel
1395 288 1597 331 omitten-

181 360 334 402 dum.»
361 358 653 402 Differentiam
674 359 782 401 inter
805 359 945 417 legem
968 358 1201 402 naturalem
1226 371 1265 401 et
1290 359 1597 402 conscientiam

181 430 386 474 moralem
435 431 494 473 sic
527 429 690 488 plenius
740 431 925 488 assignat
968 431 1124 474 Suarez
1157 429 1257 489 (1):
1294 448 1317 470 «
1364 431 1455 474 Lex
1499 429 1623 473 dicit·

179 502 369 558 regulam
404 500 656 558 generaliter
689 502 966 543 constitutam
1000 502 1106 544 circa
1138 501 1313 558 agenda,
1333 501 1600 544 conscientia

181 586 285 615 vero
320 572 418 615 dicit
453 572 662 614 dictamen
696 572 927 629 prat-ticum
962 572 1003 614 in
1039 570 1291 629 particulari:
1318 571 1430 615 unde
1454 572 1598 629 potius

180 656 243 687 est
274 644 485 701 applicatio
519 644 610 699 legis
642 643 696 686 ad
722 643 971 701 particulare
1019 652 1128 701 opus.
1171 644 1235 686 Ex
1270 659 1356 701 quo
1391 644 1518 687 etiam
1551 642 1597 686 fit

180 728 226 758 ut
259 715 518 757 conscientia
550 714 671 756 latius
708 727 859 772 pateat,
892 730 1019 772 quam
1054 715 1119 757 lex
1148 714 1362 768 naturaliS,
1388 714 1486 772 quia
1509 729 1598 757 non

178 799 342 830 tantum
376 785 555 843 applicat
588 786 725 843 legem
751 786 1001 839 naturalem,
1026 785 1099 828 sed
1124 787 1250 829 etiam
1279 800 1597 843 quamcumque

178 858 299 901 aliam
336 858 422 900 sive
457 857 642 899 divinam
670 858 758 899 sive
783 855 1028 899 humanam.
1049 858 1190 900 Immo
1216 858 1475 900 conscientia
1507 872 1597 900 non

177 929 319 973 solum
353 929 560 986 applicare
594 928 701 971 solet
733 945 876 971 veram
910 928 1064 985 legem,
1100 928 1171 972 sed
1207 930 1335 971 etiam
1375 929 1594 971 existima-

178 1012 280 1043 tam:
314 1015 400 1057 quo
434 999 568 1042 modo
602 999 817 1041 interdum
854 999 975 1042 datur
1010 1000 1265 1042 conscientia
1306 1014 1497 1053 erronea;
1529 998 1598 1043 lex

179 1083 321 1114 autem
356 1086 531 1114 erronea
566 1070 651 1113 dari
686 1086 771 1113 non
806 1083 971 1128 potest,
1006 1087 1103 1114 nam
1153 1086 1204 1114 eo
1250 1071 1343 1128 ipso
1386 1086 1475 1114 non
1518 1071 1598 1114 erit

178 1143 260 1196 lex,
293 1142 410 1200 quod
433 1144 622 1185 maxime
646 1159 793 1186 verum
821 1155 882 1186 est
908 1143 957 1186 de
980 1142 1073 1200 lege
1101 1142 1292 1196 naturali,
1318 1158 1424 1200 quae
1452 1143 1597 1186 Deum

178 1213 302 1257 habet
335 1226 568 1257 auctorem.
604 1215 802 1271 Denique
836 1214 904 1256 lex
939 1215 1111 1272 proprie
1145 1215 1279 1257 fertur
1324 1215 1374 1258 de
1406 1213 1596 1272 agendis,

178 1285 439 1328 conscientia
472 1297 614 1326 autem
650 1286 778 1327 etiam
812 1298 1003 1328 versatur
1037 1286 1145 1327 circa
1179 1301 1225 1328 ea
1255 1300 1361 1342 quae
1385 1286 1468 1327 iam
1493 1283 1598 1327 facta

177 1369 289 1412 sunt3
325 1369 364 1399 et
398 1356 496 1399 ideo
530 1356 588 1398 illi
623 1357 823 1399 tribuitur
870 1372 957 1399 non
991 1358 1133 1399 solum
1180 1355 1326 1413 ligare,
1360 1355 1434 1400 sed
1468 1356 1595 1399 etiam

179 1443 387 1481 accusare,
421 1427 635 1470 testificari
670 1440 709 1470 et
734 1427 973 1470 defendere.
994 1445 1014 1467 ›>
1057 1427 1224 1471 Scilicet
1249 1428 1510 1471 conscientia
1533 1439 1597 1471 est

177 1497 347 1555 duplex:
397 1498 629 1541 antecedens
677 1511 716 1541 et
763 1514 999 1556 consequens
1052 1499 1276 1542 actionem.
1326 1498 1595 1542 Antecedens

173 1570 380 1627 supponit
412 1569 568 1627 legem,
603 1586 731 1628 quam
764 1569 942 1627 applicat
977 1571 1132 1613 actioni
1167 1569 1406 1628 ponendae,
1430 1582 1476 1613 ut
1508 1569 1591 1612 hu-

175 1642 240 1683 ius
275 1640 571 1684 habitudinem
606 1640 657 1684 ad
690 1641 846 1698 legem,
880 1642 904 1684 i.
941 1658 974 1684 e.
1010 1642 1099 1684 eius
1132 1640 1199 1684 vel
1248 1640 1594 1684 conformitatem

179 1728 275 1755 cum
309 1712 402 1768 lege
436 1712 500 1755 vel
536 1729 556 1755 a
590 1712 681 1769 lege
716 1712 1051 1770 difformitatem,
1086 1724 1333 1769 cognoscat,
1359 1713 1595 1769 cognitam-

177 1798 259 1840 que
302 1782 542 1826 manifestet
590 1782 813 1826 voluntati.
865 1784 1147 1841 Consequens
1196 1794 1340 1826 autem
1389 1782 1597 1840 supponit

174 1867 263 1895 non
297 1853 429 1896 modo
463 1853 621 1910 legem,
653 1853 726 1896 sed
761 1855 884 1896 etiam
920 1854 1130 1896 actionem
1165 1853 1249 1896 iam
1284 1869 1334 1896 ex
1360 1852 1594 1896 voluntatis

175 1923 382 1967 electione
417 1925 618 1982 positam,
661 1939 854 1982 eamque,
888 1926 921 1967 si
972 1924 1080 1968 mala
1112 1925 1179 1978 sit,
1230 1923 1444 1982 reprobat,
1480 1923 1595 1968 unde

175 2009 309 2051 angor
340 1996 470 2037 animi
506 2011 551 2038 ac
586 2011 819 2049 remorsus,
855 1997 920 2038 sin
954 2008 1096 2038 autem
1129 1997 1183 2038 sit
1216 1995 1341 2048 bona,
1374 1993 1595 2053 approbat,

176 2065 288 2108 unde
320 2082 400 2123 pax
433 2067 562 2108 animi
598 2082 643 2109 ac
667 2066 870 2109 securitas
904 2066 987 2125 (2).
1015 2068 1139 2121 Quae
1164 2067 1309 2109 omnia
1341 2082 1391 2110 ex
1414 2078 1593 2110 tractatu

171 2135 225 2179 de
259 2138 516 2181 conscientia
550 2137 700 2181 morali
735 2137 890 2182 melius
926 2138 1234 2196 intelligentur.

270 2357 325 2401 (1)
352 2357 407 2390 De
436 2356 507 2402 leg.
537 2356 558 2390 l.
587 2357 628 2390 ΙΙ.
656 2368 683 2390 c.
730 2367 759 2400 ς.
801 2369 836 2391 n.
868 2365 916 2399 15.

269 2415 326 2459 (2)
353 2415 408 2449 De
433 2415 499 2450 bac
527 2416 638 2450 animi
665 2426 752 2461 pace
778 2427 819 2449 ac
847 2416 1034 2450 securitate
1062 2416 1109 2450 ita
1136 2417 1287 2458 Dantes,
1316 2415 1381 2451 Inf.
1407 2416 1578 2452 XXVIII.

601 2486 839 2521 Conscienzia
867 2485 914 2520 m'
919 2487 1092 2528 assicura,

456 2514 506 2567 La
533 2514 654 2567 buona
682 2534 910 2579 compagnia‚
939 2534 1004 2569 che
1031 2535 1144 2568 l'uom
1173 2533 1421 2580 francheggia,

459 2581 565 2614 Sotto
594 2580 775 2627 l’osbergo
803 2581 859 2615 del
887 2581 1027 2616 sentirsi
1053 2592 1153 2627 pura.
