1734 2784
793 151 993 189 —6—

184 242 326 299 dinet3
360 241 556 286 valetudo
591 254 651 285 est
686 242 779 285 finis
814 242 1049 300 proximus,
1072 242 1247 284 scientia
1268 240 1363 285 finis
1386 230 1596 288 interme-

184 314 293 371 dius,
326 313 461 371 gloria
495 315 574 357 Dei
608 313 700 355 finis
736 313 926 356 ultimus.
950 339 999 344 —
1020 314 1134 356 Finis
1169 312 1298 356 etiam
1325 313 1500 357 ultimus
1533 327 1597 359 est

184 386 352 444 duplex,
372 385 435 429 vel
467 386 640 429 ultimus
676 386 840 427 relative.
873 397 912 428 et
945 384 1160 428 secundnm
1192 384 1305 441 qnid,
1322 384 1388 428 vel
1423 384 1598 429 ultimus

182 459 360 502 absolate
408 472 446 502 et
493 458 739 516 simpliciter,
775 469 902 514 prout
937 468 999 499 est
1031 455 1207 499 ultimus
1255 455 1321 498 vel
1369 457 1411 499 in
1459 455 1599 515 aliqua

181 531 484 575 tantummodo
505 529 700 588 peculiari
721 544 862 572 rerum
888 529 1013 581 serie,
1037 527 1102 571 vel
1125 527 1165 569 in
1199 528 1398 572 universa
1420 544 1596 586 prorsus

183 618 324 645 rerum
359 603 477 644 serie.
514 602 658 658 Itaque
691 599 784 642 finis
817 598 992 642 absolute
1026 611 1065 641 et
1086 598 1315 656 simpliciter
1339 599 1520 652 ultimus,
1546 598 1597 643 de

182 690 268 731 quo
303 674 343 715 in
379 673 458 716 hoc
493 671 667 715 articulo
702 669 937 728 specialiter
969 669 1243 727 inqtiirimu8‚
1267 681 1408 726 potest
1442 670 1496 712 ita
1527 669 1598 714 de-

184 743 317 786 finiri:
353 753 405 786 est
440 743 503 786 ille
525 743 643 801 finis,
679 742 746 800 qni
779 756 855 784 non
900 749 953 784 es!
992 741 1132 798 gratia
1180 741 1353 784 alterins
1401 750 1435 784 et
1484 742 1599 786 cuius

178 817 316 871 gralia
351 824 445 857 sim!
479 816 628 857 omnia.
675 814 776 856 Duo
824 812 952 869 igitur
999 811 1129 854 veluti
1172 811 1381 855 elementa
1427 813 1469 855 in
1515 811 1599 855 fine

183 885 431 943 simpliciter
464 885 615 928 ultimo
651 883 855 941 distingui
905 882 1069 936 debent,
1115 882 1293 926 alterum
1343 885 1598 941 negativum,

178 959 405 1016 positivum
438 956 628 1000 alterum.
663 955 773 998 Illud
806 968 868 998 est
912 954 1164 998 omnimoda
1205 954 1375 1012 negatio
1424 953 1599 998 ordina-

182 1029 311 1071 tionis
346 1027 395 1071 ad
429 1027 560 1070 alium
583 1026 712 1070 finem
733 1042 741 1071 :
766 1026 847 1069 hoc
875 1037 937 1069 est
961 1024 1211 1069 omnimoda
1235 1024 1460 1070 affirmatio
1493 1025 1598 1070 sub-

184 1099 461 1142 ordinationis
495 1099 691 1142 omnium
725 1097 776 1141 ad
807 1096 937 1141 finem
972 1097 1090 1140 illum
1126 1097 1371 1155 (1).Porro
1415 1098 1449 1140 si
1504 1098 1598 1156 quis

183 1170 379 1214 traditam
412 1170 507 1213 finis
541 1170 792 1229 simpliciter
825 1168 964 1212 ultimi
997 1170 1206 1212 rationem
1241 1168 1368 1228 paulo
1391 1170 1598 1212 attentius
1648 1194 1650 1197 ·

184 1242 437 1300 consideret,
471 1241 588 1285 facile
622 1241 830 1299 inteiliget
863 1257 956 1284 eam
991 1257 1081 1284 esse
1115 1240 1240 1283 talem
1263 1275 1274 1294 ‚
1324 1253 1371 1284 ut
1418 1252 1599 1299 nequeat

184 1313 374 1372 pluribus
407 1315 568 1358 seorsim
602 1313 724 1356 bonis
757 1313 976 1372 adaequate
1010 1324 1049 1356 et
1083 1328 1130 1356 ex
1163 1314 1219 1356 rei
1261 1313 1435 1356 varitate
1482 1328 1598 1356 com-

183 1398 327 1444 petere
358 1385 441 1444 (2).

359 1456 407 1514 4)
441 1457 554 1500 Finis
588 1455 865 1514 distinguitur
898 1456 940 1499 in
974 1454 1104 1498 finem
1137 1456 1202 1499 cui
1225 1466 1265 1499 et
1286 1453 1415 1498 finem
1439 1456 1510 1514 qni
1536 1453 1600 1514 (et

278 1664 333 1707 (ι)
360 1664 519 1699 Ultimus
547 1664 628 1699 finis
655 1664 748 1700 iuxta
774 1665 1022 1708 Aristotelem,
1049 1664 1166 1699 Ethic.
1197 1662 1218 1697 l.
1252 1674 1278 1697 1.
1306 1675 1334 1698 c.
1365 1675 1414 1708 2.‚
1448 1673 1503 1700 est
1529 1666 1599 1699 bo-

184 1736 269 1758 num
298 1724 396 1766 illud,
426 1724 442 1757 ὅ
467 1724 516 1758 δι’
544 1722 624 1758 αὐτὸ
650 1724 860 1771 βουλόμεθα,
886 1721 994 1758 τᾶλλα
1020 1722 1060 1758 δὲ
1088 1724 1150 1757 διὰ.
1173 1726 1283 1763 τοῦτο,
1320 1723 1415 1770 quod
1454 1732 1600 1771 propter

183 1795 220 1818 se
253 1783 433 1826 volumus,
463 1792 579 1818 cetera
619 1795 704 1818 vero
734 1792 880 1830 propter
918 1783 1000 1817 hoc.
1033 1784 1153 1826 Quem
1192 1783 1315 1817 locum
1353 1783 1404 1817 sic
1445 1782 1599 1817 declarat

183 1858 211 1880 s.
241 1844 414 1886 Thomas,
442 1844 475 1878 in
503 1844 562 1879 lib.
595 1856 621 1879 1.
649 1843 763 1879 Ethic.
791 1844 868 1878 lect.
899 1853 942 1878 2.:
984 1856 1002 1876 «
1030 1841 1259 1888 Quicumque
1297 1841 1376 1876 finis
1415 1843 1467 1878 e'st
1505 1841 1597 1885 talis,

184 1904 276 1951 quod
305 1903 372 1938 alia
399 1904 566 1938 volumus
593 1913 744 1950 propter
769 1904 884 1949 ipsum
913 1911 946 1938 et
972 1903 1093 1948 ipsum
1118 1901 1287 1937 volumus
1328 1910 1474 1949 propter
1501 1902 1597 1948 seip-

183 1975 261 1999 sum
290 1973 321 1998 ct
348 1974 421 1997 non
449 1973 594 2009 propter
621 1963 754 2010 aliquid
781 1962 889 2006 aliud3
915 1962 975 1997 ille
1010 1961 1090 1996 finis
1118 1973 1193 1996 non
1231 1961 1350 1997 solum
1377 1969 1428 1996 est
1466 1962 1596 2006 bonus,

184 2023 243 2058 scd
271 2023 475 2069 optimus.»
503 2023 625 2058 Placet
660 2022 907 2057 definitionem
939 2021 1078 2063 addere,
1106 2032 1213 2067 quam
1239 2020 1345 2055 tradit
1373 2032 1397 2055 s.
1425 2021 1598 2067 Augusti-

185 2094 260 2123 nus,
288 2082 330 2116 de
358 2081 463 2116 Civit.
490 2082 558 2116 Dei
585 2081 607 2115 1.
639 2081 734 2116 XIX.
764 2092 792 2116 c,
824 2093 866 2117 1.:
897 2080 1025 2116 «Illud
1052 2088 1103 2115 est
1130 2079 1209 2114 finis
1236 2081 1324 2115 boni
1349 2080 1475 2122 nostri,
1494 2091 1599 2127 prop-

184 2153 236 2178 ter
262 2141 357 2188 quod
384 2141 587 2186 appetenda
614 2149 695 2175 sunt
735 2149 864 2183 cetera,
891 2141 1010 2186 ipsum
1049 2148 1169 2174 autem
1208 2148 1356 2186 propter
1394 2140 1597 2185 seipsum.»

183 2202 238 2238 Cs.
265 2204 373 2237 etiam
402 2202 526 2243 Cicer„
547 2202 588 2236 de
616 2201 673 2236 fin.
701 2202 785 2235 bon.
813 2210 846 2235 et
873 2199 957 2234 mal.
984 2201 1005 2234 l.
1032 2200 1077 2234 11.
1105 2212 1133 2235 c.
1162 2209 1204 2242 2.‚
1233 2208 1267 2234 et
1293 2199 1434 2241 Suarez,
1455 2198 1498 2233 de
1529 2199 1594 2234 ult.

185 2261 254 2297 fine
281 2262 380 2296 hom.
407 2261 494 2307 disp.
522 2261 544 2296 I.
573 2269 658 2294 sect.
686 2259 729 2303 6.,
758 2271 899 2294 necnon
927 2258 1085 2305 metaph.
1115 2258 1204 2304 disp.
1231 2258 1364 2294 XXIII.
1394 2265 1478 2293 sect.
1508 2268 1538 2292 2.

278 2322 333 2367 (2)
363 2322 441 2356 Hoc
470 2321 516 2354 ita
545 2329 661 2365 potest
689 2320 728 2354 ab
757 2318 901 2354 absurdo
929 2318 1114 2353 declarari.
1142 2318 1218 2353 Sint
1247 2317 1317 2352 duo
1336 2318 1483 2352 bonaA
1503 2326 1536 2352 et
1557 2318 1595 2351 B:

185 2381 337 2416 ostendo
365 2381 541 2414 rationem
569 2379 648 2413 linis
674 2379 885 2424 simpliciter
910 2378 1027 2412 ultimi
1054 2388 1127 2412 non
1156 2387 1262 2422 posse
1283 2376 1420 2423 utrique
1449 2376 1599 2411 seorsim

187 2442 282 2474 bono
310 2439 503 2485 adaequate
531 2447 563 2473 et
591 2451 631 2472 ex
660 2438 706 2471 rei
735 2439 882 2472 veritate
909 2444 1124 2482 competere.
1156 2438 1302 2482 Quaero
1344 2435 1441 2469 enim
1480 2444 1596 2470 utrum

188 2500 211 2532 13
240 2499 420 2533 ordinetur
439 2497 481 2531 ad
500 2498 546 2539 A,
575 2509 618 2530 an
647 2497 736 2531 non?
761 2497 796 2531 Si
824 2497 988 2542 primum,
1018 2496 1043 2529 Β
1071 2507 1145 2530 non
1173 2504 1223 2529 est
1251 2494 1330 2528 finis
1357 2493 1520 2528 absolute
1546 2494 1598 2528 ul-

186 2559 302 2599 timus,
330 2558 408 2603 quia
434 2557 621 2591 ordimtur
647 2556 689 2590 ad
717 2556 826 2589 alium
854 2555 976 2589 finem:
998 2555 1052 2588 sin
1072 2562 1192 2588 autem
1211 2554 1374 2596 alterum,
1393 2552 1425 2587 A
1444 2564 1517 2588 non
1546 2560 1598 2587 est

187 2616 267 2651 linis
294 2615 455 2652 absolute
483 2616 639 2658 ultimus,
670 2616 750 2661 quia
777 2626 850 2649 non
878 2612 1000 2648 omnia
1027 2613 1070 2647 ad
1099 2613 1216 2657 ipsum
1243 2611 1464 2647 ordinantur.
