1734 2784
814 109 870 117 —-
909 97 1079 126 112—

355 178 400 235 7)
435 176 582 220 Omne
616 177 790 233 quidem
823 176 1114 219 voluntarium
1148 189 1211 219 ezt
1242 175 1440 233 volitum,
1469 177 1654 221 sednon

231 250 421 293 vicissim
457 263 587 291 omne
620 247 800 290 volitum
835 261 897 290 est
931 247 1238 290 voluntarium.
1284 247 1653 305 Distinguendum

231 323 390 364 scilicet
424 333 487 363 est
520 318 808 362 voluntarium
842 319 959 377 quod
993 320 1072 362 tale
1097 332 1159 362 est
1182 319 1369 378 effectiva,
1406 320 1431 363 i.
1457 337 1491 364 e.
1526 335 1653 363 sensu

233 392 405 444 causali,
432 406 452 433 a
475 389 613 442 volito,
643 389 759 446 quod
784 402 847 432 est
869 389 1161 432 voluntarium
1185 405 1302 433 sensit
1326 406 1428 434 mere
1451 390 1654 434 obiectivo.

230 464 280 506 In
305 463 386 505 hoc
412 464 551 519 itaque
585 460 783 503 differunt
815 460 1105 504 voluntarium
1140 473 1180 504 et
1212 461 1410 516 volitum,
1434 462 1552 521 quod
1574 479 1651 507 vo-

230 535 463 578 luntarium
509 546 778 589 compatiatur
822 532 872 575 ad
916 531 1178 575 voluntatem
1226 545 1442 591 tamquam
1478 534 1654 578 effectus

229 606 280 649 ad
315 622 498 657 causam,
532 604 716 646 volitum
750 619 853 647 vero
888 617 1156 661 comparatur
1188 604 1239 647 ad
1272 604 1468 649 eamdem
1491 605 1653 649 solum-

229 677 364 721 modo
399 690 616 733 tainquam
651 675 867 718 obiectum
903 675 953 718 ad
985 691 1107 718 suam
1154 677 1404 734 potentiam.
1440 678 1510 721 Sic
1541 678 1653 721 actio

228 749 422 801 honesta,
458 763 585 805 quam
620 746 668 789 ab
693 746 773 789 alio
807 746 897 789 fieri
933 747 1142 804 conspicis
1179 760 1218 790 et
1243 747 1465 805 approb215‚
1491 760 1553 791 est
1575 748 1650 792 tibi

228 818 532 863 tantummodo
581 818 727 874 volita,
776 818 849 861 sed
893 820 1003 861 actio
1053 818 1248 873 honesta,
1297 835 1426 878 quam
1468 821 1652 879 ipsemet

229 892 369 949 ponis,
393 906 480 933 non
513 889 647 932 modo
682 901 744 932 est
777 888 852 931 tibi
886 888 1029 942 volita,
1054 889 1128 932 sed
1152 890 1277 932 etiam
1302 903 1363 933 est
1386 888 1465 933 tibi*
1492 891 1652 934 volun-

226 963 341 1006 taria.
376 963 468 1004 Hac
500 962 543 1003 in
576 960 685 1003 thesi
718 960 936 1018 loquimur
960 960 1010 1004 de
1035 960 1277 1004 voluntario
1312 977 1439 1005 sensu
1473 963 1649 1015 causali,

225 1050 314 1077 non
349 1046 490 1076 autem
525 1032 575 1075 de
608 1031 850 1075 voluntario
879 1047 1004 1074 sensu
1030 1047 1147 1075 inere
1181 1032 1381 1077 obiecti-vo.

344 1106 395 1148 Π.
433 1104 611 1148 Tradita
658 1105 833 1146 notione
881 1103 1126 1160 voluntarii,
1175 1103 1488 1148 enumerandae
1536 1119 1653 1148 nunc

232 1190 331 1220 sunt
365 1177 614 1234 praecipuae
649 1174 843 1218 eiusdem
878 1175 1144 1232 partitiones.

346 1249 527 1291 DIVISIO
567 1248 622 1290 La
656 1245 962 1290 Voluntarium
996 1244 1203 1288 dividitur
1236 1246 1277 1288 in
1311 1245 1488 1290 elicitum
1511 1258 1552 1289 et
1572 1247 1650 1290 im·

220 1328 426 1377 peratmn.
460 1343 516 1351 —-
548 1319 608 1361 Ut
640 1318 695 1360 ait
728 1332 762 1360 S.
798 1315 996 1360 Thomas
1030 1316 1115 1375 (Ι),
1157 1317 1309 1360 «actio
1342 1317 1480 1375 aliqua
1503 1317 1650 1376 dupli-

222 1391 323 1433 citer
357 1389 511 1433 dicitur
558 1388 808 1432 voluntaria.
860 1388 960 1430 Uno
1005 1386 1158 1442 modo,
1210 1387 1310 1445 quia
1358 1388 1594 1446 imperatur
1626 1403 1651 1432 a

220 1462 460 1514 voluntate,
495 1462 607 1504 sicut
655 1459 870 1502 ambulare
913 1458 979 1502 vel
1026 1458 1172 1516 loqui:
1223 1458 1306 1502 alio
1351 1458 1502 1514 modo,
1547 1461 1651 1518 quia.

225 1532 392 1575 elicitur
424 1548 446 1575 a
477 1531 712 1584 voluntate,
746 1531 856 1573 sicut
889 1531 1035 1587 ipsum
1067 1529 1189 1573 Velle.
1218 1546 1237 1569 »
1277 1531 1425 1588 Itaque
1458 1530 1650 1574 elicitum

226 1741 314 1777 quae
340 1738 462 1764 tamen
489 1740 564 1763 non
593 1727 825 1773 consequitur
850 1737 992 1772 semper
1019 1726 1061 1760 ad
1089 1726 1429 1761 non-voluntarium
1469 1741 1486 1758 »
1516 1727 1566 1762 Ut
1600 1725 1650 1762 ait

223 1800 250 1824 s.
279 1790 545 1830 Bomventura,
587 1789 623 1822 in
650 1789 673 1823 1.
702 1798 734 1822 1.
774 1795 863 1821 sent.
904 1786 983 1820 dist.
1023 1787 1099 1827 VI„
1140 1786 1488 1821 non-voluntarium
1532 1785 1648 1822 estid

228 1862 248 1881 «
273 1857 435 1894 respectu
462 1849 562 1882 cuius
588 1847 756 1881 voluntas
783 1857 857 1880 non
883 1845 989 1879 habet
1016 1845 1194 1880 rationem
1222 1857 1349 1880 causae
1365 1845 1423 1880 vel
1442 1856 1654 1891 repugnan-

223 1908 306 1942 tiae.
334 1921 352 1939 »
380 1906 477 1953 Lege
505 1907 611 1941 etiam
639 1907 784 1947 Suare2‚
815 1904 857 1939 de
884 1904 1022 1947 volunt,
1049 1914 1082 1939 et
1109 1903 1285 1939 involunt.
1314 1904 1405 1950 disp.
1428 1904 1473 1939 II.
1495 1912 1583 1939 sect.
1616 1914 1645 1939 1.

223 1979 325 2013 sqq.:
364 1967 411 2001 ibi
440 1966 625 2012 distinguit
650 1965 779 2011 triplex
819 1964 1115 2006 involuntarium,
1153 1964 1320 2010 negatt've,
1345 1963 1544 2011 privative,
1570 1974 1652 1998 con-

226 2027 346 2060 trarie.

321 2085 376 2130 (1)
404 2085 444 2119 In
475 2096 504 2120 1.
536 2095 567 2120 2.
595 2097 627 2131 q.
658 2097 686 2120 1.
729 2095 762 2120 a.
797 2095 824 2118 1.
852 2084 895 2118 Et
922 2083 959 2117 in
987 2083 1012 2118 1.
1041 2082 1103 2117 ΙΙΙ.
1133 2089 1226 2116 sent.
1264 2081 1344 2116 dist.
1371 2080 1522 2115 XXVII.
1552 2092 1585 2127 q.
1613 2089 1646 2114 2.

225 2155 256 2178 a.
283 2154 316 2188 4.
346 2157 365 2176 «
389 2144 459 2179 hoc
486 2145 644 2187 interest,
672 2144 733 2186 ait,
764 2145 857 2178 inter
883 2143 999 2178 elicere
1025 2150 1147 2176 actum
1173 2150 1207 2176 et
1233 2141 1420 2187 imperare,
1450 2139 1546 2187 quod
1571 2140 1646 2174 ha-

223 2205 318 2239 bitus
345 2204 403 2239 vel
442 2205 604 2250 potentia
641 2204 731 2239 elicit
765 2203 868 2237 illum
903 2212 1036 2244 actum,
1078 2212 1184 2247 quem
1225 2200 1388 2247 producit
1428 2199 1528 2234 nullo
1566 2210 1651 2234 me-

225 2264 356 2307 diante,
384 2263 445 2298 sed
471 2264 617 2311 imperat
643 2272 763 2297 actum
791 2263 848 2309 qui
875 2261 1082 2307 producitur
1107 2260 1292 2295 mediante
1319 2259 1481 2305 potentia
1498 2258 1556 2294 vel
1581 2257 1652 2292 ha·

223 2322 300 2357 bitu
326 2321 484 2357 inferiori
508 2323 600 2357 circa
627 2322 808 2357 obiectum
835 2321 931 2356 illius
958 2320 1153 2366 potentiae.
1170 2333 1188 2351 »
1218 2319 1342 2365 Itaque
1369 2332 1387 2351 «
1416 2326 1516 2353 actus
1543 2316 1646 2352 elici-

222 2390 293 2424 tus,
322 2390 359 2416 ut
386 2382 499 2429 inquit
517 2382 734 2428 Tongiorgi,
763 2381 844 2416 Eth.
866 2392 968 2415 num.
998 2388 1071 2424 75„
1100 2378 1227 2413 dicitur
1251 2377 1474 2412 voluntarius
1500 2383 1653 2422 propter

225 2442 475 2477 immediatam
507 2441 785 2488 dependentiam
812 2452 831 2474 a
857 2439 1054 2481 voluntate,
1082 2446 1120 2472 ut
1158 2450 1178 2472 a
1203 2448 1268 2472 suo
1306 2436 1505 2483 principio:
1546 2442 1652 2469 actus

223 2511 310 2534 vero
339 2500 531 2547 imperatus
559 2500 687 2534 dicitur
710 2498 935 2533 voluntarius
969 2495 1266 2531 denominatione
1291 2501 1460 2529 manante
1494 2492 1538 2527 ab
1563 2499 1650 2527 actu

224 2558 358 2602 elicito,
385 2560 487 2593 cuius
514 2567 567 2594 est
593 2558 774 2593 obiectum
802 2567 836 2592 et
862 2556 1020 2592 effectus.
1047 2569 1065 2588 »
