1734 2784
749 106 983 149 *41-

152 192 395 236 voluntatis.
410 193 578 235 Etenim
598 189 806 250 quidquid
825 190 1130 245 desideramus,
1149 191 1245 235 ideo
1265 191 1570 247 desideramus,

151 265 250 323 quia
281 263 482 307 volumus
515 262 597 306 frui
631 262 753 307 bonis
788 274 828 306 et
861 277 1000 306 carere
1034 262 1174 320 malis,
1196 263 1423 322 seu‚quod
1455 263 1570 307 idem

149 337 357 395 est‚·quia
388 335 591 380 volumus
625 350 717 379 esse
751 334 905 378 felices.
938 335 1041 380 Non
1074 333 1149 379 alia
1198 351 1295 379 sane
1344 335 1394 379 de
1445 352 1567 380 causa

147 406 216 451 hic
247 408 471 466 pecuniam
505 418 647 466 optat,
680 406 748 450 ille
782 406 923 451 studet
970 406 1178 465 voluptati
1199 444 1209 461 ,
1244 407 1311 450 hic
1345 408 1566 452 scientiam

147 478 370 537 desiderat,
398 478 465 524 ille
489 491 672 523 sectatur
690 480 908 523 virtutem.
941 480 1086 537 Itaque
1111 478 1178 521 hic
1201 479 1411 538 appetitus
1435 479 1565 523 veluti

146 550 290 595 subest
311 550 655 610 quibuscumque
679 550 837 594 actibus
858 564 1028 595 nostrae
1056 551 1304 609 voluntatis,
1324 567 1564 611 eorumque

144 635 206 667 est
239 624 365 681 origo
398 639 443 667 ac
475 609 817 667 fundamentum.
854 622 976 677 Quid
1009 635 1150 668 autem
1184 623 1326 667 subest
1361 623 1562 668 omnibus

141 694 374 740 voluntatis
408 694 585 749 actibus,
621 707 838 753 tamquam
874 695 1005 747 radix,
1042 712 1090 739 ex
1125 711 1206 754 qua
1238 711 1389 739 omnes
1424 695 1564 754 pullu-

142 767 240 825 lant,
271 768 354 811 nisi
387 768 478 826 ipsa
509 769 691 811 natura?
726 769 808 812 Hic
842 768 972 825 igitur
1005 769 1213 827 appetitus
1249 779 1311 811 est
1345 768 1558 812 naturalis.

259 840 331 883 ΙΙΙ.
371 838 607 883 Consecutio
641 841 762 883 lmins
804 839 1065 884 beatitudinis
1088 875 1097 892 ,
1147 855 1271 898 qnam
1319 840 1562 884 mumczlit'er

138 914 379 970 appetimus,
397 921 451 956 est
482 928 562 956 non
586 913 700 956 modo
717 912 930 971 possibilis,
949 913 1017 956 sed
1037 915 1156 956 eliam
1189 921 1381 956 certc1.—-
1400 913 1472 956 Est
1495 912 1558 970 1⁰)

132 985 347 1043 possibilis.
380 985 432 1030 Et
466 1000 565 1029 sane
607 986 819 1043 appetitus
858 985 1083 1041 felicitatis7
1123 1000 1219 1028 cum
1254 985 1306 1027 sit
1339 984 1554 1038 naturalis,

137 1068 199 1100 est
231 1057 363 1100 veluti
387 1070 531 1101 motus
549 1058 700 1100 animis
719 1058 875 1101 nostris
894 1058 1130 1115 impressus
1155 1056 1203 1101 ab
1227 1058 1319 1114 ipso
1344 1056 1554 1100 humanae

136 1140 308 1174 naturae
338 1142 528 1182 auctore,
563 1129 636 1187 qui
670 1141 732 1172 est
756 1130 888 1173 Deus.
914 1130 1010 1173 Hoc
1044 1129 1254 1188 principio
1288 1143 1555 1186 praesuppo-

136 1200 233 1257 sito,
266 1200 325 1245 sic
357 1201 579 1258 arguimus
612 1200 695 1260 (1).
734 1201 824 1254 Qui
858 1202 1023 1259 sapiens
1058 1213 1136 1256 est,
1159 1201 1191 1243 is
1225 1199 1417 1258 profecto
1443 1215 1553 1257 opus

135 1287 262 1315 suum
296 1271 449 1316 frustra
480 1286 521 1316 et
552 1273 734 1317 inaniter
767 1288 854 1316 non
890 1272 1068 1331 impellit
1100 1285 1170 1316 aut
1205 1270 1373 1314 ordinat
1411 1270 1461 1314 ad
1496 1270 1550 1324 id,

133 1345 252 1388 cuius
287 1345 500 1389 assecutio
533 1358 596 1389 est
628 1345 919 1404 impossibilis.
955 1347 1083 1403 Atqui
1119 1347 1238 1389 Deus
1272 1356 1335 1387 est
1377 1345 1549 1402 sapien-

130 1415 353 1459 tissimus:
386 1415 609 1463 hominem
643 1433 775 1473 vero,
808 1417 1223 1475 praestantissimum
1269 1430 1396 1457 suum
1440 1430 1549 1472 opus

131 1487 240 1531 inter
272 1486 466 1541 visibilia,
499 1487 699 1547 propellit
723 1489 774 1532 ad
796 1488 1115 1533 beatitudinem.
1138 1490 1251 1545 Ergo
1276 1487 1545 1531 beatitudiuis

129 1559 338 1602 assecutio
353 1571 415 1602 est
428 1559 655 1617 possibilis.
681 1562 755 1604 Est
771 1561 836 1620 2⁰)
854 1570 974 1605 ειίἰα.
995 1562 1045 1604 Et
1065 1576 1162 1603 sane
1181 1577 1231 1604 ex
1255 1559 1409 1603 eodem
1429 1576 1546 1618 prae-

129 1630 277 1674 stituto
296 1631 506 1690 principio
528 1632 587 1675 sic
607 1634 842 1690 arguimus.
865 1633 953 1686 Qui
975 1646 1112 1676 rectus
1132 1644 1193 1676 est
1218 1648 1263 1675 ac
1293 1631 1492 1688 clemens,
1512 1632 1545 1674 is

127 1701 321 1760 profecto
354 1703 389 1746 si
422 1719 551 1761 quem
586 1705 697 1748 serio
732 1704 858 1748 allicit
890 1718 930 1747 et
966 1703 1145 1762 impellit
1178 1704 1229 1747 ad
1254 1703 1432 1760 bonum,
1456 1720 1542 1746 non

125 1772 344 1829 eumdem,
379 1774 537 1833 absque
569 1776 661 1819 eius
695 1776 832 1834 culpa,
854 1788 1061 1834 perpetuo
1081 1775 1255 1819 deludit.
1275 1777 1405 1833 Atqui
1424 1777 1541 1819 Deus

124 1856 186 1887 est
218 1845 309 1903 ipsa
340 1846 553 1890 rectitudo
586 1848 762 1906 ipsaque
794 1848 985 1891 bouitas:
1022 1847 1243 1891 hominem
1279 1863 1379 1891 vero
1414 1847 1541 1892 allieit

123 1927 163 1959 et
195 1916 375 1975 impellit
407 1917 458 1961 ad
490 1917 814 1964 beatitudinem.
854 1921 967 1977 Ergo
1002 1918 1415 1977 hominem,absque
1450 1921 1539 1963 eius

121 1987 259 2046 culpa,
293 2004 381 2033 non
414 1989 587 2034 deludet
621 1992 661 2035 in
712 2004 981 2049 perpetuum,
1016 1990 1088 2036 sed
1123 1991 1157 2034 ei
1197 1990 1353 2052 absque
1405 1991 1536 2035 dubio

120 2057 424 2105 beatitudinem
457 2060 682 2120 aliquando
718 2063 932 2120 largietur.

240 2132 290 2174 Et
323 2147 367 2175 re
400 2133 573 2191 quidem
608 2150 706 2178 vera
726 2134 826 2178 baec
845 2136 884 2177 in
910 2134 1152 2178 felicitatem
1180 2135 1414 2188 inclinatio,
1438 2152 1535 2178 cum

119 2202 172 2245 sit
204 2204 420 2261 naturalis,
454 2219 516 2249 est
548 2206 816 2265 aequivalens
850 2206 1011 2250 locutio
1046 2219 1084 2250 et
1135 2207 1253 2251 realis
1305 2208 1536 2265 promissio

210 2401 263 2444 (ι)
291 2399 345 2435 Cf.
372 2401 496 2445 s.Tl1.,
520 2413 545 2437 1.
562 2414 592 2448 p.
615 2415 646 2449 q.
665 2413 719 2448 75.
747 2415 775 2437 a.
797 2415 836 2445 1.,
857 2404 916 2438 ubi
939 2403 1008 2438 hoc
1028 2405 1146 2439 statuit
1176 2404 1406 2450 principium:
1431 2420 1443 2431 u
1466 2404 1535 2438 Na-

117 2458 228 2494 turale
254 2459 469 2495 deside-:ium
500 2474 573 2497 non
603 2471 720 2508 potest
748 2475 824 2498 esse
866 2464 979 2498 inane.
1012 2480 1027 2493 ›·
1070 2463 1122 2499 (js.
1150 2465 1194 2497 dn·
1222 2464 1388 2498 Valentia
1428 2476 1532 2497 com-

114 2527 224 2554 ment.
253 2519 287 2554 in
319 2531 343 2554 1.
373 2532 406 2565 p.
436 2531 462 2554 s.
491 2520 658 2556 Thomae
686 2522 774 2569 disp.
805 2523 865 2558 VI.
894 2533 1026 2571 quaest.
1062 2536 1071 2559 1
1108 2533 1240 2569 puncto
1262 2524 1319 2558 ΙΙΙ.
1348 2524 1390 2557 de
1411 2534 1531 2557 ess-ew

115 2577 160 2612 tia
188 2578 340 2613 animae.
371 2580 460 2615 vidt-
488 2580 594 2615 etiam
626 2582 765 2618 Suarcz,
792 2583 835 2617 de
864 2582 922 2618 ultv
952 2583 1020 2618 stuc
1050 2584 1135 2630 disp.
1168 2585 1225 2619 lx'.
1257 2593 1339 2618 nect.
1370 2584 1407 2617 ΙΙ.
