1734 2784
786 82 849 102 -·
874 75 958 127 2‘30
989 95 1046 104 ..-

209 163 317 206 male
350 176 565 221 operatur,
597 175 771 207 eatenus
804 177 865 207 est
899 164 1007 207 male
1039 163 1210 208 affectus
1234 164 1285 208 ad
1307 164 1470 208 bonum
1505 182 1628 210 com-

211 250 353 291 mune,
387 247 426 277 et
458 246 583 277 nocet
616 235 928 291 communitati,
961 234 1108 278 saltem
1144 235 1285 294 quoad
1313 235 1496 295 aliquam
1530 238 1627 281 eius

213 319 391 363 partem,
427 317 472 348 ut
505 318 617 363 patet
649 323 699 349 ex
732 307 893 350 ratione
925 305 1019 350 data
1057 308 1165 350 circa
1207 306 1312 350 bene
1350 320 1619 365 operantem,

212 393 308 419 cum
343 392 523 434 operans
558 377 665 420 male
697 379 888 435 operanti
926 378 1031 422 bene
1065 391 1308 436 opponatur
1341 395 1364 422 e
1397 379 1627 425 diametro.

212 447 278 491 Ad
312 450 454 491 Deum
488 450 617 505 igitur
650 462 823 507 spectat,
857 462 902 493 ut
934 450 1137 508 rependat
1171 451 1357 508 praemia
1390 463 1430 494 et
1463 451 1624 508 infligat

213 520 418 578 supplicia
451 521 555 564 bene
587 534 627 564 et
661 521 768 564 male
801 521 1086 580 operantibus,
1120 534 1245 580 atque
1278 522 1329 566 ad
1353 524 1436 566 hoc
1458 535 1631 565 utrum-

214 608 296 650 que
343 592 639 649 praestandum
689 605 857 636 tenetur
900 593 1047 637 eadem
1096 595 1260 637 ratione
1308 606 1348 638 et
1394 593 1502 651 lege,
1546 609 1634 652 qua,

215 665 506 707 universaliter
552 677 718 707 tenetur
768 666 1009 723 prospicere
1058 665 1172 709 bono
1221 666 1408 709 universi
1453 666 1637 724 eiusque·

216 735 375 778 malum
409 736 539 778 vitare
571 752 621 778 ex
654 736 969 793 suppositione,
1005 737 1121 795 quod
1155 737 1255 781 velit
1288 738 1554 781 existentiam
1589 749 1629 781 et

217 808 586 850 conservationem
620 807 812 850 eiusdem
846 809 1044 851 universi.
1079 825 1098 848 »

335 880 450 936 Duo,
483 895 590 937 quae
623 879 854 937 attulimus,
877 892 1128 937 argumenta
1161 879 1468 923 confirmantur
1490 879 1639 923 Verbis-

217 967 247 993 s.
283 951 484 994 Thomae
515 951 598 1009 (Ι)
639 970 658 992 «
692 953 824 994 Actus
853 951 1029 994 alicuius
1054 951 1245 994 hominis
1269 951 1392 995 habet
1416 953 1625 995 rationem

215 1023 356 1065 meriti
383 1022 450 1065 vel
473 1022 682 1079 demeriti,
705 1022 943 1066 secundum
968 1022 1084 1081 quod
1109 1023 1331 1066 ordinatur
1355 1022 1405 1065 ad
1430 1022 1627 1077 alterum,

214 1094 279 1138 vel
312 1096 469 1138 'ratione
500 1096 596 1151 eius,
629 1094 694 1137 vel
728 1096 881 1137 ratione
912 1096 1226 1138 communitatis.
1256 1095 1452 1151 Utroque
1485 1105 1633 1137 auten}

216 1165 349 1209 modo
382 1178 498 1209 actus
532 1166 671 1209 nostri
704 1165 804 1208 boni
837 1165 902 1208 vel
935 1164 1034 1208 mali
1068 1164 1220 1208 habent
1255 1165 1467 1208 rationem
1492 1165 1630 1207 meriti

214 1237 281 1281 vel
305 1238 499 1280 demeriti
521 1237 632 1294 apud
656 1239 815 1280 Deum.
835 1261 892 1269 -
909 1238 1078 1282 Ratione
1100 1237 1260 1295 qnidam
1284 1238 1424 1294 ipsius,
1448 1237 1638 1294 inquan-

217 1322 309 1352 tum
343 1321 405 1351 est
438 1308 615 1351 ultimus
663 1308 850 1351 hominis
898 1307 1009 1353 finis:
1060 1321 1122 1351 est
1154 1321 1297 1351 autern
1347 1307 1551 1361 debitum,
1586 1320 1632 1350 ut

220 1379 271 1422 ad
301 1378 431 1422 finem
465 1379 665 1422 ultimum
702 1395 853 1423 omnes
887 1392 1003 1422 actus
1041 1379 1290 1433 referantur,
1323 1392 1369 1422 ut
1403 1394 1532 1437 supra
1563 1378 1637 1421 ha-

221 1450 356 1493 bitum
390 1462 453 1493 est
485 1450 569 1509 (2):
604 1451 715 1494 unde
747 1452 819 1509 qui
853 1451 947 1495 facit
981 1464 1123 1494 actum
1157 1450 1317 1494 malum
1363 1466 1450 1493 non
1483 1450 1639 1494 referi-—

221 1521 350 1564 bilem
384 1522 426 1563 in
459 1523 621 1576 Deum,
654 1537 742 1565 non
773 1535 910 1566 servat
957 1523 1169 1565 honorem
1217 1523 1314 1579 Dei,
1363 1523 1436 1580 qui
1480 1522 1642 1565 ultimo-

221 1593 296 1637 fini
327 1593 514 1637 debetur.
539 1619 595 1627 —
612 1596 678 1638 Ex
692 1603 811 1652 parte
843 1610 937 1638 vero
961 1596 1081 1638 totius
1103 1596 1406 1638 communitatis
1429 1594 1641 1647 universi‚,

224 1666 322 1723 quia
354 1666 397 1708 in
431 1665 614 1723 qualibet
647 1667 956 1709 communitate
987 1665 1072 1723 ille,
1105 1666 1178 1724 qui
1211 1666 1319 1722 regit
1353 1665 1636 1708 communita-

224 1751 324 1791 tem,
359 1738 583 1795 praecipue
615 1736 739 1780 habet
788 1752 930 1780 curam
979 1737 1079 1780 boni
1128 1737 1388 1780 communis:
1436 1736 1548 1779 unde
1585 1735 1645 1778 ad„
1700 1766 1705 1773 .

222 1824 325 1852 eum
364 1810 545 1865 pertinet
591 1807 821 1851 retribuere
869 1823 946 1866 pro
994 1807 1075 1864 his,
1109 1823 1215 1865 quae
1262 1805 1366 1850 bene
1414 1805 1482 1849 vel
1530 1805 1647 1849 male-

224 1878 332 1921 fiunt
377 1880 420 1922 'm
452 1880 771 1922 communitate.
821 1879 895 1922 Est
942 1890 1083 1921 autem
1131 1879 1250 1921 Deus
1294 1877 1552 1935 gubernator
1600 1888 1647 1920 et*

227 1963 366 1994 rector
397 1952 528 1993 totius
562 1952 763 2004 universi,
795 1951 904 1993 sicut
935 1950 978 1992 in
1010 1950 1150 2007 primo
1184 1948 1375 1991 habitum
1400 1960 1463 1991 est
1489 1947 1574 2007 (3),
1599 1959 1647 1991 et:

225 2023 461 2081 specialiter
493 2035 780 2066 creaturarum
803 2021 1085 2065 rationalium.
1109 2019 1235 2064 Unde
1258 2019 1531 2063 manifestum
1554 2031 1643 2074 est,

226 2094 344 2153 quod
376 2106 492 2138 actus
525 2093 702 2136 humani
735 2092 887 2136 habent
920 2093 1131 2136 rationem
1165 2091 1305 2134 meriti
1343 2090 1408 2134 vel
1442 2090 1640 2134 demeriti

229 2182 302 2225 per
335 2167 701 2225 comparationem
735 2167 783 2209 ad
816 2167 971 2225 ipsum:
1007 2165 1198 2223 alioquin
1233 2175 1482 2221 sequeretur
1520 2163 1643 2222 quod

229 2239 348 2281 Deus
380 2252 468 2281 non
500 2236 673 2280 haberet
707 2253 849 2281 curam
883 2236 934 2281 de
967 2236 1128 2280 actibus
1162 2235 1376 2278 humanis.
1410 2251 1430 2274 »

327 2434 384 2478 (1)
412 2434 450 2467 In
483 2445 510 2468 1.
538 2443 568 2468 2.
596 2447 630 2480 q.
660 2445 714 2469 21.
743 2445 773 2468 a.
800 2444 832 2476 4.

326 2494 382 2537 (2)
411 2495 459 2536 Q·
494 2505 544 2540 19-
573 2505 604 2528 a·
639 2504 688 2528 10-

325 2554 382 2598 (3)
410 2555 455 2596 Q.
489 2563 564 2598 103.
591 2565 621 2587 a.
648 2552 683 2588 6.
