1734 2784
735 93 791 101 —.
825 81 911 123 424
948 92 993 101 -.

159 164 248 207 dire
287 180 339 206 ex
375 163 560 205 hominis
595 162 715 220 culpa
751 175 946 220 possunt,
980 161 1048 206 vel
1081 178 1187 220 quae
1228 162 1423 207 eamdem
1467 165 1582 209 adiu-

159 248 275 285 vant,
311 236 398 276 sive
435 234 484 276 de
517 233 783 291 passionibus
818 249 864 277 ac
897 233 1121 277 virtutibus
1155 250 1344 291 agamus.

284 321 375 361 154.
411 308 475 348 De
509 305 775 363 passionibus
809 318 953 349 autem
1001 318 1041 348 et
1089 305 1298 349 habitibus
1352 305 1576 364 dupliciter

162 379 402 434 pertractari
436 391 590 434 potest,
625 377 866 421 secundum
900 393 991 420 esse
1026 377 1255 435 physicum
1293 390 1333 421 et
1366 379 1406 420 in
1434 378 1583 423 ordine

166 448 215 490 ad
251 447 548 491 moralitatem.
585 449 737 500 Quum
771 463 872 490 vero
908 449 948 490 in
982 447 1270 505 Psychologia
1302 447 1352 491 de
1376 450 1582 506 passioni-

161 520 255 572 bus,
292 521 333 561 in
367 519 607 577 Ontologia
649 519 700 563 de
749 519 960 562 habitibus
1010 520 1228 563 secundnm
1261 536 1337 564 esse
1375 521 1583 579 physicum

161 591 362 648 inspectis
396 590 664 647 disputetur3
699 590 797 633 hinc
833 607 879 633 ea
920 591 1080 643 omnia,
1119 606 1224 648 quae
1272 591 1314 634 in
1362 591 1582 648 praedictis

162 662 353 704 scientiis
386 660 623 714 traduntur,
661 663 814 704 merito
848 674 1243 719 praesupponentes
1291 674 1361 705 aut
1403 663 1584 706 breviter

161 732 463 775 tantummodo
497 733 745 790 recolentes,
779 733 829 776 de
864 733 1022 776 iisdem
1057 735 1198 791 potius
1232 750 1406 791 agemus
1444 736 1485 777 in
1519 750 1583 779 or-

160 804 251 846 dina
283 803 338 846 ad
378 804 661 847 moralitatem.

675 1023 1014 1067 ARTICULUS
1047 1024 1078 1067 Ι.

566 1157 651 1198 De
700 1156 1187 1210 passionibus.

293 1336 384 1375 155.
420 1321 675 1363 passionum
706 1322 876 1376 genesim
908 1320 1012 1363 bene
1046 1320 1223 1378 explicat
1244 1321 1485 1378 Tongiorgi
1512 1320 1583 1380 (1)

175 1393 291 1435 hisce
325 1391 410 1434 fere
441 1391 592 1434 verbis.
617 1416 673 1423 —
699 1392 1036 1448 Saepenumero,
1061 1392 1147 1434 sive
1169 1408 1219 1434 ex
1242 1393 1418 1434 internis
1445 1393 1582 1435 causis

164 1465 253 1507 sive
277 1480 326 1506 ex
349 1463 639 1520 quorumdam
672 1475 947 1505 externorum
982 1462 1250 1506 obiectorum
1284 1464 1584 1521 impressione,

165 1536 357 1592 gignitur
381 1535 423 1576 in
441 1535 596 1577 nostris
619 1534 788 1590 organis
807 1535 1003 1577 intestina
1021 1533 1228 1591 quaedam
1249 1534 1444 1577 molestia
1463 1546 1503 1578 et
1521 1535 1583 1578 in-

171 1605 391 1663 quietudo,
410 1621 483 1648 seu
518 1606 644 1648 etiam
669 1604 817 1649 dolor.-
852 1604 953 1648 haec
987 1617 1129 1648 autem
1154 1620 1285 1662 quum
1321 1606 1584 1663 experimur,

166 1689 318 1735 sponte
338 1678 578 1734 appetimus
593 1692 654 1729 ea,
669 1692 775 1734 quae
793 1691 871 1719 nos
889 1675 937 1719 ab
957 1675 1029 1719 illo
1049 1688 1158 1719 statu
1178 1677 1367 1732 eximere
1387 1689 1584 1733 possunt,

165 1765 298 1807 eaque
335 1764 595 1801 aversamur,
631 1764 738 1806 quae
771 1748 893 1790 illum
928 1748 1174 1805 producunt
1206 1761 1278 1791 aut
1311 1761 1582 1806 promovent.

168 1822 365 1863 Iamvero
389 1819 595 1862 molestos
619 1819 713 1862 illos
737 1832 872 1862 status
897 1835 1129 1877 possumus
1154 1835 1250 1862 cum
1274 1818 1585 1862 recentioribus

167 1892 375 1951 appellare
398 1893 606 1935 naturales
632 1892 873 1949 indigentias
898 1891 1091 1951 (bisogni)
1110 1908 1124 1935 .·
1145 1892 1172 1934 ii
1196 1905 1336 1935 autem
1360 1892 1584 1949 spontanei

171 1977 316 2007 motus
350 1964 621 2022 appetitionis
655 1963 720 2006 vel
752 1964 1001 2021 aversionis,
1024 1964 1096 2020 qui
1129 1963 1393 2020 praedictum
1427 1975 1584 2006 statum

165 2044 506 2093 eonsequuntur,
539 2047 637 2077 sunt
669 2044 782 2078 actus
814 2036 1018 2092 appetitus
1065 2035 1261 2078 sensitivi.
1296 2035 1448 2087 Quum
1482 2049 1585 2077 vero

167 2106 329 2164 aliquid
362 2106 544 2163 agendo,
576 2106 642 2149 vel
676 2105 724 2149 ab
750 2105 886 2164 aliqua
908 2107 1075 2149 actione
1099 2105 1319 2158 cessando,
1342 2117 1383 2148 et
1407 2104 1585 2153 alicuius

169 2178 324 2222 obiecti
357 2180 622 2222 assecutione
655 2177 722 2221 vel
755 2179 1012 2232 remotione,
1035 2177 1215 2220 naturali
1238 2176 1497 2234 indigentiae
1524 2193 1586 2220 sa·

170 2249 420 2302 tisfecimuS,
444 2261 577 2292 cessat
609 2249 816 2292 molestus
837 2249 905 2291 ille
925 2264 1186 2306 organorum
1209 2259 1356 2300 statUS,
1381 2263 1426 2290 ac
1454 2259 1586 2290 status

168 2319 273 2363 alter
292 2319 496 2375 succedit,
517 2335 780 2377 organorum
808 2333 997 2363 texturae
1014 2332 1138 2377 atque
1162 2320 1374 2376 organicis
1399 2318 1587 2367 functio-

268 2541 324 2586 (1)
351 2541 521 2585 Psychol.
546 2540 572 2576 l.
604 2541 664 2575 111.
691 2552 720 2575 c.
749 2541 810 2575 XI.
838 2549 901 2576 art.
928 2541 973 2575 ΙΙ.
1002 2552 1100 2576 num.
1130 2538 1211 2584 506.

1696 203 1713 220 1-.
1689 92 1713 197 iar-*⁹44
1695 0 1711 79 22-

1703 1072 1727 1126 *i
