1734 2784
707 172 759 178 “-·
796 160 878 203 347
914 171 966 178 ’-

121 245 165 288 in
196 242 324 287 altera
355 243 441 285 vita
473 252 686 300 paratum,
722 240 857 284 malos
890 253 1033 284 autem
1066 240 1326 299 praesentire
1361 255 1544 297 poenam

121 315 171 359 ab
202 315 307 373 ipsis
341 314 384 357 in
416 313 544 357 altera
575 314 658 356 vita
703 312 921 368 luendam,
968 312 1048 355 nisi
1081 328 1103 354 a
1134 312 1249 354 vitiis
1294 310 1548 354 desisterent

122 402 170 431 ac
200 387 512 444 resipiscerent.
548 387 805 442 Congruum
839 385 1020 428 omnino
1055 396 1155 440 erat,
1180 382 1297 442 quod
1330 382 1432 425 boni
1467 398 1544 426 ex-

121 459 361 516 perirentur
394 458 546 515 iugum
581 457 745 500 divinae
792 456 897 513 legis
931 471 1022 499 esse
1071 471 1215 510 suave,
1252 454 1352 497 mali
1404 467 1547 498 autem

122 530 416 587 experirentur
450 528 607 571 durum
643 541 681 571 et
716 543 908 571 amarum
942 543 1048 580 esse,
1070 528 1215 570 Deum
1250 525 1545 583 derelinquere

122 601 300 659 eiusque
332 600 484 657 iugum
518 612 727 652 excutere.
766 600 897 657 Atqui
933 597 1050 656 quod
1085 613 1328 655 congruum
1364 609 1403 640 et
1437 611 1546 639 con-

120 671 294 716 veniens
328 683 405 727 est,
437 671 555 713 Deus
589 669 685 713 facit
715 669 798 728 (1).
1409 669 1412 672 ⁴

239 743 353 786 Hinc
386 742 430 801 Ι3)
464 741 684 799 arguendo
718 758 742 784 cz
770 742 982 799 posteriori
1005 756 1077 783 seu
1109 740 1157 783 ab
1181 739 1455 797 experientia,
1481 753 1543 781 re-

119 830 218 873 apse
250 815 293 857 in
327 814 404 857 hac
436 815 527 872 ipsa
559 815 638 857 vita
677 813 795 871 plura
829 813 939 856 bona
968 825 1065 855 sunt
1102 811 1402 870 providissime
1437 826 1546 853 con-

118 885 262 928 iuncta
311 900 408 928 cnm
455 886 627 941 virtute,
662 884 866 942 pluraque
916 883 1023 926 mala
1073 899 1171 926 cum
1219 883 1334 925 vitiis
1369 881 1541 924 sociata:

118 955 197 1000 alia
230 955 407 1014 quidem
441 956 717 1008 essentialiter,
753 955 827 998 alia
863 971 963 998 vero
999 954 1257 1009 naturaliter,
1292 953 1367 996 alia
1401 965 1544 995 autem

120 1027 341 1081 moraliter,
387 1027 502 1069 iuxta
537 1026 690 1070 claram
724 1026 970 1083 Tongiorgi
1010 1025 1099 1084 (2),
1135 1041 1264 1083 quem
1309 1024 1547 1080 sequimur,

119 1099 409 1157 partitionem.
443 1125 501 1129 —
535 1098 761 1151 Quaedam
795 1099 935 1155 itaque
982 1097 1093 1140 bona
1136 1098 1298 1149 virtuti,
1335 1094 1544 1153 quaedam

124 1168 233 1212 mala
265 1169 370 1212 vitio
405 1182 503 1211 sunt
553 1170 694 1211 iuncta
741 1169 1016 1212 essentialiter.
1066 1169 1216 1212 Virtus
1267 1167 1381 1209 enim
1430 1163 1546 1207 affert

117 1256 266 1298 pacem
299 1252 339 1283 et
372 1240 575 1297 gaudium
609 1240 680 1299 (3)
714 1241 860 1294 animi,
897 1241 1076 1297 eiusque
1111 1238 1328 1282 facultates
1364 1235 1541 1295 perficit:

116 1312 270 1355 vitium
302 1328 407 1355 vero
441 1313 632 1355 amaritie
664 1311 735 1370 (4)
770 1311 902 1369 replet
938 1311 1146 1367 animum,
1192 1311 1369 1367 eiusque
1414 1304 1544 1351 facul-

216 1542 273 1587 (1)
301 1541 357 1575 Ad
386 1542 476 1575 hanc
504 1541 757 1576 adstruendam
786 1543 974 1576 veritatem
1004 1542 1067 1587 ipsi
1097 1542 1233 1576 ethnici
1262 1552 1410 1586 arguere
1450 1539 1543 1574 sole-

117 1602 205 1636 bant
231 1613 251 1635 a
273 1601 399 1648 priori.
430 1616 445 1631 «
464 1601 576 1643 Nihil,
605 1602 783 1647 sapienter
801 1601 915 1636 aiebat
947 1602 1131 1643 Isocrates}
1160 1610 1248 1635 orat.
1272 1600 1313 1634 de
1341 1608 1543 1645 permutat.‚

117 1661 237 1706 magis
264 1661 393 1694 rationi
421 1659 638 1701 adversatur,
666 1672 772 1706 quam
802 1672 928 1695 eorum
956 1661 1098 1706 opinio,
1128 1660 1188 1706 qui
1216 1659 1381 1705 quamvis
1416 1659 1541 1692 existi-

116 1729 217 1755 ment
243 1720 415 1754 iustitiam
444 1721 477 1753 in
505 1730 542 1753 se
570 1720 826 1765 pulchriorem,
854 1720 1002 1766 Diisque
1043 1720 1284 1764 acceptiorem
1320 1731 1406 1759 esse,
1435 1730 1541 1765 quam

116 1779 344 1820 iniustitiam,
373 1779 612 1813 nihilominus
641 1780 708 1813 sibi
735 1779 875 1825 fingunt
906 1781 953 1814 ita
994 1789 1225 1825 comparatas
1253 1791 1327 1813 esse
1366 1779 1543 1813 humanas

117 1850 186 1881 res,
215 1847 252 1874 ut
281 1850 324 1873 ex
350 1838 580 1885 improbitate
607 1838 686 1884 plus
726 1839 908 1873 hauriatur
935 1839 1173 1873 emolumenti
1216 1850 1322 1885 quam
1355 1851 1397 1873 ex
1424 1839 1542 1873 lione-

117 1906 218 1933 state.
243 1912 260 1929 ›>

214 1957 271 2003 (2)
298 1957 379 1991 Eth.
407 1968 506 1991 num.
539 1968 615 2003 192.
638 1968 735 2003 seqq.

213 2016 269 2062 (3)
301 2030 317 2047 ‹<
335 2016 486 2051 Laetitia
505 2018 622 2050 bonae
649 2018 893 2052 conscientiae
921 2018 1107 2051 Paradisus
1127 2026 1193 2052 est.
1212 2033 1227 2048 »
1252 2018 1302 2052 lta
1324 2029 1348 2051 s.
1367 2018 1540 2063 August,

118 2076 161 2111 de
189 2076 280 2112 Gen.
307 2076 349 2110 ad
378 2076 444 2110 litt.
475 2077 498 2111 l.
533 2087 582 2112 12.
613 2088 641 2111 c,
673 2087 724 2120 34.

214 2136 270 2180 (4)
298 2135 390 2170 Vide
419 2148 502 2182 pag.
534 2136 623 2179 264,
652 2138 709 2171 ubi
749 2138 869 2172 locum
899 2138 1104 2173 Aristotelis
1144 2138 1331 2171 attulimus
1369 2137 1411 2171 de
1452 2149 1540 2172 con—

118 2194 289 2228 scientiae
316 2196 525 2239 angoribus.
555 2196 736 2230 Praeclara
765 2206 844 2231 sunt
872 2208 923 2239 ea,
939 2208 1026 2242 quae
1054 2197 1118 2230 liac
1139 2197 1181 2230 tie
1203 2209 1237 2230 re
1256 2196 1360 2230 habet
1388 2209 1413 2230 s.
1437 2197 1540 2231 [oan-

118 2264 182 2288 nes
209 2253 410 2299 Chrysost.,
437 2255 479 2288 tle
508 2255 641 2289 Lazaro
671 2257 796 2290 concio
833 2268 858 2291 1.
886 2269 922 2290 n.
953 2268 1021 2291 11.:
1055 2272 1070 2285 ‹<
1092 2258 1294 2302 Antequam
1318 2256 1387 2290 illic
1419 2257 1471 2301 (in
1491 2258 1542 2292 al-

116 2322 192 2347 tera
216 2313 305 2356 vita)
332 2313 537 2357 puniantur,
570 2314 640 2348 iam
682 2326 776 2348 nunc
804 2316 862 2361 qui
903 2316 1067 2360 improbe
1095 2326 1219 2360 agunt,
1249 2326 1352 2362 atque
1383 2316 1416 2349 in
1459 2327 1540 2361 pec-

118 2372 207 2406 catis
231 2372 368 2414 vivunt,
396 2372 602 2417 puniuntur.
630 2374 704 2408 Nec
732 2375 829 2408 enim
857 2374 942 2408 milii
972 2375 1101 2409 dixeris
1129 2375 1244 2417 illum,
1272 2387 1397 2409 mensa
1436 2387 1538 2410 sum-

118 2440 245 2476 ptuosa
272 2429 355 2473 frui,
386 2431 543 2466 vestibus
569 2432 782 2467 circumdari
802 2435 931 2475 sericis,
954 2435 1216 2479 mancipiorum
1237 2446 1366 2480 greges
1385 2435 1538 2468 circum-

117 2489 220 2533 ferre,
247 2490 337 2524 alios
364 2491 579 2525 submovere
618 2492 649 2525 in
681 2491 772 2527 foro:
803 2493 863 2527 sed
907 2494 1043 2539 explica
1078 2495 1164 2529 milii
1207 2495 1476 2537 conscientiam,
1504 2502 1538 2528 et

117 2547 254 2584 videbis
278 2551 372 2585 intus
399 2562 547 2596 gravem
575 2561 803 2596 peccatorum
833 2553 1040 2591 tumultum,
1069 2553 1189 2601 iugem
1220 2564 1372 2593 metum,
1397 2564 1541 2602 tempe-

119 2616 260 2652 statem,
285 2611 542 2646 turbationem:
570 2611 706 2646 videbis
734 2613 829 2648 velut
858 2614 890 2647 in
921 2615 1054 2648 iudicio
1095 2625 1253 2650 mentem
1282 2617 1324 2650 ad
1366 2618 1535 2653 thronum
