1734 2784
805 81 1067 127 -142—

345 184 412 224 47.
448 170 696 211 SCHOLION.
734 169 776 212 S.
811 167 1338 226 Thomas(1)distinguit
1364 169 1646 226 ignorantiam

226 242 265 282 in
299 242 642 292 wuromimntem,
670 249 984 298 consequentem,
1016 240 1315 284 antecedentem.
1338 240 1645 285 Concomitans

224 325 285 354 cst
320 328 379 369 ca,
412 328 518 369 quae
552 311 726 369 quidem
762 310 938 354 habetur
974 311 1024 354 de
1060 326 1118 363 re,
1162 326 1268 369 quae
1316 310 1375 369 fit,
1423 324 1462 356 et
1510 313 1646 357 adhuc

223 383 356 437 fieret,
392 385 426 425 si
460 384 697 440 ignorantia
730 382 920 425 abesset:
957 397 1056 425 cum
1091 398 1124 426 e.
1160 399 1200 439 g.
1245 383 1394 440 aliquis
1444 384 1645 441 ignorans

224 454 377 497 occidit
412 454 651 509 inimicum,
688 466 838 511 putans
873 453 1068 497 occidere
1105 468 1295 509 cervum,
1332 453 1469 498 adhuc
1503 467 1645 499 tamen

224 527 459 579 occisurus,
495 527 527 568 si
564 526 801 582 ionmmti1
836 524 1009 569 abesset.
1048 526 1328 583 Consequens
1363 538 1426 569 est
1459 542 1645 585 ea‚quae

222 598 412 655 sequitur
445 609 583 640 actum
619 596 847 640 voluntatis
881 609 1005 656 atque
1040 596 1087 640 ab
1122 613 1172 641 eo
1201 597 1428 676 dependet,
1454 614 1644 678 quaeque

223 668 400 725 proinde
434 680 496 711 cst
530 667 673 725 aliquo
709 668 842 711 modo
876 668 1112 712 voluntaria
1146 670 1233 712 sive
1267 669 1308 711 in
1342 684 1415 723 se,
1464 670 1554 713 sive
1601 671 1645 713 in

222 754 356 781 causa.
391 738 658 782 Antecedens
692 737 809 781 nullo
847 738 982 782 inodo
1007 751 1068 783 est
1091 740 1344 797 voluntaria,
1369 756 1466 784 cum
1494 756 1643 799 quem-

222 826 404 868 cumque
438 823 579 853 actum
604 809 831 854 voluntatis
857 811 1092 868 praecedat,
1126 811 1253 854 simul
1285 828 1386 855 vero
1411 824 1473 856 est
1506 827 1641 866 causa,

221 897 294 924 cur
342 881 500 939 aliquid
538 881 621 934 fiat,
667 882 783 939 quod
831 882 1000 926 absente
1050 884 1321 940 ignorantia,
1374 900 1461 927 non
1509 883 1640 928 fieret.

223 954 419 996 Iamvero
454 969 515 1007 ea,
552 969 657 1011 quae
691 952 796 996 fiunt
830 970 880 997 ex
911 955 1148 1011 ignorantia
1198 954 1495 1009 antecedente,
1543 967 1642 999 sunt

219 1026 399 1067 omnino
434 1025 730 1079 involuntaria,
768 1042 840 1069 seu
868 1038 966 1069 sunt
988 1026 1273 1070 involuntaria
1296 1042 1423 1070 sensu
1450 1029 1641 1085 positivo;

220 1109 259 1138 et
292 1096 430 1140 valent
464 1113 524 1154 ea,
557 1112 663 1154 quae
699 1098 739 1140 in
774 1098 917 1155 priore
950 1097 1076 1141 liuius
1110 1098 1279 1142 theseos
1304 1111 1420 1156 parte
1455 1098 1640 1143 diximus

218 1167 267 1210 de
301 1168 365 1222 iis,
399 1185 503 1226 quae
536 1168 643 1212 fiunt
676 1186 725 1212 ex
759 1169 999 1226 ignorantia
1033 1170 1282 1214 invincibili.
1325 1172 1448 1225 Quae
1498 1184 1640 1215 autem

217 1238 323 1282 fiunt
358 1257 407 1283 ex
440 1241 676 1297 ignorantia
711 1254 1026 1299 consequente,
1061 1258 1148 1285 non
1200 1242 1356 1286 idcirco
1405 1241 1642 1286 redduntur

217 1311 522 1366 involuntaria3
547 1325 586 1356 et
609 1313 745 1356 valent
768 1329 828 1371 ea,
853 1329 959 1371 quae
977 1314 1019 1356 in
1037 1313 1164 1357 altera
1182 1313 1308 1356 huius
1332 1313 1503 1357 theseos
1522 1326 1638 1371 parte

218 1383 403 1425 diximus
437 1383 488 1427 de
521 1385 590 1437 iis,
625 1400 731 1442 quae
764 1383 871 1427 fiunt
905 1400 955 1427 ex
988 1385 1227 1441 ignorantia
1258 1383 1456 1429 vincibili.
1504 1383 1640 1438 Quod

217 1469 319 1497 vero
352 1466 512 1512 spectat
544 1455 595 1498 ad
645 1456 935 1512 ignorantiam
987 1456 1374 1513 concomitantem,
1407 1471 1483 1510 ea,
1533 1471 1639 1514 quae

218 1541 314 1569 cum
349 1526 418 1569 tali
442 1528 684 1584 ignorantia
707 1526 826 1581 fiunt,
846 1540 942 1570 sunt
969 1527 1252 1576 involuntaria
1270 1543 1395 1571 sensu
1420 1528 1636 1587 negativo,

217 1614 289 1642 seu
325 1612 422 1642 sunt
455 1599 823 1643 non-voluntaria.
859 1601 1069 1658 Apposite
1102 1601 1258 1644 Suarez
1295 1600 1395 1659 (2):
1422 1601 1509 1644 «Si
1543 1601 1637 1658 quis

309 1750 365 1794 (ι)
394 1750 433 1783 In
465 1761 490 1784 1.
521 1761 551 1784 2.
590 1762 621 1796 q.
650 1749 686 1785 6.
728 1762 758 1784 a.
787 1751 818 1784 8.
859 1765 875 1781 α
904 1751 1111 1796 Ignorantia
1150 1750 1340 1795 tripliciter
1378 1760 1416 1783 se
1454 1749 1560 1785 habet
1593 1750 1636 1784 ad

214 1817 331 1843 actum
359 1809 566 1845 voluntatis.
596 1810 678 1845 Uno
706 1810 818 1844 modo
847 1810 1123 1852 concomitanter,
1152 1809 1221 1843 alio
1250 1807 1361 1843 modo
1389 1813 1633 1855 consequenter,

214 1868 322 1902 tertio
351 1868 461 1903 modo
487 1869 727 1904 antecedenter.
757 1869 1057 1904 Concomitanter
1085 1868 1241 1915 quidem,
1267 1867 1411 1914 quando
1432 1869 1635 1914 ignorantia

214 1937 265 1962 est
292 1928 335 1961 de
363 1939 418 1970 eo,
445 1928 539 1975 quod
567 1929 696 1975 agitur,
725 1937 848 1964 tamen
876 1928 1018 1963 etiamsi
1045 1930 1206 1970 sciretur,
1249 1927 1489 1962 nihilominus
1514 1939 1637 1974 agere-

214 1995 317 2021 tur....
344 1988 385 2022 Et
415 1988 493 2022 talis
521 1987 723 2033 ignorantia
752 2000 825 2023 non
863 1987 947 2022 facit
985 1987 1305 2022 involuntarium...
1341 1985 1401 2021 sed
1436 1984 1519 2022 facit
1548 1998 1631 2022 non-

213 2045 480 2081 voluntarimn...
503 2048 776 2094 Consequenter
794 2055 914 2082 autern
931 2059 969 2082 se
987 2046 1092 2082 habet
1113 2047 1315 2093 ignorantia
1335 2046 1377 2081 ad
1396 2045 1633 2089 voluntatem,

215 2106 249 2140 in
294 2115 468 2153 quantum
506 2106 580 2152 ipsa
620 2107 822 2151 ignorantia
863 2115 913 2142 est
952 2105 1231 2141 voluntaria......
1263 2106 1356 2141 Cum
1400 2113 1522 2140 autem
1556 2106 1634 2151 ipsa

214 2165 414 2212 ignorantia
441 2166 484 2200 sit
510 2165 750 2202 voluntaria...
780 2178 853 2201 non
881 2173 999 2212 potest
1034 2176 1179 2200 causare
1217 2165 1430 2211 simpliciter
1465 2165 1633 2200 involun—

213 2226 357 2269 tarium,
385 2233 507 2260 causat
533 2234 654 2260 tamen
681 2225 856 2261 secundum
885 2224 968 2273 quid
992 2226 1272 2269 involuntarium,
1292 2225 1502 2272 inquantum
1525 2236 1631 2271 prae-

216 2284 306 2320 cedit
332 2293 473 2319 motum
500 2284 697 2319 voluntatis
724 2285 767 2318 ad
794 2285 924 2332 aliquid
951 2284 1143 2331 agendum,
1171 2285 1227 2331 qui
1257 2296 1330 2319 non
1351 2293 1453 2327 esset,
1483 2284 1632 2319 scientia

214 2353 412 2390 praesente.
438 2344 706 2379 Antecedenter
733 2353 852 2379 autem
882 2356 918 2379 se
945 2344 1052 2380 habet
1078 2345 1123 2379 ad
1149 2344 1371 2379 voluntatem
1414 2343 1631 2389 ignorantia,

212 2405 354 2452 quando
381 2417 455 2440 non
483 2414 533 2440 est
562 2404 774 2440 voluntaria.
802 2414 835 2439 et
862 2413 984 2439 tamen
1015 2413 1067 2440 est
1094 2416 1199 2440 causa
1236 2404 1393 2447 volendi,
1425 2403 1520 2451 quod
1547 2402 1631 2437 alias

212 2474 287 2498 non
313 2464 459 2499 vellet...
487 2465 530 2499 Et
555 2463 635 2499 talis
663 2464 864 2510 ignorantia
892 2473 1014 2499 causat
1040 2464 1313 2499 involuntarium
1334 2462 1542 2510 sim-pliciter.
1564 2475 1581 2494 »

309 2524 365 2568 (2)
393 2524 447 2559 De
473 2524 612 2559 volunt.
650 2533 683 2559 et
717 2523 780 2559 lib.
821 2523 950 2569 disput.
985 2535 1011 2558 1.
1051 2533 1137 2559 sect.
1177 2523 1240 2558 IV.
1277 2534 1376 2558 num.
1405 2532 1439 2565 4.
1469 2520 1527 2558 Cf,
1553 2521 1632 2556 the-

214 2583 282 2619 sim
309 2583 405 2619 XIV.
432 2595 531 2618 num.
559 2593 633 2627 44„
661 2583 719 2619 ubi
747 2583 789 2618 de
816 2583 1058 2620 involuntario
1084 2595 1204 2619 sermo
1233 2593 1298 2620 est.
