1734 2784
765 117 1027 169 „145-

185 215 272 257 bito
322 210 547 261 voluntati,
584 209 683 251 liaec
716 207 1012 250 vehementius
1063 203 1285 248 inclinatur
1319 216 1359 247 et
1394 216 1607 257 movetur,

187 300 314 343 quam
334 282 409 325 alia
444 282 483 323 in
509 279 738 338 hypothesi
762 278 982 322 accideret:
1002 276 1197 319 voluntas
1223 287 1364 319 autem
1389 276 1448 318 sic
1471 275 1608 332 magis

189 368 301 398 mota
325 365 364 396 et
400 352 536 408 magis
570 350 764 392 inclinata
798 361 860 391 est
881 349 1022 390 minus
1048 345 1292 389 indifferens
1316 361 1414 402 erga
1435 344 1603 388 bonum

188 424 396 480 sensibile,
414 439 540 481 quam
572 421 694 473 foret,
715 420 862 463 ceteris
884 418 1069 476 paribuS‚
1090 418 1133 459 in
1153 417 1230 459 alia
1253 416 1498 474 hypothesi.
1524 415 1610 460 Sed

188 495 305 555 quod
319 493 511 552 procedit
529 510 549 535 a
567 491 784 535 voluntate
804 490 946 531 minus
966 487 1234 530 indifferente
1252 487 1361 529 inter
1381 499 1609 544 utramque

188 580 373 625 partem,
407 563 510 607 illud
559 577 656 605 sane
705 573 767 603 est
816 561 957 602 minus
1000 558 1194 602 liberum.
1244 558 1359 615 Ergo
1408 557 1450 601 id
1494 556 1610 615 quod

187 636 381 696 procedit
415 651 436 677 a
468 633 682 676 voluntate
716 630 793 673 sub
828 630 990 673 influxu
1024 629 1393 687 concupiscentiae
1437 641 1610 671 antece-

189 709 326 752 dentis
352 719 412 749 est
437 706 578 747 minus
612 703 805 755 liberum,
840 718 968 759 quam
1002 701 1123 754 foret,
1158 702 1208 757 si,
1241 701 1390 744 ceteris
1424 699 1610 762 paribus,

189 779 389 837 penderet
424 793 444 819 a
477 775 694 818 κοὶιιιιιιῖε
729 774 913 816 immuni
948 789 969 816 a
1002 772 1071 815 tili
1105 772 1280 815 influxu.

308 851 461 892 Dices:
497 862 601 903 ergo
635 847 761 889 etiam
807 844 878 899 id,
915 844 1031 901 quod
1079 843 1125 887 fit
1171 860 1221 887 ex
1269 844 1611 901 concupiscentia

188 928 451 977 conseqnentt,
485 930 547 960 est
580 918 722 958 minus
770 915 974 958 liberum:
1009 914 1250 972 siquidem,
1299 927 1434 958 stinte
1482 916 1609 959 etiam

189 990 531 1047 concupiscentii
565 1000 877 1044 consequente,
911 986 1074 1029 bonum
1097 986 1293 1029 sensibile
1317 1003 1444 1044 appai
1448 1000 1487 1030 et
1509 986 1609 1044 pul—

190 1062 351 1113 chrius,
370 1074 409 1103 et
425 1059 722 1102 xehementius
742 1057 1159 1100 allicitxoluntatem.
1166 1057 1492 1115 —Respondeo
1511 1074 1610 1101 cum

189 1133 391 1177 Suaresio
429 1132 529 1190 (1),
563 1130 760 1186 negmdo
810 1131 1031 1187 punitatem
1081 1142 1121 1171 et
1165 1130 1541 1187 consequentiam,
1575 1130 1610 1172 si

190 1205 423 1247 foimalitei
439 1204 667 1260 loquamur
687 1201 737 1245 de
757 1202 1100 1258 concupiscentii
1119 1214 1421 1259 consequente.
1440 1203 1609 1245 Etenim

189 1276 533 1333 concupiscentia
553 1289 817 1331 consequens
843 1274 1046 1330 supponit
1069 1272 1334 1316 voluntatem
1355 1286 1394 1316 et
1419 1273 1610 1331 procedit

188 1363 209 1390 a
241 1347 458 1390 voluntate
492 1347 575 1389 iam
610 1345 887 1388 determinata
920 1361 970 1387 ex
1004 1360 1079 1387 sua
1112 1344 1299 1387 libertate
1348 1344 1398 1388 ad
1447 1344 1609 1387 bonum

187 1417 400 1473 sensibile,
433 1416 482 1460 ad
517 1416 633 1474 quod
665 1416 860 1458 voluntas
896 1416 984 1476 ipsa
1016 1415 1105 1458 vult
1149 1415 1339 1458 inclinari
1390 1432 1463 1473 per
1511 1431 1611 1459 con-

187 1490 521 1546 cupiscentiam:
558 1487 598 1530 id
631 1500 774 1529 autem
808 1503 896 1529 non
930 1488 1136 1544 supponit
1169 1488 1511 1544 concupiscentia
1539 1503 1610 1530 an-

187 1559 400 1614 tecedenS‚
434 1559 553 1600 cuius
587 1556 763 1600 ductum
796 1557 992 1600 voluntas
1026 1557 1060 1598 si
1094 1570 1310 1614 sequatur,
1355 1573 1452 1600 vere
1502 1557 1611 1601 cedit

188 1630 556 1687 concupiscentiae
590 1630 783 1671 moventi
817 1644 890 1671 seu
924 1629 1133 1682 invitanti,
1157 1641 1197 1671 et
1220 1630 1254 1671 si
1279 1629 1329 1671 ad
1361 1641 1484 1686 turpe
1507 1628 1611 1687 quid

188 1702 405 1753 invitetur,
438 1716 536 1743 vere
571 1699 813 1742 succumbit
845 1699 1085 1756 tentationi,
1118 1715 1206 1742 non
1239 1699 1352 1742 illam
1392 1713 1609 1757 provocat.

312 1786 376 1826 50.
410 1772 656 1814 Senottox.
692 1771 901 1823 Quaeres,
938 1782 1083 1813 utrum
1117 1770 1177 1823 id,
1212 1770 1329 1828 quod
1352 1770 1396 1813 fit
1419 1787 1470 1813 ex
1503 1787 1610 1815 con-

191 1843 449 1900 cupiscentia
468 1841 758 1894 antecedente,
778 1841 1148 1899 quemadmodum
1168 1853 1229 1885 est
1248 1842 1391 1885 minus
1410 1841 1607 1897 liberum,

187 1915 242 1956 ita
277 1915 403 1956 etiam
438 1914 491 1955 sit
524 1914 666 1955 minus
699 1912 1005 1967 voluntarium,
1042 1929 1170 1971 quam
1203 1914 1236 1955 si
1271 1912 1421 1968 fieret,
1461 1914 1609 1957 ceteris

189 1984 357 2042 paribus
377 2019 386 2036 ,
423 1985 523 2041 quin
560 1985 902 2041 concupiscentia
936 1985 1234 2041 praecessisset
1253 1986 1269 2028 Ρ
1288 2009 1344 2017 -
1369 1986 1459 2027 Hac
1492 1984 1544 2027 de
1566 1999 1610 2027 re

187 2070 276 2097 non
310 2054 457 2097 eadem
492 2069 553 2096 est
587 2068 813 2097 auctorum
847 2056 1054 2097 sententia
1087 2054 1175 2113 (2),
1210 2056 1275 2098 vel
1324 2055 1474 2097 saltem
1522 2068 1610 2097 non

187 2125 301 2168 idem
317 2138 377 2167 est
391 2125 594 2182 loquendi
615 2125 1035 2167 modus.Possumus
1056 2125 1373 2168 distinctionem
1393 2124 1608 2168 adhibere.

307 2196 475 2238 Etenim
511 2196 552 2237 in
586 2195 828 2237 voluntario
864 2208 1004 2252 potest
1038 2195 1296 2238 considerari
1329 2195 1396 2238 vel
1439 2196 1608 2253 cognitio

187 2266 496 2323 intellectualis,
518 2266 593 2308 sub
628 2282 708 2323 qua
737 2266 931 2309 voluntas
960 2268 1062 2323 agit,
1084 2267 1148 2310 vel
1166 2269 1388 2325 propensio,
1407 2283 1504 2310 cum
1527 2282 1609 2324 qua

188 2339 273 2394 agit
298 2353 370 2380 seu
395 2337 484 2380 vult
508 2336 563 2394 id,
589 2336 704 2394 quod
728 2336 830 2380 vult.
852 2363 903 2368 -—
936 2337 976 2395 α.)
1010 2337 1095 2381 Sub
1130 2339 1262 2395 priori
1297 2349 1491 2396 respectu
1526 2336 1608 2380 dici

283 2523 340 2565 (Ι)
366 2523 453 2556 Loc.
481 2522 538 2556 cit,
568 2533 667 2555 num.
695 2531 726 2565 9.

285 2582 340 2625 (2)
371 2581 426 2616 Cf.
454 2582 592 2622 Suana,
610 2580 677 2614 loc.
706 2580 764 2614 cit.
792 2592 826 2613 n.
855 2589 885 2614 2.
913 2591 986 2626 sqq.
