1734 2784
752 133 1021 175 -190-

651 351 998 395 ARTICULUS
1034 351 1111 395 IV.

352 448 423 490 De
454 448 686 490 facultate
722 448 1063 500 cognoscitiva
1100 448 1415 492 moralitatis.

703 576 867 619 Tusssis
901 577 1064 621 XXIII.

177 707 382 759 Facultas,
415 721 495 763 qna
528 705 804 747 moralitatem
836 707 1105 762 cognoscimus
1140 715 1192 749 est
1236 707 1460 752 intellectus
1496 717 1598 767 pra-

295 782 432 822 ericus.
468 778 540 821 Est
571 792 666 820 sane
699 791 724 819 a
757 777 926 820 veritate
968 778 1163 832 alienum,
1214 781 1472 836 cognitionem
1505 795 1597 824 mo-

293 850 472 893 mutatis
518 848 735 892 attribuere
781 850 920 892 sensui
964 850 1101 904 alicui,
1150 852 1235 894 sive
1282 860 1465 910 corporeo
1514 855 1598 897 sive

294 921 513 980 spirituali.

297 1033 365 1074 71.
400 1020 781 1062 DEMousTRATrc.
819 1019 933 1062 Cum
967 1030 1149 1073 constet,
1182 1016 1348 1060 nullum
1382 1033 1474 1061 esse
1507 1017 1594 1062 ho-

175 1091 352 1147 minem,
400 1091 472 1148 qui
510 1089 760 1132 moralitatis
806 1092 1054 1147 cognitione
1105 1090 1273 1147 penitus
1324 1088 1596 1148 destituatur,

173 1161 467 1220 quaerendum
500 1161 585 1204 iam
627 1174 707 1214 est,
742 1177 951 1219 quaenam
994 1164 1047 1205 sit
1091 1162 1135 1203 in
1177 1160 1354 1204 homine
1399 1160 1594 1215 facultas,

171 1249 255 1291 qua
287 1233 570 1275 moralitatem
605 1233 922 1289 cognoscimus.
958 1234 1160 1291 Inprimis
1192 1248 1338 1275 veram
1374 1232 1594 1276 trademus

173 1305 444 1361 sententiam,
476 1316 569 1346 tum
601 1319 703 1347 vero
737 1303 859 1347 falsas
894 1306 1120 1363 opiniones
1156 1303 1415 1348 refellemus.

293 1377 323 1419 I.
359 1376 593 1429 Quaeritur
625 1377 778 1433 itaque,
803 1377 973 1419 cuinam
1007 1375 1192 1419 facultati
1236 1377 1443 1434 cognitio,
1467 1392 1596 1434 quam

173 1462 327 1491 omnes
361 1446 503 1504 aliquo
551 1446 685 1489 modo
733 1446 904 1500 habent,
955 1446 1206 1490 moralitatis
1257 1448 1312 1490 sit
1355 1446 1591 1491 tribuenda.

173 1518 383 1576 Sepositis
416 1519 618 1575 potentiis
653 1518 911 1575 appetitivis,
944 1518 995 1562 ad
1020 1533 1123 1576 quas
1151 1534 1252 1561 sane
1276 1519 1467 1575 cognitio
1494 1534 1596 1562 mo-

175 1588 347 1632 ralitatis
398 1603 487 1631 non
533 1589 729 1645 pertinet,
778 1587 997 1633 facultates
1052 1590 1391 1646 cognoscitivae,
1439 1588 1595 1647 quibus

173 1674 392 1712 ornamur,
427 1670 525 1701 sunt
558 1673 709 1701 sensus
744 1671 783 1702 et
816 1659 1071 1702 intellectus,
1109 1660 1236 1717 Atqui
1262 1675 1412 1702 sensus
1435 1660 1596 1717 nequit⁷

175 1729 412 1773 intellectus
468 1742 607 1787 potest
663 1746 924 1787 cognoscere
979 1730 1282 1774 moralitatem.
1337 1731 1452 1787 Ergo
1505 1745 1593 1774 non

173 1816 340 1853 sensus,
374 1800 447 1843 sed
480 1799 716 1843 intellectus
755 1813 816 1844 est
859 1816 906 1844 ea
948 1800 1136 1858 facultas,
1180 1817 1261 1858 qua
1306 1801 1592 1844 moralitatem

174 1872 492 1928 cognoscimus.
528 1873 672 1915 Minor
706 1871 920 1929 probatur.
956 1873 1124 1915 Etenim
1171 1872 1342 1915 moralis
1378 1871 1593 1915 rectitudo

172 1942 240 1986 vel
271 1943 450 2000 pravitas
485 1944 679 1985 consistit
712 1945 753 1985 in
788 1943 971 2001 quadam
994 1956 1110 1986 actus
1136 1943 1310 1985 humani
1344 1943 1595 1987 habitudine

173 2029 248 2057 seu
282 2013 484 2057 relatione
518 2014 567 2057 ad
599 2014 726 2068 aliud,
761 2016 786 2057 i.
821 2031 856 2059 e.
891 2015 942 2059 ad
975 2015 1172 2058 ordinem
1196 2015 1445 2068 naturalem,
1471 2028 1589 2058 tam-

172 2099 304 2142 quam
346 2084 396 2127 ad
430 2085 621 2141 regulam
669 2102 742 2128 seu
792 2101 1003 2129 normam.
1051 2087 1180 2144 Atqui
1224 2101 1374 2129 sensus
1423 2086 1589 2143 nequit,

173 2155 410 2197 intellectus
444 2167 584 2211 potest
619 2171 881 2211 cognoscere
929 2168 1070 2199 actum
1122 2156 1374 2212 humanum,
1409 2155 1461 2198 ad
1503 2157 1594 2198 eius

173 2241 372 2268 normam
426 2225 661 2278 advertere,
712 2241 959 2284 comparare
1013 2239 1155 2269 actum
1212 2226 1449 2269 humanum
1499 2242 1599 2269 cum

173 2311 341 2352 norma,
389 2297 565 2353 eiusque
612 2295 677 2339 vel
727 2312 825 2338 cum
874 2312 1027 2339 norma
1078 2296 1424 2340 conformitatem
1472 2296 1538 2339 vel
1576 2312 1600 2339 a

172 2381 326 2409 norma
359 2366 679 2410 difformitatem
715 2367 927 2424 detegere.
964 2369 1079 2425 Ergo
1125 2383 1274 2410 sensus
1325 2368 1490 2425 nequit,
1528 2369 1599 2409 in-

175 2436 365 2479 tellectus
399 2450 540 2494 potest
575 2453 835 2494 cognoscere
869 2438 1171 2482 moralitatem.

294 2509 500 2552 Brevius:
536 2508 752 2552 moralitas
786 2521 849 2552 est
870 2510 1025 2552 veritas
1050 2511 1247 2567 practica,
1272 2524 1421 2553 verum
1452 2521 1595 2551 autem

174 2580 264 2622 sive
297 2579 618 2638 speculativum7
652 2581 739 2623 sive
772 2581 1009 2638 practicum
1043 2580 1171 2639 (quae
1206 2580 1464 2624 differentiae
1497 2591 1598 2623 sunt
