<?xml version="1.0" encoding="UTF-8"?>
<!DOCTYPE html PUBLIC "-//W3C//DTD XHTML 1.0 Transitional//EN"
    "http://www.w3.org/TR/xhtml1/DTD/xhtml1-transitional.dtd">
<html xmlns="http://www.w3.org/1999/xhtml" xml:lang="en" lang="en">
 <head>
  <title>
</title>
<meta http-equiv="Content-Type" content="text/html;charset=utf-8" />
  <meta name='ocr-system' content='tesseract 3.04.00' />
  <meta name='ocr-capabilities' content='ocr_page ocr_carea ocr_par ocr_line ocrx_word'/>
</head>
<body>
  <div class='ocr_page' id='page_1' title='image "./institutionesphi01ferr_0175.png"; bbox 0 0 1734 2784; ppageno 0'>
   <div class='ocr_carea' id='block_1_1' title="bbox 111 181 1549 1879">
    <p class='ocr_par' dir='ltr' id='par_1_1' title="bbox 112 181 1547 312">
     <span class='ocr_line' id='line_1_1' title="bbox 112 181 1547 241; baseline -0.002 -14"><span class='ocrx_word' id='word_1_1' title='bbox 112 184 272 227; x_wconf 88' lang='lat' dir='ltr'>tarium</span> <span class='ocrx_word' id='word_1_2' title='bbox 304 199 414 241; x_wconf 80' lang='lat' dir='ltr'>nego,</span> <span class='ocrx_word' id='word_1_3' title='bbox 449 183 704 241; x_wconf 87' lang='lat' dir='ltr'>simpliciter</span> <span class='ocrx_word' id='word_1_4' title='bbox 735 195 798 226; x_wconf 89' lang='lat' dir='ltr'>est</span> <span class='ocrx_word' id='word_1_5' title='bbox 829 182 1123 226; x_wconf 83' lang='lat' dir='ltr'>voluntarium</span> <span class='ocrx_word' id='word_1_6' title='bbox 1158 194 1198 225; x_wconf 89' lang='lat' dir='ltr'>et</span> <span class='ocrx_word' id='word_1_7' title='bbox 1232 181 1547 225; x_wconf 85' lang='lat' dir='ltr'>tantummodo</span> 
     </span>
     <span class='ocr_line' id='line_1_2' title="bbox 115 253 1100 312; baseline -0.001 -14"><span class='ocrx_word' id='word_1_8' title='bbox 115 253 354 298; x_wconf 86' lang='lat' dir='ltr'>secundum</span> <span class='ocrx_word' id='word_1_9' title='bbox 389 254 492 312; x_wconf 86' lang='lat' dir='ltr'>quid</span> <span class='ocrx_word' id='word_1_10' title='bbox 526 267 589 297; x_wconf 84' lang='lat' dir='ltr'>est</span> <span class='ocrx_word' id='word_1_11' title='bbox 622 253 964 297; x_wconf 82' lang='lat' dir='ltr'>involuntarium</span> <span class='ocrx_word' id='word_1_12' title='bbox 997 269 1100 297; x_wconf 79' lang='lat' dir='ltr'>conc.</span> 
     </span>
    </p>

    <p class='ocr_par' dir='ltr' id='par_1_2' title="bbox 111 324 1549 1237">
     <span class='ocr_line' id='line_1_3' title="bbox 233 324 1548 383; baseline -0.002 -14"><span class='ocrx_word' id='word_1_13' title='bbox 233 326 285 369; x_wconf 91' lang='lat' dir='ltr'>II.</span> <span class='ocrx_word' id='word_1_14' title='bbox 318 326 494 369; x_wconf 79' lang='lat' dir='ltr'><strong>Instant.</strong></span> <span class='ocrx_word' id='word_1_15' title='bbox 531 326 662 383; x_wconf 85' lang='lat' dir='ltr'>Atqui</span> <span class='ocrx_word' id='word_1_16' title='bbox 698 341 759 382; x_wconf 80' lang='lat' dir='ltr'>ea,</span> <span class='ocrx_word' id='word_1_17' title='bbox 794 341 901 383; x_wconf 84' lang='lat' dir='ltr'>quae</span> <span class='ocrx_word' id='word_1_18' title='bbox 936 341 986 368; x_wconf 78' lang='lat' dir='ltr'>ex</span> <span class='ocrx_word' id='word_1_19' title='bbox 1015 337 1135 368; x_wconf 86' lang='lat' dir='ltr'>metu</span> <span class='ocrx_word' id='word_1_20' title='bbox 1168 324 1290 381; x_wconf 86' lang='lat' dir='ltr'>fiunt,</span> <span class='ocrx_word' id='word_1_21' title='bbox 1315 325 1548 382; x_wconf 75' lang='lat' dir='ltr'>simpliciter</span> 
     </span>
     <span class='ocr_line' id='line_1_4' title="bbox 114 395 1545 454; baseline -0.002 -14"><span class='ocrx_word' id='word_1_22' title='bbox 114 409 215 440; x_wconf 89' lang='lat' dir='ltr'>sunt</span> <span class='ocrx_word' id='word_1_23' title='bbox 245 396 542 440; x_wconf 80' lang='lat' dir='ltr'>involuntaria.</span> <span class='ocrx_word' id='word_1_24' title='bbox 565 397 757 440; x_wconf 89' lang='lat' dir='ltr'>—Nam</span> <span class='ocrx_word' id='word_1_25' title='bbox 792 412 853 449; x_wconf 85' lang='lat' dir='ltr'>ea,</span> <span class='ocrx_word' id='word_1_26' title='bbox 890 412 998 454; x_wconf 85' lang='lat' dir='ltr'>quae</span> <span class='ocrx_word' id='word_1_27' title='bbox 1029 395 1137 439; x_wconf 85' lang='lat' dir='ltr'>fiunt</span> <span class='ocrx_word' id='word_1_28' title='bbox 1170 412 1221 439; x_wconf 84' lang='lat' dir='ltr'>ex</span> <span class='ocrx_word' id='word_1_29' title='bbox 1274 408 1409 448; x_wconf 88' lang='lat' dir='ltr'>metu,</span> <span class='ocrx_word' id='word_1_30' title='bbox 1446 407 1545 438; x_wconf 81' lang='lat' dir='ltr'>sunt</span> 
     </span>
     <span class='ocr_line' id='line_1_5' title="bbox 115 468 1547 526; baseline -0.001 -15"><span class='ocrx_word' id='word_1_31' title='bbox 115 481 262 512; x_wconf 82' lang='lat' dir='ltr'>contra</span> <span class='ocrx_word' id='word_1_32' title='bbox 292 468 553 512; x_wconf 85' lang='lat' dir='ltr'>tendentiam</span> <span class='ocrx_word' id='word_1_33' title='bbox 585 468 830 511; x_wconf 57' lang='lat' dir='ltr'>voluntati&amp;</span> <span class='ocrx_word' id='word_1_34' title='bbox 867 469 1000 526; x_wconf 82' lang='lat' dir='ltr'>Atqui</span> <span class='ocrx_word' id='word_1_35' title='bbox 1035 468 1093 521; x_wconf 86' lang='lat' dir='ltr'>id,</span> <span class='ocrx_word' id='word_1_36' title='bbox 1129 468 1246 526; x_wconf 88' lang='lat' dir='ltr'>quod</span> <span class='ocrx_word' id='word_1_37' title='bbox 1295 481 1357 511; x_wconf 82' lang='lat' dir='ltr'>est</span> <span class='ocrx_word' id='word_1_38' title='bbox 1393 479 1547 510; x_wconf 85' lang='lat' dir='ltr'>contra</span> 
     </span>
     <span class='ocr_line' id='line_1_6' title="bbox 114 539 1549 596; baseline -0.001 -14"><span class='ocrx_word' id='word_1_39' title='bbox 114 539 376 583; x_wconf 78' lang='lat' dir='ltr'>tendentiam</span> <span class='ocrx_word' id='word_1_40' title='bbox 409 539 661 592; x_wconf 82' lang='lat' dir='ltr'>voluntatis,</span> <span class='ocrx_word' id='word_1_41' title='bbox 697 552 760 583; x_wconf 84' lang='lat' dir='ltr'>est</span> <span class='ocrx_word' id='word_1_42' title='bbox 794 539 1143 583; x_wconf 82' lang='lat' dir='ltr'>involuntarium.</span> <span class='ocrx_word' id='word_1_43' title='bbox 1192 540 1307 596; x_wconf 81' lang='lat' dir='ltr'>Ergo</span> <span class='ocrx_word' id='word_1_44' title='bbox 1344 555 1403 593; x_wconf 81' lang='lat' dir='ltr'>ea,</span> <span class='ocrx_word' id='word_1_45' title='bbox 1439 554 1549 596; x_wconf 80' lang='lat' dir='ltr'>quae</span> 
     </span>
     <span class='ocr_line' id='line_1_7' title="bbox 115 607 1543 669; baseline -0.001 -16"><span class='ocrx_word' id='word_1_46' title='bbox 115 610 222 654; x_wconf 90' lang='lat' dir='ltr'>fiunt</span> <span class='ocrx_word' id='word_1_47' title='bbox 253 627 304 654; x_wconf 86' lang='lat' dir='ltr'>ex</span> <span class='ocrx_word' id='word_1_48' title='bbox 337 623 472 667; x_wconf 88' lang='lat' dir='ltr'>metu,</span> <span class='ocrx_word' id='word_1_49' title='bbox 505 624 606 654; x_wconf 87' lang='lat' dir='ltr'>sunt</span> <span class='ocrx_word' id='word_1_50' title='bbox 640 607 937 654; x_wconf 80' lang='lat' dir='ltr'>involuntaria.</span> <span class='ocrx_word' id='word_1_51' title='bbox 975 637 1031 644; x_wconf 93' lang='lat'><em>-</em></span> <span class='ocrx_word' id='word_1_52' title='bbox 1056 613 1182 669; x_wconf 83' lang='lat' dir='ltr'>Resp.</span> <span class='ocrx_word' id='word_1_53' title='bbox 1219 613 1323 654; x_wconf 73' lang='lat' dir='ltr'>Dist.</span> <span class='ocrx_word' id='word_1_54' title='bbox 1359 613 1454 653; x_wconf 72' lang='lat' dir='ltr'>mai.</span> <span class='ocrx_word' id='word_1_55' title='bbox 1487 611 1543 652; x_wconf 85' lang='lat' dir='ltr'>Ea</span> 
     </span>
     <span class='ocr_line' id='line_1_8' title="bbox 115 681 1542 741; baseline -0.001 -15"><span class='ocrx_word' id='word_1_56' title='bbox 115 699 223 741; x_wconf 81' lang='lat' dir='ltr'>quae</span> <span class='ocrx_word' id='word_1_57' title='bbox 254 681 362 726; x_wconf 88' lang='lat' dir='ltr'>fiunt</span> <span class='ocrx_word' id='word_1_58' title='bbox 392 699 444 726; x_wconf 81' lang='lat' dir='ltr'>ex</span> <span class='ocrx_word' id='word_1_59' title='bbox 478 696 610 736; x_wconf 85' lang='lat' dir='ltr'>metu,</span> <span class='ocrx_word' id='word_1_60' title='bbox 660 695 758 725; x_wconf 83' lang='lat' dir='ltr'>sunt</span> <span class='ocrx_word' id='word_1_61' title='bbox 804 695 951 726; x_wconf 85' lang='lat' dir='ltr'>contra</span> <span class='ocrx_word' id='word_1_62' title='bbox 999 683 1227 725; x_wconf 71' lang='lat' dir='ltr'>voluntatis</span> <span class='ocrx_word' id='word_1_63' title='bbox 1276 682 1542 725; x_wconf 80' lang='lat' dir='ltr'>tendentiam</span> 
     </span>
     <span class='ocr_line' id='line_1_9' title="bbox 113 752 1547 811; baseline -0.001 -15"><span class='ocrx_word' id='word_1_64' title='bbox 113 752 342 796; x_wconf 65' lang='lat' dir='ltr'>absolutam</span> <span class='ocrx_word' id='word_1_65' title='bbox 376 765 415 796; x_wconf 86' lang='lat' dir='ltr'>et</span> <span class='ocrx_word' id='word_1_66' title='bbox 448 753 640 811; x_wconf 76' lang='lat' dir='ltr'>efficacem</span> <span class='ocrx_word' id='word_1_67' title='bbox 673 769 786 810; x_wconf 65' lang='lat' dir='ltr'>nego,</span> <span class='ocrx_word' id='word_1_68' title='bbox 830 766 978 796; x_wconf 86' lang='lat' dir='ltr'>contra</span> <span class='ocrx_word' id='word_1_69' title='bbox 1011 753 1243 797; x_wconf 81' lang='lat' dir='ltr'>voluntatis</span> <span class='ocrx_word' id='word_1_70' title='bbox 1283 753 1547 796; x_wconf 79' lang='lat' dir='ltr'>tendentiam</span> 
     </span>
     <span class='ocr_line' id='line_1_10' title="bbox 111 823 1544 882; baseline -0.001 -15"><span class='ocrx_word' id='word_1_71' title='bbox 111 823 435 868; x_wconf 74' lang='lat' dir='ltr'>conditionatam</span> <span class='ocrx_word' id='word_1_72' title='bbox 469 840 543 867; x_wconf 82' lang='lat' dir='ltr'>seu</span> <span class='ocrx_word' id='word_1_73' title='bbox 578 824 936 882; x_wconf 67' lang='lat' dir='ltr'>complacentiam</span> <span class='ocrx_word' id='word_1_74' title='bbox 977 824 1232 881; x_wconf 63' lang='lat' dir='ltr'>intfficczcmn,</span> <span class='ocrx_word' id='word_1_75' title='bbox 1277 840 1406 882; x_wconf 84' lang='lat' dir='ltr'>quam</span> <span class='ocrx_word' id='word_1_76' title='bbox 1441 823 1544 867; x_wconf 87' lang='lat' dir='ltr'>dici-</span> 
     </span>
     <span class='ocr_line' id='line_1_11' title="bbox 116 895 1549 954; baseline 0 -16"><span class='ocrx_word' id='word_1_77' title='bbox 116 910 213 938; x_wconf 89' lang='lat' dir='ltr'>mus</span> <span class='ocrx_word' id='word_1_78' title='bbox 247 895 490 938; x_wconf 72' lang='lat' dir='ltr'>velleitcztem</span> <span class='ocrx_word' id='word_1_79' title='bbox 523 911 626 939; x_wconf 82' lang='lat' dir='ltr'>conc.</span> <span class='ocrx_word' id='word_1_80' title='bbox 663 895 746 954; x_wconf 87' lang='lat'>(1)</span> <span class='ocrx_word' id='word_1_81' title='bbox 781 896 1027 939; x_wconf 69' lang='lat' dir='ltr'>Contradist.</span> <span class='ocrx_word' id='word_1_82' title='bbox 1078 898 1174 939; x_wconf 75' lang='lat' dir='ltr'>min.</span> <span class='ocrx_word' id='word_1_83' title='bbox 1226 896 1289 951; x_wconf 79' lang='lat' dir='ltr'>Id,</span> <span class='ocrx_word' id='word_1_84' title='bbox 1332 895 1448 953; x_wconf 89' lang='lat' dir='ltr'>quod</span> <span class='ocrx_word' id='word_1_85' title='bbox 1482 908 1549 939; x_wconf 84' lang='lat' dir='ltr'>est</span> 
     </span>
     <span class='ocr_line' id='line_1_12' title="bbox 115 966 1548 1010; baseline -0.001 0"><span class='ocrx_word' id='word_1_86' title='bbox 115 979 262 1010; x_wconf 84' lang='lat' dir='ltr'>contra</span> <span class='ocrx_word' id='word_1_87' title='bbox 293 966 557 1010; x_wconf 81' lang='lat' dir='ltr'>tendentiam</span> <span class='ocrx_word' id='word_1_88' title='bbox 591 966 829 1010; x_wconf 80' lang='lat' dir='ltr'>absolutam</span> <span class='ocrx_word' id='word_1_89' title='bbox 878 980 918 1010; x_wconf 89' lang='lat' dir='ltr'>et</span> <span class='ocrx_word' id='word_1_90' title='bbox 952 967 1168 1010; x_wconf 82' lang='lat' dir='ltr'>efficacem</span> <span class='ocrx_word' id='word_1_91' title='bbox 1214 967 1446 1010; x_wconf 81' lang='lat' dir='ltr'>voluntatis</span> <span class='ocrx_word' id='word_1_92' title='bbox 1482 978 1548 1010; x_wconf 87' lang='grc' dir='ltr'>θεῖ</span> 
     </span>
     <span class='ocr_line' id='line_1_13' title="bbox 116 1036 1547 1094; baseline 0.002 -16"><span class='ocrx_word' id='word_1_93' title='bbox 116 1036 457 1080; x_wconf 85' lang='lat' dir='ltr'>involuntarium</span> <span class='ocrx_word' id='word_1_94' title='bbox 490 1053 610 1093; x_wconf 63' lang='lat' dir='ltr'>conr„</span> <span class='ocrx_word' id='word_1_95' title='bbox 645 1037 761 1094; x_wconf 86' lang='lat' dir='ltr'>quod</span> <span class='ocrx_word' id='word_1_96' title='bbox 796 1050 859 1080; x_wconf 81' lang='lat' dir='ltr'>est</span> <span class='ocrx_word' id='word_1_97' title='bbox 894 1051 1039 1080; x_wconf 88' lang='lat' dir='ltr'>contra</span> <span class='ocrx_word' id='word_1_98' title='bbox 1090 1037 1355 1081; x_wconf 80' lang='lat' dir='ltr'>tendentiam</span> <span class='ocrx_word' id='word_1_99' title='bbox 1392 1037 1547 1081; x_wconf 89' lang='lat' dir='ltr'>condi-</span> 
     </span>
     <span class='ocr_line' id='line_1_14' title="bbox 114 1107 1547 1164; baseline 0 -14"><span class='ocrx_word' id='word_1_100' title='bbox 114 1107 318 1151; x_wconf 82' lang='lat' dir='ltr'>tionatam</span> <span class='ocrx_word' id='word_1_101' title='bbox 344 1120 385 1151; x_wconf 91' lang='lat' dir='ltr'>et</span> <span class='ocrx_word' id='word_1_102' title='bbox 409 1107 670 1151; x_wconf 84' lang='lat' dir='ltr'>inefficacem</span> <span class='ocrx_word' id='word_1_103' title='bbox 703 1109 935 1150; x_wconf 82' lang='lat' dir='ltr'>voluntatis</span> <span class='ocrx_word' id='word_1_104' title='bbox 960 1108 1092 1164; x_wconf 66' lang='lat' dir='ltr'>subd„</span> <span class='ocrx_word' id='word_1_105' title='bbox 1116 1123 1179 1151; x_wconf 83' lang='lat' dir='ltr'>est</span> <span class='ocrx_word' id='word_1_106' title='bbox 1207 1108 1547 1151; x_wconf 73' lang='lat' dir='ltr'>iiwoluntarium</span> 
     </span>
     <span class='ocr_line' id='line_1_15' title="bbox 115 1178 1057 1237; baseline 0 -16"><span class='ocrx_word' id='word_1_107' title='bbox 115 1178 365 1236; x_wconf 84' lang='lat' dir='ltr'>simpliciter</span> <span class='ocrx_word' id='word_1_108' title='bbox 396 1194 506 1236; x_wconf 76' lang='lat' dir='ltr'>nego,</span> <span class='ocrx_word' id='word_1_109' title='bbox 541 1179 779 1222; x_wconf 84' lang='lat' dir='ltr'>secundum</span> <span class='ocrx_word' id='word_1_110' title='bbox 815 1178 919 1237; x_wconf 86' lang='lat' dir='ltr'>quid</span> <span class='ocrx_word' id='word_1_111' title='bbox 952 1195 1057 1223; x_wconf 73' lang='lat' dir='ltr'>conc.</span> 
     </span>
    </p>

    <p class='ocr_par' dir='ltr' id='par_1_3' title="bbox 111 1250 1549 1879">
     <span class='ocr_line' id='line_1_16' title="bbox 231 1250 1547 1309; baseline 0 -16"><span class='ocrx_word' id='word_1_112' title='bbox 231 1250 305 1293; x_wconf 87' lang='lat' dir='ltr'>III.</span> <span class='ocrx_word' id='word_1_113' title='bbox 340 1250 521 1308; x_wconf 82' lang='lat' dir='ltr'>Urgent.</span> <span class='ocrx_word' id='word_1_114' title='bbox 569 1252 702 1309; x_wconf 80' lang='lat' dir='ltr'>Atqui</span> <span class='ocrx_word' id='word_1_115' title='bbox 751 1267 810 1304; x_wconf 84' lang='lat' dir='ltr'>ea,</span> <span class='ocrx_word' id='word_1_116' title='bbox 857 1267 964 1308; x_wconf 81' lang='lat' dir='ltr'>quae</span> <span class='ocrx_word' id='word_1_117' title='bbox 1017 1251 1126 1293; x_wconf 77' lang='lat' dir='ltr'>lsiunt</span> <span class='ocrx_word' id='word_1_118' title='bbox 1178 1267 1229 1293; x_wconf 83' lang='lat' dir='ltr'>ex</span> <span class='ocrx_word' id='word_1_119' title='bbox 1263 1264 1395 1307; x_wconf 83' lang='lat' dir='ltr'>metu,</span> <span class='ocrx_word' id='word_1_120' title='bbox 1445 1263 1547 1294; x_wconf 85' lang='lat' dir='ltr'>sunt</span> 
     </span>
     <span class='ocr_line' id='line_1_17' title="bbox 115 1321 1549 1381; baseline 0.001 -17"><span class='ocrx_word' id='word_1_121' title='bbox 115 1333 264 1364; x_wconf 87' lang='lat' dir='ltr'>contra</span> <span class='ocrx_word' id='word_1_122' title='bbox 294 1321 559 1365; x_wconf 77' lang='lat' dir='ltr'>tendentiam</span> <span class='ocrx_word' id='word_1_123' title='bbox 593 1322 807 1366; x_wconf 88' lang='lat' dir='ltr'>efficacem</span> <span class='ocrx_word' id='word_1_124' title='bbox 842 1322 1089 1367; x_wconf 73' lang='lat' dir='ltr'>voluntatis,</span> <span class='ocrx_word' id='word_1_125' title='bbox 1113 1349 1161 1354; x_wconf 96' lang='lat'>—-</span> <span class='ocrx_word' id='word_1_126' title='bbox 1194 1324 1306 1366; x_wconf 83' lang='lat' dir='ltr'>Nam</span> <span class='ocrx_word' id='word_1_127' title='bbox 1351 1339 1413 1374; x_wconf 81' lang='lat' dir='ltr'>ea,</span> <span class='ocrx_word' id='word_1_128' title='bbox 1439 1339 1549 1381; x_wconf 86' lang='lat' dir='ltr'>quae</span> 
     </span>
     <span class='ocr_line' id='line_1_18' title="bbox 111 1391 1547 1447; baseline 0.001 -12"><span class='ocrx_word' id='word_1_129' title='bbox 111 1391 221 1436; x_wconf 85' lang='lat' dir='ltr'>fiunt</span> <span class='ocrx_word' id='word_1_130' title='bbox 253 1409 304 1436; x_wconf 85' lang='lat' dir='ltr'>ex</span> <span class='ocrx_word' id='word_1_131' title='bbox 337 1394 572 1447; x_wconf 81' lang='lat' dir='ltr'>coactione,</span> <span class='ocrx_word' id='word_1_132' title='bbox 606 1407 705 1437; x_wconf 80' lang='lat' dir='ltr'>sunt</span> <span class='ocrx_word' id='word_1_133' title='bbox 740 1408 886 1437; x_wconf 86' lang='lat' dir='ltr'>contra</span> <span class='ocrx_word' id='word_1_134' title='bbox 919 1394 1184 1438; x_wconf 84' lang='lat' dir='ltr'>tendentiam</span> <span class='ocrx_word' id='word_1_135' title='bbox 1222 1394 1435 1437; x_wconf 85' lang='lat' dir='ltr'>efficacem</span> <span class='ocrx_word' id='word_1_136' title='bbox 1470 1410 1547 1437; x_wconf 87' lang='lat' dir='ltr'>vo-</span> 
     </span>
     <span class='ocr_line' id='line_1_19' title="bbox 113 1463 1545 1523; baseline 0.001 -17"><span class='ocrx_word' id='word_1_137' title='bbox 113 1463 302 1507; x_wconf 81' lang='lat' dir='ltr'>luntatis.</span> <span class='ocrx_word' id='word_1_138' title='bbox 335 1466 469 1522; x_wconf 81' lang='lat' dir='ltr'>Atqui</span> <span class='ocrx_word' id='word_1_139' title='bbox 503 1482 564 1523; x_wconf 84' lang='lat' dir='ltr'>ea,</span> <span class='ocrx_word' id='word_1_140' title='bbox 598 1482 704 1523; x_wconf 79' lang='lat' dir='ltr'>quac</span> <span class='ocrx_word' id='word_1_141' title='bbox 739 1465 845 1509; x_wconf 84' lang='lat' dir='ltr'>fiunt</span> <span class='ocrx_word' id='word_1_142' title='bbox 877 1482 927 1508; x_wconf 78' lang='lat' dir='ltr'>ex</span> <span class='ocrx_word' id='word_1_143' title='bbox 962 1478 1094 1521; x_wconf 80' lang='lat' dir='ltr'>metu,</span> <span class='ocrx_word' id='word_1_144' title='bbox 1129 1482 1172 1508; x_wconf 87' lang='grc' dir='ltr'>εθ</span> <span class='ocrx_word' id='word_1_145' title='bbox 1208 1465 1361 1508; x_wconf 78' lang='lat' dir='ltr'>habent</span> <span class='ocrx_word' id='word_1_146' title='bbox 1396 1478 1439 1508; x_wconf 90' lang='lat' dir='ltr'>ut</span> <span class='ocrx_word' id='word_1_147' title='bbox 1475 1482 1545 1518; x_wconf 84' lang='lat' dir='ltr'>ea,</span> 
     </span>
     <span class='ocr_line' id='line_1_20' title="bbox 113 1534 1543 1594; baseline 0.001 -17"><span class='ocrx_word' id='word_1_148' title='bbox 113 1549 222 1592; x_wconf 84' lang='lat' dir='ltr'>quae</span> <span class='ocrx_word' id='word_1_149' title='bbox 253 1534 363 1579; x_wconf 88' lang='lat' dir='ltr'>fiunt</span> <span class='ocrx_word' id='word_1_150' title='bbox 398 1551 449 1578; x_wconf 84' lang='lat' dir='ltr'>ex</span> <span class='ocrx_word' id='word_1_151' title='bbox 483 1537 732 1590; x_wconf 82' lang='lat' dir='ltr'>coactione;</span> <span class='ocrx_word' id='word_1_152' title='bbox 768 1537 983 1594; x_wconf 78' lang='lat' dir='ltr'>siquidem</span> <span class='ocrx_word' id='word_1_153' title='bbox 1019 1549 1111 1579; x_wconf 88' lang='lat' dir='ltr'>tum</span> <span class='ocrx_word' id='word_1_154' title='bbox 1140 1549 1278 1579; x_wconf 84' lang='lat' dir='ltr'>metus</span> <span class='ocrx_word' id='word_1_155' title='bbox 1303 1550 1395 1579; x_wconf 90' lang='lat' dir='ltr'>tum</span> <span class='ocrx_word' id='word_1_156' title='bbox 1423 1551 1543 1579; x_wconf 86' lang='lat' dir='ltr'>coac-</span> 
     </span>
     <span class='ocr_line' id='line_1_21' title="bbox 116 1606 1546 1665; baseline 0.001 -16"><span class='ocrx_word' id='word_1_157' title='bbox 116 1606 177 1649; x_wconf 87' lang='lat' dir='ltr'>tio</span> <span class='ocrx_word' id='word_1_158' title='bbox 202 1618 265 1650; x_wconf 80' lang='grc' dir='ltr'>θεῖ</span> <span class='ocrx_word' id='word_1_159' title='bbox 287 1622 412 1650; x_wconf 81' lang='lat' dir='ltr'>causa</span> <span class='ocrx_word' id='word_1_160' title='bbox 443 1609 635 1651; x_wconf 80' lang='lat' dir='ltr'>actionis.</span> <span class='ocrx_word' id='word_1_161' title='bbox 664 1609 779 1664; x_wconf 76' lang='lat' dir='ltr'>Ergo</span> <span class='ocrx_word' id='word_1_162' title='bbox 814 1609 942 1650; x_wconf 84' lang='lat' dir='ltr'>etiam</span> <span class='ocrx_word' id='word_1_163' title='bbox 976 1624 1036 1660; x_wconf 83' lang='lat' dir='ltr'>ea,</span> <span class='ocrx_word' id='word_1_164' title='bbox 1064 1624 1170 1665; x_wconf 82' lang='lat' dir='ltr'>quae</span> <span class='ocrx_word' id='word_1_165' title='bbox 1194 1607 1300 1650; x_wconf 80' lang='lat' dir='ltr'>fiunt</span> <span class='ocrx_word' id='word_1_166' title='bbox 1325 1624 1377 1651; x_wconf 79' lang='lat' dir='ltr'>ex</span> <span class='ocrx_word' id='word_1_167' title='bbox 1410 1620 1546 1661; x_wconf 87' lang='lat' dir='ltr'>metu,</span> 
     </span>
     <span class='ocr_line' id='line_1_22' title="bbox 116 1677 1545 1737; baseline 0.002 -18"><span class='ocrx_word' id='word_1_168' title='bbox 116 1689 216 1720; x_wconf 90' lang='lat' dir='ltr'>sunt</span> <span class='ocrx_word' id='word_1_169' title='bbox 238 1691 388 1721; x_wconf 78' lang='lat' dir='ltr'>contra</span> <span class='ocrx_word' id='word_1_170' title='bbox 406 1677 671 1721; x_wconf 83' lang='lat' dir='ltr'>tendentiam</span> <span class='ocrx_word' id='word_1_171' title='bbox 697 1677 908 1721; x_wconf 85' lang='lat' dir='ltr'>efficacem</span> <span class='ocrx_word' id='word_1_172' title='bbox 934 1678 1176 1723; x_wconf 75' lang='lat' dir='ltr'>voluntatis.</span> <span class='ocrx_word' id='word_1_173' title='bbox 1196 1705 1253 1710; x_wconf 85' lang='lat'>——</span> <span class='ocrx_word' id='word_1_174' title='bbox 1273 1680 1400 1737; x_wconf 84' lang='lat' dir='ltr'>Resp.</span> <span class='ocrx_word' id='word_1_175' title='bbox 1424 1679 1545 1722; x_wconf 76' lang='lat' dir='ltr'>Cone.</span> 
     </span>
     <span class='ocr_line' id='line_1_23' title="bbox 117 1748 1547 1807; baseline 0.001 -16"><span class='ocrx_word' id='word_1_176' title='bbox 117 1750 212 1792; x_wconf 84' lang='lat' dir='ltr'>mai.</span> <span class='ocrx_word' id='word_1_177' title='bbox 248 1749 283 1791; x_wconf 89' lang='lat' dir='ltr'>si</span> <span class='ocrx_word' id='word_1_178' title='bbox 317 1763 461 1792; x_wconf 83' lang='lat' dir='ltr'>sermo</span> <span class='ocrx_word' id='word_1_179' title='bbox 496 1751 549 1792; x_wconf 81' lang='lat' dir='ltr'>sit</span> <span class='ocrx_word' id='word_1_180' title='bbox 597 1748 647 1792; x_wconf 84' lang='lat' dir='ltr'>de</span> <span class='ocrx_word' id='word_1_181' title='bbox 697 1751 917 1792; x_wconf 80' lang='lat' dir='ltr'>coactione</span> <span class='ocrx_word' id='word_1_182' title='bbox 966 1749 1157 1793; x_wconf 76' lang='lat' dir='ltr'>absolute</span> <span class='ocrx_word' id='word_1_183' title='bbox 1207 1763 1247 1793; x_wconf 90' lang='lat' dir='ltr'>et</span> <span class='ocrx_word' id='word_1_184' title='bbox 1293 1749 1547 1807; x_wconf 79' lang='lat' dir='ltr'>simpliciter</span> 
     </span>
     <span class='ocr_line' id='line_1_24' title="bbox 117 1818 1548 1879; baseline 0.002 -19"><span class='ocrx_word' id='word_1_185' title='bbox 117 1818 202 1861; x_wconf 91' lang='lat' dir='ltr'>tali.</span> <span class='ocrx_word' id='word_1_186' title='bbox 238 1821 346 1863; x_wconf 83' lang='lat' dir='ltr'>Dist.</span> <span class='ocrx_word' id='word_1_187' title='bbox 381 1821 476 1864; x_wconf 78' lang='lat' dir='ltr'>min.</span> <span class='ocrx_word' id='word_1_188' title='bbox 514 1821 570 1863; x_wconf 82' lang='lat' dir='ltr'>Ea</span> <span class='ocrx_word' id='word_1_189' title='bbox 606 1837 712 1878; x_wconf 83' lang='lat' dir='ltr'>quae</span> <span class='ocrx_word' id='word_1_190' title='bbox 746 1819 853 1863; x_wconf 78' lang='lat' dir='ltr'>fiunt</span> <span class='ocrx_word' id='word_1_191' title='bbox 905 1836 955 1863; x_wconf 86' lang='lat' dir='ltr'>ex</span> <span class='ocrx_word' id='word_1_192' title='bbox 990 1833 1105 1864; x_wconf 87' lang='lat' dir='ltr'>metu</span> <span class='ocrx_word' id='word_1_193' title='bbox 1141 1834 1180 1864; x_wconf 84' lang='lat' dir='ltr'>et</span> <span class='ocrx_word' id='word_1_194' title='bbox 1216 1838 1261 1864; x_wconf 86' lang='lat' dir='ltr'>ea</span> <span class='ocrx_word' id='word_1_195' title='bbox 1301 1837 1407 1879; x_wconf 81' lang='lat' dir='ltr'>quae</span> <span class='ocrx_word' id='word_1_196' title='bbox 1440 1820 1548 1863; x_wconf 85' lang='lat' dir='ltr'>fiunt</span> 
     </span>
    </p>
   </div>
   <div class='ocr_carea' id='block_1_2' title="bbox 120 1958 333 1963">
    <p class='ocr_par' dir='ltr' id='par_1_4' title="bbox 120 1958 333 1963">
     <span class='ocr_line' id='line_1_25' title="bbox 120 1958 333 1963; baseline 0 0"><span class='ocrx_word' id='word_1_197' title='bbox 120 1958 333 1963; x_wconf 95' lang='lat' dir='ltr'> </span> 
     </span>
    </p>
   </div>
   <div class='ocr_carea' id='block_1_3' title="bbox 114 2016 1548 2586">
    <p class='ocr_par' dir='ltr' id='par_1_5' title="bbox 114 2016 1548 2586">
     <span class='ocr_line' id='line_1_26' title="bbox 212 2016 1547 2064; baseline -0.001 -13"><span class='ocrx_word' id='word_1_198' title='bbox 212 2017 269 2062; x_wconf 83' lang='lat'>(1)</span> <span class='ocrx_word' id='word_1_199' title='bbox 297 2017 357 2059; x_wconf 83' lang='lat' dir='ltr'>Iis,</span> <span class='ocrx_word' id='word_1_200' title='bbox 386 2029 474 2064; x_wconf 80' lang='lat' dir='ltr'>quac</span> <span class='ocrx_word' id='word_1_201' title='bbox 503 2018 537 2051; x_wconf 88' lang='lat' dir='ltr'>in</span> <span class='ocrx_word' id='word_1_202' title='bbox 564 2017 655 2052; x_wconf 69' lang='lat' dir='ltr'>thesi</span> <span class='ocrx_word' id='word_1_203' title='bbox 685 2018 756 2050; x_wconf 88' lang='lat' dir='ltr'>iam</span> <span class='ocrx_word' id='word_1_204' title='bbox 784 2017 950 2059; x_wconf 73' lang='lat' dir='ltr'>diximus,</span> <span class='ocrx_word' id='word_1_205' title='bbox 971 2018 1060 2051; x_wconf 78' lang='lat' dir='ltr'>haec</span> <span class='ocrx_word' id='word_1_206' title='bbox 1087 2017 1259 2051; x_wconf 77' lang='lat' dir='ltr'>addemus</span> <span class='ocrx_word' id='word_1_207' title='bbox 1278 2018 1385 2051; x_wconf 82' lang='lat' dir='ltr'>verba</span> <span class='ocrx_word' id='word_1_208' title='bbox 1405 2030 1447 2051; x_wconf 70' lang='lat' dir='ltr'>ex</span> <span class='ocrx_word' id='word_1_209' title='bbox 1467 2016 1547 2051; x_wconf 86' lang='lat' dir='ltr'>Bal-</span> 
     </span>
     <span class='ocr_line' id='line_1_27' title="bbox 115 2075 1547 2120; baseline -0.001 -9"><span class='ocrx_word' id='word_1_210' title='bbox 115 2075 230 2119; x_wconf 70' lang='lat' dir='ltr'>lerini,</span> <span class='ocrx_word' id='word_1_211' title='bbox 255 2076 300 2111; x_wconf 89' lang='lat' dir='ltr'>de</span> <span class='ocrx_word' id='word_1_212' title='bbox 326 2085 396 2111; x_wconf 84' lang='lat' dir='ltr'>act.</span> <span class='ocrx_word' id='word_1_213' title='bbox 424 2076 523 2110; x_wconf 86' lang='lat' dir='ltr'>hum.</span> <span class='ocrx_word' id='word_1_214' title='bbox 552 2077 714 2111; x_wconf 81' lang='lat' dir='ltr'>adnotat.</span> <span class='ocrx_word' id='word_1_215' title='bbox 745 2077 787 2109; x_wconf 80' lang='lat' dir='ltr'>ab</span> <span class='ocrx_word' id='word_1_216' title='bbox 817 2076 907 2110; x_wconf 74' lang='lat' dir='ltr'>init:</span> <span class='ocrx_word' id='word_1_217' title='bbox 942 2092 957 2106; x_wconf 86' lang='lat'>«</span> <span class='ocrx_word' id='word_1_218' title='bbox 978 2076 1183 2111; x_wconf 75' lang='lat' dir='ltr'>Voluntatis</span> <span class='ocrx_word' id='word_1_219' title='bbox 1209 2076 1353 2110; x_wconf 76' lang='lat' dir='ltr'>affectio</span> <span class='ocrx_word' id='word_1_220' title='bbox 1381 2076 1433 2120; x_wconf 74' lang='lat' dir='ltr'>(in</span> <span class='ocrx_word' id='word_1_221' title='bbox 1461 2076 1547 2110; x_wconf 87' lang='lat' dir='ltr'>acti—</span> 
     </span>
     <span class='ocr_line' id='line_1_28' title="bbox 114 2135 1545 2182; baseline -0.001 -11"><span class='ocrx_word' id='word_1_222' title='bbox 114 2136 180 2171; x_wconf 88' lang='lat' dir='ltr'>bus</span> <span class='ocrx_word' id='word_1_223' title='bbox 206 2147 249 2170; x_wconf 83' lang='lat' dir='ltr'>ex</span> <span class='ocrx_word' id='word_1_224' title='bbox 275 2144 373 2170; x_wconf 86' lang='lat' dir='ltr'>metu</span> <span class='ocrx_word' id='word_1_225' title='bbox 402 2136 547 2182; x_wconf 80' lang='lat' dir='ltr'>positis)</span> <span class='ocrx_word' id='word_1_226' title='bbox 573 2136 615 2169; x_wconf 79' lang='lat' dir='ltr'>ad</span> <span class='ocrx_word' id='word_1_227' title='bbox 645 2136 715 2169; x_wconf 90' lang='lat' dir='ltr'>duo</span> <span class='ocrx_word' id='word_1_228' title='bbox 744 2135 869 2177; x_wconf 78' lang='lat' dir='ltr'>tendit,</span> <span class='ocrx_word' id='word_1_229' title='bbox 898 2147 988 2181; x_wconf 80' lang='lat' dir='ltr'>quae</span> <span class='ocrx_word' id='word_1_230' title='bbox 1016 2136 1123 2169; x_wconf 71' lang='lat' dir='ltr'>simul</span> <span class='ocrx_word' id='word_1_231' title='bbox 1151 2136 1280 2169; x_wconf 70' lang='lat' dir='ltr'>habere</span> <span class='ocrx_word' id='word_1_232' title='bbox 1308 2147 1381 2168; x_wconf 80' lang='lat' dir='ltr'>non</span> <span class='ocrx_word' id='word_1_233' title='bbox 1410 2143 1545 2180; x_wconf 77' lang='lat' dir='ltr'>potest,</span> 
     </span>
     <span class='ocr_line' id='line_1_29' title="bbox 115 2194 1547 2241; baseline -0.001 -12"><span class='ocrx_word' id='word_1_234' title='bbox 115 2207 156 2229; x_wconf 88' lang='lat' dir='ltr'>ac</span> <span class='ocrx_word' id='word_1_235' title='bbox 182 2194 330 2241; x_wconf 86' lang='lat' dir='ltr'>proinde</span> <span class='ocrx_word' id='word_1_236' title='bbox 358 2196 450 2229; x_wconf 82' lang='lat' dir='ltr'>circa</span> <span class='ocrx_word' id='word_1_237' title='bbox 474 2207 585 2229; x_wconf 84' lang='lat' dir='ltr'>unum</span> <span class='ocrx_word' id='word_1_238' title='bbox 613 2195 765 2240; x_wconf 74' lang='lat' dir='ltr'>assurgit</span> <span class='ocrx_word' id='word_1_239' title='bbox 794 2195 986 2229; x_wconf 77' lang='lat' dir='ltr'>efficaciter</span> <span class='ocrx_word' id='word_1_240' title='bbox 1014 2204 1046 2229; x_wconf 80' lang='lat' dir='ltr'>ct</span> <span class='ocrx_word' id='word_1_241' title='bbox 1069 2195 1154 2228; x_wconf 86' lang='lat' dir='ltr'>illud</span> <span class='ocrx_word' id='word_1_242' title='bbox 1183 2195 1426 2240; x_wconf 70' lang='lat' dir='ltr'>amplectitur,</span> <span class='ocrx_word' id='word_1_243' title='bbox 1461 2205 1547 2238; x_wconf 77' lang='lat' dir='ltr'>erga</span> 
     </span>
     <span class='ocr_line' id='line_1_30' title="bbox 117 2253 1548 2300; baseline -0.001 -12"><span class='ocrx_word' id='word_1_244' title='bbox 117 2254 269 2289; x_wconf 84' lang='lat' dir='ltr'>alterum</span> <span class='ocrx_word' id='word_1_245' title='bbox 297 2254 528 2289; x_wconf 77' lang='lat' dir='ltr'>inefficaciter</span> <span class='ocrx_word' id='word_1_246' title='bbox 554 2265 659 2300; x_wconf 84' lang='lat' dir='ltr'>atque</span> <span class='ocrx_word' id='word_1_247' title='bbox 686 2255 776 2288; x_wconf 84' lang='lat' dir='ltr'>adeo</span> <span class='ocrx_word' id='word_1_248' title='bbox 803 2254 872 2288; x_wconf 83' lang='lat' dir='ltr'>hoc</span> <span class='ocrx_word' id='word_1_249' title='bbox 898 2254 1091 2300; x_wconf 74' lang='lat' dir='ltr'>relinquit:</span> <span class='ocrx_word' id='word_1_250' title='bbox 1123 2254 1216 2288; x_wconf 83' lang='lat' dir='ltr'>circa</span> <span class='ocrx_word' id='word_1_251' title='bbox 1247 2265 1359 2287; x_wconf 80' lang='lat' dir='ltr'>unum</span> <span class='ocrx_word' id='word_1_252' title='bbox 1395 2253 1548 2287; x_wconf 81' lang='lat' dir='ltr'>habetur</span> 
     </span>
     <span class='ocr_line' id='line_1_31' title="bbox 115 2313 1544 2357; baseline -0.002 -9"><span class='ocrx_word' id='word_1_253' title='bbox 115 2314 295 2357; x_wconf 84' lang='lat' dir='ltr'>voluntas,</span> <span class='ocrx_word' id='word_1_254' title='bbox 323 2316 416 2349; x_wconf 83' lang='lat' dir='ltr'>circa</span> <span class='ocrx_word' id='word_1_255' title='bbox 442 2314 538 2348; x_wconf 85' lang='lat' dir='ltr'>aliud</span> <span class='ocrx_word' id='word_1_256' title='bbox 566 2314 742 2348; x_wconf 75' lang='lat' dir='ltr'>vellcitas:</span> <span class='ocrx_word' id='word_1_257' title='bbox 773 2314 807 2348; x_wconf 87' lang='lat' dir='ltr'>in</span> <span class='ocrx_word' id='word_1_258' title='bbox 836 2325 947 2348; x_wconf 88' lang='lat' dir='ltr'>unum</span> <span class='ocrx_word' id='word_1_259' title='bbox 975 2315 1143 2347; x_wconf 74' lang='lat' dir='ltr'>voluntas</span> <span class='ocrx_word' id='word_1_260' title='bbox 1172 2314 1279 2347; x_wconf 67' lang='lat' dir='ltr'>fertur</span> <span class='ocrx_word' id='word_1_261' title='bbox 1306 2313 1480 2355; x_wconf 80' lang='lat' dir='ltr'>absolute,</span> <span class='ocrx_word' id='word_1_262' title='bbox 1508 2313 1544 2346; x_wconf 87' lang='lat' dir='ltr'>in</span> 
     </span>
     <span class='ocr_line' id='line_1_32' title="bbox 117 2372 1546 2418; baseline -0.001 -11"><span class='ocrx_word' id='word_1_263' title='bbox 117 2372 271 2407; x_wconf 85' lang='lat' dir='ltr'>alterum</span> <span class='ocrx_word' id='word_1_264' title='bbox 298 2385 384 2408; x_wconf 85' lang='lat' dir='ltr'>vero</span> <span class='ocrx_word' id='word_1_265' title='bbox 413 2374 671 2414; x_wconf 84' lang='lat' dir='ltr'>conditionate,</span> <span class='ocrx_word' id='word_1_266' title='bbox 691 2384 821 2418; x_wconf 82' lang='lat' dir='ltr'>nempe</span> <span class='ocrx_word' id='word_1_267' title='bbox 841 2374 869 2407; x_wconf 87' lang='grc' dir='ltr'>εἰ</span> <span class='ocrx_word' id='word_1_268' title='bbox 888 2373 983 2418; x_wconf 79' lang='lat' dir='ltr'>prius</span> <span class='ocrx_word' id='word_1_269' title='bbox 1001 2373 1243 2406; x_wconf 72' lang='lat' dir='ltr'>amittendum</span> <span class='ocrx_word' id='word_1_270' title='bbox 1262 2383 1334 2405; x_wconf 88' lang='lat' dir='ltr'>non</span> <span class='ocrx_word' id='word_1_271' title='bbox 1362 2372 1417 2413; x_wconf 79' lang='lat' dir='ltr'>slt3</span> <span class='ocrx_word' id='word_1_272' title='bbox 1439 2382 1546 2417; x_wconf 81' lang='lat' dir='ltr'>atque</span> 
     </span>
     <span class='ocr_line' id='line_1_33' title="bbox 119 2432 1546 2480; baseline -0.001 -14"><span class='ocrx_word' id='word_1_273' title='bbox 119 2433 202 2467; x_wconf 83' lang='lat' dir='ltr'>inde</span> <span class='ocrx_word' id='word_1_274' title='bbox 227 2432 423 2480; x_wconf 79' lang='lat' dir='ltr'>appellatio</span> <span class='ocrx_word' id='word_1_275' title='bbox 450 2433 644 2468; x_wconf 81' lang='lat' dir='ltr'>voluntatis</span> <span class='ocrx_word' id='word_1_276' title='bbox 671 2433 844 2467; x_wconf 70' lang='lat' dir='ltr'>absolutae</span> <span class='ocrx_word' id='word_1_277' title='bbox 870 2444 931 2467; x_wconf 89' lang='lat' dir='ltr'>seu</span> <span class='ocrx_word' id='word_1_278' title='bbox 958 2434 1118 2480; x_wconf 72' lang='lat' dir='ltr'>simplicis</span> <span class='ocrx_word' id='word_1_279' title='bbox 1147 2443 1179 2468; x_wconf 73' lang='lat' dir='ltr'>ct</span> <span class='ocrx_word' id='word_1_280' title='bbox 1206 2433 1402 2467; x_wconf 73' lang='lat' dir='ltr'>voluntatis</span> <span class='ocrx_word' id='word_1_281' title='bbox 1429 2444 1546 2467; x_wconf 80' lang='lat' dir='ltr'>secun-</span> 
     </span>
     <span class='ocr_line' id='line_1_34' title="bbox 118 2489 1544 2539; baseline 0 -13"><span class='ocrx_word' id='word_1_282' title='bbox 118 2489 197 2526; x_wconf 80' lang='lat' dir='ltr'>dum</span> <span class='ocrx_word' id='word_1_283' title='bbox 227 2491 315 2539; x_wconf 82' lang='lat' dir='ltr'>quid,</span> <span class='ocrx_word' id='word_1_284' title='bbox 344 2493 517 2527; x_wconf 84' lang='lat' dir='ltr'>nimirum</span> <span class='ocrx_word' id='word_1_285' title='bbox 537 2492 732 2527; x_wconf 81' lang='lat' dir='ltr'>secundum</span> <span class='ocrx_word' id='word_1_286' title='bbox 760 2493 916 2539; x_wconf 80' lang='lat' dir='ltr'>aliquem</span> <span class='ocrx_word' id='word_1_287' title='bbox 938 2501 1139 2537; x_wconf 79' lang='lat' dir='ltr'>respectum</span> <span class='ocrx_word' id='word_1_288' title='bbox 1160 2505 1220 2527; x_wconf 77' lang='lat' dir='ltr'>seu</span> <span class='ocrx_word' id='word_1_289' title='bbox 1241 2493 1544 2538; x_wconf 76' lang='lat' dir='ltr'>complacentiam</span> 
     </span>
     <span class='ocr_line' id='line_1_35' title="bbox 126 2551 386 2586; baseline -0.004 -2"><span class='ocrx_word' id='word_1_290' title='bbox 126 2551 350 2586; x_wconf 81' lang='lat' dir='ltr'>nefficaccm.</span> <span class='ocrx_word' id='word_1_291' title='bbox 370 2567 386 2583; x_wconf 79' lang='lat'><strong>»</strong></span> 
     </span>
    </p>
   </div>
  </div>
 </body>
</html>
