1734 2784
243 237 276 268 1.
311 222 386 268 Est
419 224 460 268 in
494 223 680 268 omnibns
713 222 940 267 hominibus
963 224 1165 281 appetitus
1189 220 1460 266 beatitudinis.
1484 247 1542 252 ——

120 295 290 340 Omnes
322 295 521 339 homines
555 307 753 355 appetere
801 294 1122 348 beatitudinem,
1172 293 1215 337 id
1258 307 1320 338 est
1367 294 1540 336 secretis

119 367 240 410 malis
274 366 474 411 omnibus
509 367 769 411 cumulatam
801 366 1015 410 bonorum
1049 367 1384 426 possessionem,
1426 365 1540 408 veri-

118 451 181 482 tas
213 451 276 483 est
301 440 344 483 in
361 439 471 483 facto
504 440 645 498 posita
669 452 708 483 et
732 441 912 483 omnino
946 438 1181 493 manifesta,
1201 440 1340 496 primo
1365 437 1541 495 quidem

116 527 170 555 ex
201 512 349 556 intima
379 512 717 570 uniuscuiusque
765 512 1049 570 experientia,
1082 510 1250 555 secundo
1295 521 1439 553 autem
1492 526 1540 553 ex

118 583 325 628 uniformi
357 583 583 628 universali
618 596 659 627 et
692 585 900 628 constanti
935 584 1132 627 omnium
1168 583 1396 626 hominum
1433 596 1539 624 con-

119 673 260 702 sensu.
301 675 322 699 ‹<
353 657 494 714 Beate,
512 657 566 700 ait
600 672 631 699 s.
667 657 937 714 Augustinus
971 657 1047 713 (Ι),
1082 668 1191 699 certe
1217 669 1369 698 omnes
1394 654 1536 697 vivere

117 730 333 776 volumus:
367 744 505 788 neque
538 729 764 787 quisquam
798 740 861 772 est
894 729 936 771 in
970 727 1199 771 hominum
1248 741 1418 784 genere,
1467 725 1540 783 qui

118 819 207 847 non
240 802 340 846 huic
372 802 621 856 sententiae,
646 813 872 859 antequam
906 798 1027 858 plane
1054 800 1107 842 sit
1131 799 1300 851 emissa,
1321 813 1413 853 non
1439 812 1540 840 con-

119 876 283 920 sentiat.
301 892 322 915 »
352 875 445 918 Hac
462 873 513 918 de
535 874 726 932 veritate,
750 885 796 916 ut
820 872 933 916 idem
960 871 1085 916 refert
1110 888 1141 916 s,
1167 870 1436 928 Augustinus
1461 868 1543 926 (2),

125 965 145 988 «
177 962 255 990 nec
286 947 376 1004 ipse
409 944 525 1005 (cum
558 944 824 988 Academicis
873 944 1018 987 omnia
1051 942 1177 987 dubia
1225 942 1332 1000 sint)
1372 939 1542 984 Acade-

120 1019 258 1063 micus
292 1018 359 1062 ille
393 1018 547 1062 Cicero
582 1016 803 1071 dubitavit,
837 1018 908 1075 qui
944 1032 1041 1059 cum
1074 1015 1198 1059 vellet
1231 1016 1274 1057 in
1308 1013 1543 1057 Hortensio

121 1091 291 1149 dialogo
315 1090 363 1134 ab
387 1090 525 1149 aiiqua
547 1105 591 1133 re
615 1102 739 1142 certa,
759 1088 809 1132 de
828 1104 910 1146 qua
932 1088 1072 1130 nullus
1097 1086 1347 1144 ambigeret,
1376 1100 1546 1128 sumere

120 1180 220 1207 suae
252 1163 554 1220 disputationis
605 1161 845 1213 exordium,
887 1161 1002 1203 Beati
1037 1172 1168 1212 certo,
1208 1158 1360 1216 inquit,
1395 1172 1546 1200 omnes

120 1250 211 1279 esse
242 1234 473 1278 volumus:
508 1233 614 1277 absit
647 1246 693 1276 ut
726 1232 807 1275 hoc
841 1231 993 1276 falsum
1030 1247 1124 1274 esse
1159 1230 1364 1274 dicamus.
1400 1246 1419 1269 »
1461 1229 1547 1271 Ita-

120 1322 202 1365 que
234 1321 321 1349 non
355 1319 430 1359 est,
464 1320 537 1349 cur
571 1306 613 1348 in
647 1305 789 1363 priore
824 1303 950 1346 huius
986 1302 1159 1346 theseos
1208 1314 1326 1359 parte
1361 1300 1548 1343 demon-

123 1377 298 1421 stranda
329 1379 635 1421 immoremur.
666 1395 685 1417 «
728 1377 829 1420 Non
880 1390 976 1432 egO,
1012 1375 1155 1432 inquit
1196 1372 1368 1417 Tullius
1402 1373 1480 1429 (3),
1516 1371 1550 1412 si

122 1449 225 1508 quid
258 1462 321 1494 est
355 1449 543 1506 evidens,
579 1448 629 1492 de
663 1464 749 1507 quo
784 1449 893 1490 inter
926 1462 1077 1490 omnes
1123 1446 1361 1499 conveniat,
1413 1460 1546 1501 argu-

121 1523 303 1566 mentari
323 1522 456 1567 soleo:
480 1521 758 1580 perspicuitas
778 1521 895 1564 enim
914 1518 1283 1562 demonstratione
1302 1517 1488 1560 elevatur
1507 1534 1546 1559 n.

238 1593 347 1638 Illud
381 1595 524 1652 potius
559 1592 710 1636 sedulo
755 1591 1134 1644 animadvertatur,
1180 1589 1297 1648 quod
1343 1589 1392 1632 ad
1442 1605 1549 1632 con-

213 1768 268 1815 (1)
295 1767 349 1803 De
376 1780 470 1803 mor.
500 1768 598 1803 Eccl.
626 1768 648 1801 l.
678 1777 702 1802 1.
733 1766 786 1802 Cf.
815 1767 923 1800 etiam
953 1766 975 1799 l.
1009 1766 1050 1800 X.
1082 1764 1123 1798 de
1153 1764 1229 1798 Civ.
1252 1763 1319 1798 Dei
1347 1775 1375 1797 c.
1410 1774 1439 1797 1.

215 1831 266 1873 (2)
292 1829 348 1863 De
375 1827 476 1863 Trin.
503 1827 526 1862 l.
551 1827 647 1863 XIII.
675 1837 706 1870 4.
737 1826 791 1862 Cf.
821 1827 928 1860 etiam
958 1837 1034 1870 cap.
1065 1824 1135 1865 111„
1165 1824 1222 1857 ubi
1252 1833 1370 1858 narrat
1399 1824 1442 1857 de
1477 1824 1548 1857 mi-

124 1898 184 1923 mo
213 1886 381 1934 quodam,
410 1887 469 1933 qui
495 1886 661 1932 promisit
689 1887 723 1920 in
751 1885 905 1926 theatro,
944 1895 980 1918 se
1020 1882 1196 1929 proximis
1239 1882 1331 1916 ludis
1370 1882 1548 1916 dicturum

123 1946 206 1993 quid
233 1946 269 1979 in
298 1947 421 1980 animo
447 1945 620 1980 haberent
648 1955 682 1980 et
721 1945 803 1991 quid
832 1944 964 1979 vellent
991 1953 1130 1976 omnes:
1171 1941 1336 1987 Cumquc¹
1376 1941 1417 1974 ad
1455 1941 1548 1974 diem

123 2005 361 2040 constitutam
388 2005 526 2052 ingenti
553 2004 804 2049 expectatione
833 2005 949 2037 maior
978 2001 1172 2036 multitudo
1208 2001 1418 2040 conflueret,
1448 1999 1547 2033 dixit:

123 2065 202 2100 Hoc
228 2076 356 2099 omnes
384 2064 504 2107 vultis,
521 2064 582 2098 vili
602 2075 722 2098 emere
750 2073 783 2098 et
804 2075 885 2097 caro
915 2063 1081 2097 vendere.
1101 2061 1344 2108 Reprcliendit
1364 2061 1457 2093 bunc
1478 2060 1549 2093 rni-

123 2137 224 2159 mum
251 2137 281 2160 s.
309 2126 547 2170 Augustinus,
577 2135 660 2158 cum
688 2123 793 2158 multi
822 2124 1050 2157 inveniantur
1077 2124 1142 2156 viri
1189 2123 1305 2168 probi,
1337 2121 1395 2167 qui
1434 2120 1550 2154 nolint

121 2185 169 2227 id,
199 2183 294 2231 quod
322 2194 448 2220 contra
476 2185 648 2219 iustitiam
677 2193 742 2224 cst,
765 2193 797 2218 ct
826 2183 970 2229 quidam
1001 2182 1111 2216 ctiam
1140 2181 1332 2216 extiterint.
1361 2180 1417 2226 qui
1449 2179 1553 2224 largi-

121 2244 232 2279 tionis
247 2245 359 2287 gratia
387 2245 539 2278 emerint
559 2242 739 2278 frumenta
755 2244 870 2277 carius
897 2251 930 2277 et
950 2242 1055 2276 vilius
1082 2241 1306 2275 vendiderint
1334 2241 1405 2273 suis
1430 2239 1552 2273 conci-

122 2304 233 2339 vibus.
261 2305 323 2346 At,
354 2304 467 2349 pergit
504 2315 530 2338 S.
557 2303 709 2345 Doctor‚
753 2303 813 2336 «si
842 2302 973 2336 minius
1001 2301 1060 2335 ille
1100 2301 1259 2342 dixisset,
1289 2312 1417 2333 omncs
1457 2299 1550 2333 beati

124 2374 199 2397 csse
228 2362 346 2406 vultis,
373 2363 493 2397 miseri
521 2374 598 2397 esse
625 2374 698 2396 non
726 2362 846 2404 vultis,
874 2361 1021 2395 dixisset
1050 2360 1197 2406 aliquid,
1225 2359 1319 2406 quod
1358 2358 1480 2393 nullus
1519 2358 1550 2391 in

123 2434 185 2458 sua
213 2435 285 2458 non
311 2431 526 2469 agnosceret
552 2421 746 2457 voluntate.
777 2421 963 2467 Quidquid
992 2421 1088 2455 enim
1116 2420 1213 2454 aliud
1242 2420 1433 2465 quisquam
1454 2417 1551 2453 velit.

123 2483 165 2518 ab
192 2482 260 2518 hac
286 2483 483 2525 voluntate,
511 2493 600 2530 quae
626 2482 797 2517 omnibus
824 2489 857 2515 et
881 2482 914 2514 in
943 2480 1111 2515 omnibus
1131 2479 1339 2513 hominibus
1362 2478 1446 2512 satis
1467 2485 1553 2511 nota

124 2552 190 2587 est,
219 2555 292 2578 non
320 2545 466 2580 recedit.
484 2560 500 2575 n

220 2605 273 2647 (3)
300 2604 356 2639 Dc
386 2613 457 2639 nat.
486 2603 594 2638 Dema
624 2602 683 2638 Ill.
723 2613 741 2645 ι.
