1734 2784
762 119 1018 162 -394—

181 202 326 244 consul
365 202 517 253 iubeat,
554 215 591 244 ct
625 201 737 245 aliud
774 201 908 245 iubeat
944 203 1193 260 imperator,
1235 207 1445 264 numquid
1479 206 1598 251 dubi-

182 287 313 320 tatur,
352 274 422 316 illo
458 287 722 331 contempto,
750 275 814 317 isti
845 290 936 318 csse
960 276 1232 320 serviendum
1254 279 1269 321 Ρ
1295 279 1407 333 Ergo
1431 280 1463 321 si
1488 279 1601 324 aliud

183 347 413 402 imperator
447 357 485 388 et
522 345 633 388 aliud
667 346 798 399 Deus,
823 345 925 403 quid
956 347 1185 391 iudicatis?
1220 348 1344 392 Solve
1378 349 1599 405 tributum,

180 430 271 458 esto
293 417 395 458 milii
423 418 460 458 in
489 416 757 474 obsequium.
786 419 927 475 Recte,
954 417 1024 461 sed
1049 434 1135 461 non
1160 421 1200 462 in
1226 419 1371 464 idolio.
1398 421 1442 463 In
1467 420 1600 466 idolio

181 486 389 543 prohibet.
429 488 540 540 Quis
577 487 804 544 prohibet?
840 489 978 531 Maior
1012 502 1209 546 potestas.
1247 492 1310 533 Da
1346 493 1530 545 veniam,
1555 505 1601 536 tu

181 573 404 614 carcerem,
440 557 506 601 ille
541 558 781 615 geliennam
818 561 1087 603 minitatur.»

301 631 513 683 Quamvis
548 644 691 673 autem
726 630 793 674 lex
840 631 1024 674 humana
1075 633 1128 675 sit
1177 649 1274 677 sanc
1322 634 1602 692 improbanda

183 713 306 757 atque
343 699 667 753 contemnenda,
694 717 788 743 cum
825 701 1019 759 prohibet
1055 719 1100 746 ea
1134 719 1239 761 quae
1273 704 1409 762 alege
1441 705 1601 760 altiore,

181 774 429 830 praesertim
467 772 659 823 naturali,
681 774 996 831 praecipiuntur
1018 774 1083 818 vel
1107 792 1128 818 e
1153 790 1359 819 converso
1399 777 1601 836 praecipit

184 861 229 888 ca
264 861 370 903 quae
406 844 453 888 ab
489 843 635 888 eadem
670 845 762 903 lege
796 845 1103 903 prohibentur;
1138 863 1223 890 non
1258 847 1415 892 idcirco
1459 861 1601 893 tamen

185 929 246 959 cst
280 932 450 974 semper
483 932 528 959 ac
562 917 797 974 generatim
831 917 1119 976 vituperanda,
1154 920 1323 976 quoties
1347 921 1508 964 crimen
1532 920 1603 964 ali-

185 987 301 1045 quod
329 1003 414 1031 non
441 987 625 1041 cohibet,
661 988 733 1031 sed
758 988 905 1032 tolerat
929 989 1280 1048 impunitumque
1312 991 1520 1050 relinquit.
1545 992 1604 1036 Ut

187 1060 299 1102 enim
336 1059 448 1103 idem
483 1075 513 1102 3.
548 1060 816 1117 Augustinus
852 1059 975 1103 docet
1007 1060 1092 1119 (1),
1123 1079 1141 1101 «
1165 1061 1231 1105 lex
1266 1063 1356 1116 ista,
1391 1066 1497 1121 quae
1534 1078 1604 1106 re·

183 1130 335 1188 gendis
372 1130 607 1174 civitatibus
642 1130 786 1188 fertur,
820 1131 952 1175 multa
989 1133 1182 1176 concedit
1221 1146 1343 1192 atque
1395 1135 1604 1193 impunita

186 1203 401 1260 relinquit,
436 1219 542 1261 quae
575 1218 649 1260 per
682 1203 869 1245 divinam
917 1216 1059 1246 tamen
1106 1205 1420 1261 providentiam
1469 1205 1603 1250 vindi-

186 1275 402 1329 dicantur3
438 1287 476 1318 et
511 1288 633 1318 recte.
669 1276 821 1332 Neque
855 1276 967 1318 enim
1015 1277 1111 1333 quia
1154 1291 1240 1320 non
1283 1278 1426 1320 omnia
1478 1277 1606 1334 facit,

187 1345 285 1388 ideo
319 1361 424 1402 quae
458 1344 553 1388 facit
586 1344 864 1402 improbanda
897 1358 996 1389 sunt
1020 1364 1058 1388 ».
1081 1346 1244 1390 Eodem
1270 1360 1394 1404 pacto
1418 1346 1606 1406 loquitur

187 1433 218 1460 3.
257 1417 453 1461 Thomas
487 1417 584 1475 (2):
617 1418 773 1474 «Lege
808 1416 993 1460 humana
1027 1432 1114 1460 non
1146 1417 1427 1475 prohibentur
1461 1420 1606 1462 omnia

186 1491 299 1540 vitia,
334 1506 353 1533 a
388 1489 540 1547 quibus
575 1490 754 1532 virtuosi
789 1488 1015 1546 abstinent,
1048 1490 1120 1533 sed
1154 1489 1297 1533 solum
1331 1491 1550 1548 graviora,
1585 1506 1608 1534 a

186 1560 339 1618 quibus
375 1561 575 1618 possibile
607 1573 669 1604 est
704 1562 910 1604 maiorem
946 1573 1109 1619 partem
1144 1561 1431 1605 multitudinis
1476 1561 1606 1605 absti-

184 1647 302 1685 nere,
339 1645 377 1676 et
411 1634 637 1690 praecipue
671 1648 777 1689 quae
826 1645 923 1674 sunt
973 1634 1013 1675 in
1063 1645 1373 1676 nocumentum
1408 1633 1607 1691 aliorum,

183 1705 274 1746 sine
309 1719 494 1761 quorum
521 1703 809 1761 prohibitione
834 1705 1011 1747 societas
1037 1704 1220 1748 humana
1252 1707 1493 1749 conservari
1519 1721 1607 1749 non

183 1787 349 1832 posset,
383 1774 492 1817 sicut
524 1773 806 1831 prohibentur
841 1775 931 1831 lege
973 1775 1157 1818 humana
1206 1775 1465 1829 homicidia,
1499 1775 1607 1820 furta

187 1859 228 1890 et
263 1846 572 1889 huiusmodi.»
614 1846 705 1889 Alia
753 1847 960 1904 quaedam
1011 1848 1187 1890 crimina
1234 1849 1539 1905 permittuntur
1587 1864 1608 1891 a

185 1918 278 1976 lege
322 1918 505 1961 humana
549 1918 657 1976 (non
703 1918 987 1975 permissione
1032 1920 1163 1971 iuris,
1209 1918 1280 1962 sed
1325 1919 1607 1976 permissione

176 1989 319 2047 facti),
356 1991 378 2031 i.
414 2006 447 2032 e.
486 2004 571 2032 non
606 1989 778 2047 quidem
815 1990 1101 2047 approbantur
1135 2003 1173 2033 et
1222 1990 1610 2047 commendantur,

187 2058 260 2102 sed
294 2059 544 2117 tolerantur,
577 2075 663 2103 non
699 2062 956 2117 puniuntur,
990 2076 1076 2103 non
1111 2061 1418 2119 impediuntur,
1458 2061 1606 2106 saltem

184 2132 234 2175 ad
268 2144 437 2189 tempus
471 2145 510 2174 et
544 2131 620 2174 sub
655 2133 775 2175 certis
811 2132 1094 2183 cautionibus,
1122 2133 1248 2190 idque
1273 2132 1335 2176 vel
1360 2133 1413 2176 ob
1438 2135 1607 2191 impos-

187 2202 427 2246 sibilitatem
464 2203 638 2246 remedii
675 2204 740 2247 vel
774 2205 823 2247 ad
860 2206 996 2248 maius
1032 2204 1191 2247 malum
1226 2203 1467 2248 vitandum.

306 2274 442 2317 Porro
477 2272 845 2331 quemadmodum
880 2275 945 2319 lex
994 2274 1191 2330 humana,
1226 2276 1284 2317 sic
1334 2275 1460 2317 etiam
1511 2290 1608 2318 con-

183 2346 363 2401 suetudo,
390 2347 421 2388 si
447 2348 497 2389 sit
531 2357 669 2390 contrat
697 2348 816 2403 legem,
851 2357 1041 2400 naturae,
1082 2347 1200 2388 omni
1235 2359 1343 2389 caret
1377 2345 1542 2403 effectu,
1565 2362 1610 2390 ac

283 2532 335 2574 tt)
368 2532 403 2564 In
432 2531 452 2564 1.
484 2531 524 2565 de
554 2531 614 2565 lib.
647 2532 718 2565 arb.
748 2543 776 2565 c.
810 2541 837 2573 3.

284 2591 338 2634 (2)
372 2590 408 2623 Ι11
443 2601 468 2624 1.
500 2602 531 2626 2.
559 2603 589 2636 q.
618 2591 673 2635 96.
705 2603 733 2624 a.
764 2602 793 2625 2.
