1734 2784
770 134 828 142 .-
862 123 946 165 294
980 135 1036 141 .-

196 216 301 247 tates
336 216 375 247 et
408 203 603 247 malitiae:
651 203 791 257 altera,
841 219 914 261 per
948 219 1077 262 quam
1121 204 1393 248 antecedenter
1435 206 1620 262 exigunt
1659 224 1667 229 ·
1703 199 1728 255 ’ἓξ

200 275 397 331 praecipi,
431 274 610 327 suaderi,
657 273 723 316 vel
756 274 986 331 prohiberi:
1035 274 1176 331 altera,
1211 291 1284 332 per
1316 291 1443 332 quam
1477 291 1614 320 conse-

199 354 362 403 quenter
415 344 464 388 ad
513 358 802 403 praeceptum,
851 346 1113 400 suasionem,
1165 346 1230 389 vel
1278 345 1616 403 prohibitionem

200 429 298 458 sunt
348 415 589 460 conformes
636 416 717 476 legi
768 417 1060 474 praecipienti,
1115 417 1323 471 suadenti,
1357 417 1423 460 vel
1466 417 1627 475 prohi-

201 486 328 530 benti.
366 505 388 526 »
425 488 547 530 Prior
580 489 719 546 itaque
767 487 932 531 bonitas
977 490 1040 532 vel
1086 488 1243 532 malitia
1285 502 1348 532 est
1393 490 1620 533 intrinseca

203 560 497 602 convenientia
524 559 587 602 vel
612 559 976 602 disconvenientia
999 576 1096 602 cum
1123 560 1273 603 ordine
1295 560 1474 604 naturali
1501 576 1619 604 com-

203 629 312 687 plete
346 643 547 687 spectato:
582 631 791 687 posterior
824 630 988 673 bonitas
1042 631 1107 674 vel
1141 631 1298 674 malitia
1337 645 1398 674 est
1441 631 1627 675 consor--

204 702 326 743 mitas
359 701 424 744 vel
473 701 723 744 difformitas
772 702 897 745 relate
941 702 992 746 ad
1036 702 1173 760 legem
1219 716 1433 746 aeternam
1468 716 1508 747 et
1541 718 1628 746 lla--

204 773 398 816 turalem.

323 844 377 885 11.
413 843 660 888 Scholastici
695 846 735 887 in
771 847 911 903 priore
935 859 1148 903 reponunt
1187 845 1420 889 bonitatem
1454 858 1494 889 et
1528 861 1624 888 ma-
1672 833 1674 836 ,

204 913 337 956 litiam
361 915 720 972 fundamentalem
751 916 837 975 (Ι),
872 917 910 960 11.
941 934 978 960 e.
1012 917 1334 960 fondamentum
1359 916 1556 960 bonitatis
1580 929 1628 972 et

207 985 402 1029 malitiae:
437 987 479 1028 in
514 988 752 1043 posteriore
775 1001 916 1031 autem
942 988 1151 1032 collocant
1175 988 1406 1031 bonitatem
1441 988 1506 1031 vel
1535 1003 1631 1031 ma-

204 1056 338 1099 litiam
362 1057 596 1115 fornmlem.
621 1058 830 1101 Audiatur
865 1075 1010 1102 rursus
1046 1060 1159 1102 idem
1193 1061 1360 1102 Auctor
1382 1059 1465 1118 (2):
1493 1077 1515 1100 ‹<
1539 1060 1630 1102 Po-

304 1281 359 1324 (1)
390 1280 512 1322 «Fert,
540 1281 653 1325 inquit
680 1281 822 1322 Finetti,
852 1281 895 1314 de
923 1281 1035 1325 princ.
1064 1290 1135 1315 nat.
1163 1290 1196 1314 et
1225 1290 1320 1326 gent.
1350 1281 1370 1314 1,
1400 1281 1463 1315 XI.
1495 1292 1524 1314 c.
1556 1291 1632 1321 11.‚v

209 1338 417 1373 huiusmodi
452 1338 788 1383 (scholasticorum)
825 1340 1012 1381 sententia,
1048 1340 1168 1374 liberis
1195 1339 1386 1374 hominum
1425 1340 1634 1374 actionibus>

208 1398 363 1432 seorsim
390 1410 407 1431 a
435 1399 514 1444 iege
541 1398 607 1431 Dei
635 1399 818 1444 conceptis
846 1407 1055 1444 competere
1090 1400 1347 1439 moralitatem,
1379 1400 1450 1434 hoc
1477 1408 1530 1434 est
1555 1400 1626 1434 bo·-

211 1458 360 1492 nitatem
402 1458 458 1491 vel
500 1457 676 1491 malitiam
719 1458 886 1504 aliquam,
930 1470 1036 1504 quam
1079 1458 1136 1492 vel
1175 1459 1391 1492 intrinsecam
1431 1457 1631 1504 appellant,

213 1517 308 1563 quod
332 1529 406 1551 non
434 1529 476 1552 ex
503 1526 644 1551 externa
685 1518 800 1563 aliqua
834 1519 924 1563 lege,
961 1518 1020 1552 sed
1052 1530 1094 1552 ex
1124 1519 1196 1563 ipsa
1224 1529 1345 1551 earum
1377 1526 1503 1551 natura
1538 1528 1629 1562 pro-

212 1576 310 1611 fluat:
339 1576 396 1610 vel
417 1576 720 1621 fundamentalem,
761 1589 849 1624 quae
886 1577 957 1623 legi
996 1586 1160 1611 aeternae
1197 1586 1256 1611 aut
1291 1576 1535 1622 praecipienti,
1570 1585 1630 1610 aut

211 1636 347 1669 vetanti
371 1633 643 1669 fundamentum
683 1637 840 1680 praebet:
870 1636 927 1669 vel
966 1636 1187 1676 obiectivam,
1221 1636 1301 1680 quia
1341 1646 1417 1669 non
1454 1635 1630 1679 reperitur

212 1695 482 1741 tantummodo·
509 1694 544 1727 in
583 1695 743 1729 subiecto
782 1695 1036 1740 praecipiente,
1067 1695 1127 1728 sed
1167 1695 1201 1727 in
1241 1694 1382 1728 obiecto
1409 1694 1498 1739 ipso,
1534 1691 1630 1739 quod

214 1755 428 1800 praecipitur
453 1764 511 1789 aut
539 1755 760 1800 prohibetur.
788 1757 989 1800 Eapropter
1014 1754 1126 1800 vulgo
1159 1754 1337 1788 definitur:
1369 1753 1459 1787 ratio
1487 1752 1629 1786 divinae

217 1813 306 1859 legis
332 1826 375 1848 ex
402 1815 475 1859 ipsa
503 1815 645 1856 obiecti,
672 1815 763 1848 circa
791 1815 885 1861 quod
912 1815 1010 1860 leges
1037 1814 1179 1848 divinae
1206 1822 1405 1853 versantur,
1426 1811 1549 1846 indole
1568 1822 1631 1856 pe-

217 1873 290 1906 tita.
318 1872 539 1908 Christianus
554 1874 669 1908 Wolff
681 1874 753 1919 (ius
772 1883 843 1908 nat.
863 1873 972 1908 meth.
992 1875 1122 1909 scient.
1144 1874 1282 1918 comp.)
1303 1884 1384 1906 eam
1405 1871 1630 1918 generaliore

219 1933 255 1965 in
272 1943 375 1966 sensu
395 1933 513 1979 legem
541 1944 686 1968 naturae
712 1944 829 1968 vocat:
859 1934 1004 1967 dixisset
1032 1933 1185 1967 fortasse
1211 1932 1340 1966 melius
1358 1933 1510 1977 regulam
1529 1940 1645 1965 natu--

219 2003 292 2034 rae,
314 2004 403 2038 quae
429 1993 565 2026 scilicet
592 1994 867 2038 superveniente
894 1993 1083 2026 voluntate
1101 1992 1168 2027 Dei
1196 1991 1412 2037 legislatoris
1431 1989 1547 2025 evadit
1573 1990 1631 2024 Iex

220 2052 364 2096 proprie
391 2051 524 2086 dicta.»
1343 2045 1345 2047 ¹

317 2112 374 2156 (2)
400 2112 442 2146 L.
464 2112 518 2145 cit.
539 2111 673 2145 Eadem
691 2111 797 2145 habet
816 2111 1030 2145 Dominicus
1045 2111 1149 2153 Viva,
1165 2121 1286 2144 cursus
1305 2109 1469 2153 theolog.
1483 2119 1563 2154 pars
1591 2107 1632 2142 II.

221 2171 311 2216 disp.
338 2171 417 2205 VH.
445 2183 476 2217 q.
509 2182 537 2206 1.
567 2183 601 2204 n.
628 2170 674 2205 6.:
707 2184 723 2201 «
742 2171 814 2205 Lex
841 2180 984 2204 aeterna
1011 2171 1182 2215 supponit
1210 2170 1244 2202 in
1283 2168 1368 2202 odio
1396 2168 1463 2202 Dei
1496 2167 1632 2212 exigen-

223 2231 306 2264 tiam
333 2235 369 2263 zct
401 2230 631 2276 prohibeatur,
671 2241 777 2275 quam
817 2231 936 2264 solent
975 2229 1155 2274 appellare
1190 2226 1508 2275 prohibenditatem.
1535 2227 1635 2260 Haec

222 2298 343 2324 autem
370 2301 444 2324 non
471 2298 521 2324 est
549 2289 683 2323 malitia
710 2289 855 2323 moralis
882 2289 1045 2335 completa
1073 2298 1106 2322 et
1125 2287 1303 2333 soi-malis:
1324 2288 1406 2333 quia
1432 2295 1532 2320 actus
1558 2282 1641 2319 non¹
1690 2283 1719 2317 ἒ

222 2348 434 2394 intelligitur
452 2347 650 2392 formaliter
688 2348 911 2390 inhonestus,
954 2358 988 2382 et
1016 2348 1165 2381 devians
1208 2347 1250 2380 ab
1290 2346 1416 2380 ordine
1444 2344 1489 2378 ad
1525 2340 1659 2378 finem?

223 2408 402 2449 ultimum,
429 2408 495 2441 nisi
522 2419 584 2453 per
609 2407 689 2449 huc,
706 2408 800 2453 quod
826 2409 870 2441 sit
887 2407 1084 2441 contrarius
1104 2406 1174 2452 legi
1201 2404 1415 2451 prohibenti,
1433 2403 1531 2437 iuxta
1549 2401 1635 2436 illud
1687 2403 1700 2408 ⁴‘

225 2468 404 2512 Apostoli.
434 2468 477 2501 ad
496 2468 601 2501 Rom.
617 2467 755 2511 VIl.7-:
784 2472 986 2512 «peccatum
1025 2476 1090 2499 non
1131 2465 1273 2510 cognovi
1298 2463 1365 2498 nisi
1396 2468 1459 2508 per
1483 2461 1634 2506 legatum»
1672 2477 1695 2515 .'

224 2527 316 2560 Item
345 2528 427 2561 Ant.
454 2528 565 2571 Mayr,
593 2525 719 2560 Theol.
748 2525 859 2560 schol.
887 2534 988 2560 tract.
1017 2525 1079 2559 IV.
1111 2523 1200 2569 disp.
1228 2523 1253 2557 I.
1275 2535 1306 2568 q.
1337 2531 1368 2564 3.
1390 2532 1421 2555 a.
1443 2531 1486 2555 2.:
1517 2519 1648 2555 «Cu1--
1675 2515 1697 2554 ,’

226 2594 283 2620 tus
309 2586 376 2621 Dei
403 2597 477 2620 non
504 2593 554 2620 est
583 2585 617 2619 in
643 2594 776 2630 genere
803 2587 916 2619 moris
937 2583 1134 2628 formaliter
1170 2582 1345 2617 honestus
1382 2576 1687 2626 antecedenter'fs
