1734 2784
787 69 1048 125 *335—

338 165 377 221 a.)
411 165 451 206 Si
487 163 598 206 nulla
632 176 742 207 esset
775 163 840 206 lex
875 163 1071 220 humana,
1106 179 1211 222 quae
1245 165 1501 222 praeciperet
1536 163 1623 208 cul-

213 250 302 278 tum
337 249 436 289 erga
472 234 626 289 Deum,
677 234 873 290 pietatem
923 249 1021 290 erga
1063 247 1256 291 parentes
1305 247 1400 286 etc.,
1446 235 1478 276 si
1513 234 1626 277 nulla

210 321 318 351 esset
352 307 416 349 lex
450 306 648 357 humana,
684 321 790 363 quae
824 305 1067 363 prohiberet
1114 306 1437 365 blasphemiam,
1486 307 1623 364 periu-

211 381 319 421 rium
352 389 449 430 etc.,
485 389 584 419 tunc
614 377 653 419 in
689 376 780 433 hac,
813 391 939 434 quam
974 376 1224 431 refellimus,
1258 378 1467 421 sententia
1511 378 1624 435 prio-

210 466 273 494 res
307 450 397 492 illae
430 449 615 491 actiones
649 464 735 491 non
770 463 909 492 essent
953 448 1164 493 habendae
1212 460 1431 507 tamquam
1476 448 1624 503 bonae,

210 522 469 579 posteriores
503 519 604 562 aliae
638 521 826 563 actiones
860 535 943 563 non
980 533 1118 564 essent
1152 519 1365 564 habendae
1405 533 1621 579 tamquam

210 594 352 637 malae:
388 594 495 635 actio
530 592 643 634 enim
678 607 763 634 non
799 605 858 635 est
893 592 1000 635 bona
1036 609 1110 636 nec
1146 593 1253 636 mala
1294 594 1374 636 nisi
1410 610 1481 652 per
1515 593 1624 638 rela-

195 660 367 709 'tionem
404 663 716 707 conformitatis
742 681 836 706 cuni
863 664 953 719 lege
983 664 1045 708 vei
1069 664 1355 709 difformitatis
1389 665 1436 708 ab
1462 665 1623 710 eadem.

208 738 336 794 Atqui
372 737 546 779 assertio
582 735 814 778 illiusmodi
850 749 911 778 est
946 749 1083 794 aperte
1135 736 1345 779 contraria
1393 728 1536 780 rectae
1563 752 1625 780 ra-

208 810 312 852 tioni
346 809 511 866 ipsique
545 809 687 851 sensui
733 809 968 851 communi.
1004 808 1165 852 Pudeat
1198 824 1296 852 sane
1332 808 1622 853 Christianum

208 880 515 938 philosophum
551 881 784 923 sententiae
819 879 1063 933 adhaerere,
1100 895 1226 938 quam
1260 879 1325 924 vel
1358 880 1436 939 ipsi
1468 880 1624 924 ethnici

205 965 346 1010 aperte
380 950 669 1010 reprobarunt.
723 970 745 992 ‹<
780 952 889 1005 Hoc,
934 953 989 995 ita
1022 951 1194 995 Tullius
1227 952 1312 1012 (1),
1358 968 1624 1011 quamquam

207 1024 331 1067 video
367 1036 540 1082 propter
576 1023 924 1081 depravationem
960 1022 1280 1068 consuetudinis
1325 1039 1464 1082 neque
1504 1039 1625 1069 more

204 1110 327 1154 turpe
362 1096 516 1153 haberi,
551 1112 689 1153 neque
723 1110 793 1140 aut
826 1097 919 1154 lege
953 1097 1103 1141 sanciri
1129 1108 1197 1140 aut
1221 1096 1311 1140 iure
1335 1095 1462 1151 civili,
1482 1109 1624 1141 tamen

206 1180 374 1213 uallum
409 1170 484 1227 lege
521 1170 731 1212 sancitum
766 1183 840 1213 est.
877 1187 894 1209 »

326 1242 369 1298 (a)
405 1243 447 1285 Si
483 1241 571 1284 sola
605 1241 726 1284 datur
760 1241 824 1283 lex
858 1240 1056 1298 humana,
1106 1254 1204 1284 tunc
1252 1257 1351 1284 sane
1395 1240 1621 1285 dicendum

209 1328 285 1371 est,
319 1315 531 1358 actionem
568 1313 648 1356 hoc
683 1315 775 1371 ipso
811 1326 992 1367 tantum,
1028 1313 1143 1371 quod
1192 1312 1239 1356 ab
1278 1329 1324 1356 ea
1356 1314 1625 1372 praecipitur,

204 1403 293 1429 6556
329 1386 498 1441 bonam,
532 1386 718 1442 itemque
752 1385 963 1428 actionem
998 1400 1049 1428 eo
1083 1385 1176 1443 ipso
1210 1397 1388 1437 tantum,
1424 1384 1542 1442 quod
1575 1384 1623 1428 ab

203 1475 248 1501 ea
283 1456 546 1515 prohibetur,
580 1472 670 1500 6556
706 1457 873 1500 malam.
908 1457 1038 1515 Atqui
1074 1471 1219 1500 rursus
1254 1455 1336 1500 hoc
1361 1469 1423 1500 est
1457 1468 1622 1500 contra-

204 1533 312 1574 rium
350 1543 484 1574 rectae
519 1529 672 1572 rationi
697 1541 736 1572 et
760 1530 903 1573 sensui
930 1529 1165 1572 communi.
1198 1529 1278 1572 Fac
1303 1528 1442 1585 legem
1476 1528 1625 1571 huma-

202 1619 299 1646 nam
335 1603 576 1660 praecipere
608 1599 673 1643 vel
708 1601 955 1658 permittere
1005 1599 1261 1659 parentibus,
1300 1612 1343 1642 ut
1378 1598 1488 1642 filios
1522 1615 1623 1643 suos

203 1675 326 1717 certis
361 1675 402 1716 in
437 1672 600 1716 casibus
635 1671 898 1716 interficiant:
938 1673 1033 1730 quis
1069 1671 1224 1716 dixerit
1247 1670 1373 1714 talem
1398 1671 1624 1728 actionem,

202 1761 252 1789 eo
272 1745 388 1804 quod
406 1758 626 1803 praecepta
645 1756 707 1787 est
725 1761 745 1787 a
765 1744 856 1801 lege
877 1744 1061 1787 humana
1080 1744 1145 1788 vel
1163 1742 1211 1787 ab
1233 1742 1380 1787 eadem
1400 1743 1624 1800 permissa,

200 1833 291 1860 6556
316 1817 471 1860 bonam
496 1832 540 1859 ac
573 1816 760 1859 licitam?
795 1816 888 1873 quis
913 1815 1041 1859 talem
1067 1816 1298 1868 actionem,
1323 1829 1407 1857 non
1432 1813 1623 1858 obstante

201 1889 292 1947 lege
341 1889 523 1932 humana
574 1889 869 1946 praecipiente,
906 1900 976 1930 aut
1010 1887 1160 1931 saltem
1206 1887 1498 1945 permittente,
1536 1902 1623 1929 non

201 1961 408 2005 damnarit
432 1973 476 2003 ut
511 1961 689 2003 malam?
722 1961 802 2002 Fac
835 1959 974 2017 legem
1008 1959 1238 2002 humanam
1272 1957 1497 2016 prohibere
1535 1956 1620 2000 cul-

200 2047 292 2076 tum
316 2035 400 2076 veri
438 2034 517 2076 Dei
542 2033 753 2089 privatum
779 2044 849 2074 aut
872 2031 1103 2089 publicum:
1129 2031 1221 2089 quis
1255 2030 1383 2074 talem
1409 2030 1620 2073 actionem

201 2104 483 2158 affirmaverit,
519 2117 664 2161 utpote
700 2101 958 2161 prohibitam
991 2119 1013 2147 a
1045 2102 1139 2160 lege
1173 2101 1374 2159 humana,
1408 2117 1498 2145 esse
1527 2116 1620 2145 ma-

199 2176 317 2219 lam?
351 2177 444 2234 quis
494 2190 586 2219 eam
636 2175 866 2229 actionem,
917 2189 1005 2217 non
1053 2173 1249 2217 obstante
1293 2172 1387 2231 lege
1435 2171 1621 2215 humana

199 2247 467 2306 prohibente,
484 2263 571 2290 non
596 2246 836 2305 probaverit
860 2258 904 2289 ut
930 2245 1087 2290 bonam
1107 2247 1123 2289 ?
1142 2245 1208 2289 Ad
1232 2260 1323 2288 rem
1343 2241 1515 2287 Tullius
1534 2242 1621 2302 (2):

205 2318 377 2372 «Quod
401 2320 434 2361 si
460 2318 718 2376 populorum
746 2318 887 2376 iussis,
913 2319 946 2360 si
969 2318 1213 2375 principum
1239 2316 1434 2369 decretis,
1471 2315 1504 2357 si
1529 2329 1622 2358 sen-

298 2504 355 2547 (1)
385 2503 438 2537 De
469 2503 531 2538 off.
565 2503 584 2538 l.
613 2503 673 2538 III.
704 2514 729 2538 c⁴
766 2514 815 2548 17.

294 2564 346 2606 (2)
375 2563 429 2596 De
459 2562 525 2609 ieg,
555 2563 576 2597 1.
606 2563 630 2597 1.
657 2574 731 2610 cap,
765 2563 814 2598 16.
