1734 2784
663 139 898 178 -51-

66 229 266 274 hominis.
294 228 340 287 β)
372 230 536 287 Honor,
563 230 711 287 gloria,
735 231 860 288 fama
893 231 995 290 (hac
1029 233 1144 275 enim
1178 234 1221 275 in
1244 236 1498 287 quaestione

64 316 296 359 possumus
319 300 422 347 haec
439 302 517 344 tria
534 301 663 344 simul
687 301 942 360 complecti)
976 318 1061 346 non
1081 305 1239 346 suntin
1264 304 1493 359 honorato,

63 386 284 430 tamquam
317 372 360 422 in
392 372 600 429 subiecto,
633 373 707 416 sed
746 386 846 417 sunt
880 375 923 417 in
957 374 1134 417 homine
1168 375 1421 430 honorante,
1456 391 1497 420 et

64 444 241 501 insuper
273 457 361 486 non
397 442 605 486 habentur
637 460 784 487 secure
819 444 865 488 ab
900 446 1128 503 honorato,
1161 446 1235 490 sed
1271 464 1320 490 ex
1344 448 1493 491 mobili

63 513 253 558 hominis
276 514 525 558 honorantis
549 515 722 559 arbitrio
746 516 987 575 dependent
1009 518 1094 577 (Ι).
1115 521 1245 576 Atqui
1272 519 1493 563 beatitudo

63 586 173 628 inest
205 585 263 628 illi
292 586 386 643 ipsi,
420 588 492 644 qui
541 600 603 630 est
637 587 795 644 beatus,
829 602 868 631 et
909 589 1083 647 quidem
1138 604 1281 634 manet
1314 592 1355 633 in
1404 593 1497 635 eius

64 654 275 710 dominio,
309 657 364 699 ita
397 669 442 699 ut
474 656 522 700 ab
557 659 650 714 ipso
683 675 829 702 secure
863 660 1160 717 possideatur,
1210 676 1299 705 non
1348 675 1493 705 autem

64 741 116 769 ex
139 726 320 770 instabili
343 725 514 770 alterius
549 728 737 772 hominis
761 729 936 773 arbitrio
961 730 1186 789 dependet,
1210 733 1265 775 ita
1295 746 1340 776 ut
1374 732 1494 776 facile

63 811 189 855 queat
221 799 372 842 amitti.
407 800 521 856 Ergo
556 799 711 857 honor,
745 801 896 858 gloria,
933 801 1043 845 fama
1077 818 1164 846 non
1207 816 1306 847 sunt
1356 804 1494 847 beati-

63 869 171 913 tudo
204 869 409 915 hominis.
444 872 664 915 Praeterea
689 872 905 916 beatitudo
942 887 1003 916 est
1037 876 1223 918 maximi
1252 876 1496 920 excellentia

66 943 225 985 interna
259 954 436 986 naturae
469 944 700 987 rationalis.
734 946 866 1002 Atqui
900 945 1070 1002 honor,
1119 948 1309 1005 itemque
1358 948 1496 1005 gloria

63 1013 130 1056 vel
163 1011 288 1069 fama,
323 1028 411 1057 non
446 1027 545 1058 sunt
578 1016 741 1059 interna
776 1016 964 1059 hominis
999 1018 1256 1072 excellentia,
1291 1019 1364 1062 sed
1397 1035 1490 1062 eam

64 1098 438 1143 praesupponunt:
474 1098 574 1128 sunt
607 1086 781 1143 signum
815 1096 1023 1129 extermmz
1056 1104 1130 1130 seu
1165 1101 1334 1131 externa
1369 1105 1494 1132 reco-

63 1157 201 1213 gnitio
234 1156 503 1201 excellentiae
535 1157 659 1213 illius,
694 1173 822 1215 quam
846 1159 948 1201 alter
970 1160 1012 1201 in
1045 1175 1089 1202 se
1123 1159 1246 1202 habet
1268 1160 1353 1218 (2).
1377 1161 1495 1217 Ergo

63 1227 220 1286 honor,
249 1228 400 1286 gloria,
434 1228 546 1273 fama
577 1245 665 1273 non
698 1243 797 1273 sunt
829 1230 1049 1274 beatitudo
1098 1231 1302 1275 hominis.
1333 1232 1377 1290 γ)
1410 1233 1494 1275 Ρο-

15 1336 18 1337 ⁷
62 1307 188 1343 testas
217 1312 282 1343 est
314 1298 494 1357 bonum,
512 1300 631 1359 quod
663 1317 750 1344 non
785 1318 937 1344 omnes
962 1304 1126 1360 assequi
1155 1316 1352 1360 possunt,
1373 1303 1493 1360 quod

63 1371 93 1414 ii
125 1371 198 1430 qui
230 1384 516 1430 assequuntur
544 1386 726 1431 possunt
758 1373 876 1417 facile
911 1386 950 1416 et
974 1390 1098 1432 saepe
1122 1375 1260 1417 solent
1284 1375 1497 1428 amittere,

63 1441 115 1486 ad
147 1443 266 1487 cuius
289 1444 611 1501 possessionem
635 1461 723 1488 non
752 1444 896 1488 solum
927 1445 1027 1489 boni
1057 1446 1130 1489 sed
1154 1445 1339 1503 improbi
1365 1447 1493 1489 etiam

63 1515 331 1573 perveniunt,
353 1532 441 1574 quo
471 1531 703 1574 possumus
733 1515 838 1560 bene
868 1515 932 1559 vel
960 1516 1069 1558 male
1089 1517 1161 1569 uti,
1182 1516 1299 1574 quod
1333 1516 1495 1560 multae

62 1586 324 1629 comitantur
355 1602 480 1631 curae
525 1587 773 1646 multusque
821 1588 951 1631 timor
983 1586 1067 1645 (3).
1094 1588 1227 1645 Atqui
1276 1586 1497 1630 beatitudo

159 1794 216 1840 (1)
245 1796 300 1830 De
327 1796 567 1830 inconstantia
593 1797 773 1830 humanae
789 1796 927 1842 gloriae
943 1796 1108 1841 apposite
1124 1797 1272 1838 Dantes‚
1289 1797 1394 1841 Purg.
1414 1796 1494 1830 XL:

207 1877 291 1913 Non
318 1879 338 1912 ὲ
363 1877 387 1912 il
414 1879 576 1913 mondan
604 1890 749 1913 rumore
777 1879 866 1913 altro
895 1879 960 1913 che
988 1890 1033 1912 un
1062 1879 1145 1913 siato

299 1925 345 1959 Di
371 1935 496 1967 vento,
524 1926 624 1961 ch'or
650 1927 731 1960 vien
760 1927 879 1971 quinci
907 1927 947 1960 ed
977 1938 1016 1960 or
1044 1928 1124 1961 vien
1153 1926 1289 1972 quindi,

300 1974 328 2009 E
353 1981 454 2008 muta
481 1985 603 2016 nome,
634 1974 763 2019 perche
791 1983 887 2007 muta
916 1973 1001 2008 lato.

156 2054 213 2100 (2)
226 2054 294 2094 {Ad
321 2066 396 2090 rem
422 2067 447 2091 s.
476 2055 656 2097 Thomas,
688 2067 715 2089 1.
745 2066 774 2089 2.
803 2068 833 2102 q.
863 2065 891 2090 2.
913 2067 942 2089 a.
973 2066 1015 2089 2.:
1049 2069 1066 2087 «
1086 2057 1215 2090 Honor
1244 2055 1391 2090 debetur
1412 2058 1495 2091 Deo

63 2122 99 2148 et
137 2113 463 2156 excellentissimis,
492 2115 526 2148 in
569 2115 716 2161 signum
745 2115 800 2148 vel
842 2115 1090 2149 testimonium
1122 2114 1356 2150 excellentiae
1389 2127 1492 2161 prae-

63 2173 261 2217 existentis‚
280 2185 354 2209 non
382 2174 507 2220 quod
500 2185 573 2220 ipse
593 2174 713 2208 honor
744 2173 851 2208 faciit
872 2185 932 2208 eos
951 2174 1218 2209 excellentes.»
1251 2174 1302 2210 Cl
1334 2186 1405 2220 p2g1
1411 2205 1415 2209 ,
1439 2173 1491 2208 26

158 2232 214 2277 (3)
240 2231 289 2267 Ut
316 2233 500 2279 Augustus
540 2242 690 2268 testatur
715 2232 812 2279 apud
852 2234 1010 2267 Dionem
1051 2233 1229 2276 Cissium‚
1261 2233 1344 2267 hist.
1386 2233 1492 2267 Rom.

63 2289 87 2325 l.
114 2290 201 2332 LV„
226 2302 330 2338 reges
356 2292 491 2327 habent
519 2292 707 2337 φροντίὰκ-
734 2291 792 2324 κ7.“1.
821 2305 860 2337 2⁴⁴⁹
849 2292 947 2336 15⁰0)ss
975 2289 1019 2323 L-
1024 2292 1058 2323 ἑο
1089 2291 1175 2324 τὶν.
1182 2304 1217 2329 7.;
1248 2305 1264 2310 -
1271 2289 1324 2329 rs),-
1360 2291 1459 2324 ir‘mff

64 2362 198 2391 υοντκς,
225 2351 487 2386 sollicitudines
513 2363 552 2386 ac
572 2351 721 2386 timores
751 2362 857 2397 supri
879 2353 974 2385 vitos
1003 2353 1081 2397 prix
1086 2360 1164 2385 atos
1185 2362 1324 2384 omnes
1347 2317 1492 2384 Boetius

63 2417 198 2452 autem,
225 2411 269 2446 de
296 2421 396 2446 cons.
425 2411 447 2447 l.
479 2411 550 2453 III.,
577 2410 664 2445 haec
691 2411 813 2445 habet:
846 2424 863 2442 «
880 2412 985 2452 Quae
1013 2420 1064 2444 est
1092 2410 1178 2444 haec
1208 2419 1380 2455 potestas,
1403 2419 1491 2454 quae

62 2467 344 2504 sollicitudinum
372 2481 513 2504 morsus
540 2469 728 2516 expellere,
751 2469 988 2504 formidinum
1008 2470 1153 2503 aculeos
1173 2470 1283 2503 vitare
1310 2468 1493 2513 nequitP...

63 2527 256 2563 Potentem
282 2540 420 2574 censes,
449 2530 507 2576 qui
536 2529 689 2564 satellite
719 2530 810 2564 latus
839 2531 961 2570 ambit,
986 2530 1042 2575 qui
1066 2540 1154 2575 quos
1173 2537 1295 2571 terret,
1319 2528 1392 2574 ipse
1413 2525 1496 2572 plus

63 2585 248 2622 metuitP»
