1734 2784
830 96 1065 138 ...92—

224 181 414 223 iteratam
449 179 610 221 animae
644 177 694 221 ad
729 193 883 236 corpus
926 178 1298 230 coniunctionem,
1333 188 1379 219 ut
1429 176 1562 220 homo
1605 178 1648 221 in

227 266 404 308 corpore
439 264 477 293 et
512 250 650 292 anima
684 251 910 308 praemiari
945 262 983 292 et
1019 250 1160 307 puniri
1195 249 1384 305 possit.»
1414 247 1500 306 (Ι).

346 321 504 365 Tribus
545 321 658 364 hisce
705 320 940 364 rationibus
992 319 1144 363 addam
1191 331 1518 377 argumentum,
1568 335 1654 378 quo

229 394 371 452 plures
406 393 604 436 doctores
639 405 836 445 utuntur,
873 391 1107 435 deductum
1156 407 1205 434 ex
1238 390 1418 448 quadam
1462 406 1650 434 resurre-

229 466 380 508 ctionis
430 466 631 521 imagine,
669 480 775 521 quae
826 465 867 506 in
916 476 1072 506 natura
1122 462 1198 505 hac
1242 463 1437 506 universa
1484 461 1652 506 relucet.

231 539 344 581 Inter
378 536 482 579 alios
517 552 547 578 s.
584 535 820 592 Gregorius
859 536 918 578 M.
955 534 1056 577 haec
1089 533 1211 577 habet
1244 533 1341 592 ('2):
1374 534 1510 578 «Lux
1542 549 1654 592 quo-

232 608 334 652 tidie
368 608 485 665 quasi
522 605 748 649 moriendo
783 605 922 649 oculis
958 604 1218 648 subtrahitur
1266 617 1306 647 et
1348 620 1493 648 rursus
1537 607 1655 662 quasi

231 679 494 736 resurgendo
528 690 774 721 revocatur:
810 690 848 720 et
886 678 1050 721 semina
1085 676 1367 734 putrescendo
1408 677 1654 720 moriuntur

233 766 272 795 et
306 767 475 794 rursum
510 749 789 807 germinando
824 760 1112 805 resurgunt».
1150 746 1284 801 Quod
1330 747 1442 791 idem
1487 747 1654 792 videtur

232 824 322 881 ipse
357 823 517 866 Seneca
568 820 638 879 (3)
687 820 1066 864 animadvertisse:
1095 821 1291 877 «Aequo
1341 819 1485 862 animo
1534 818 1656 863 debet

232 894 446 938 rediturus
482 894 608 936 exire.
647 891 843 936 Observa
875 891 1025 936 orbem
1050 906 1195 934 rerum
1218 891 1261 933 in
1285 906 1328 933 se
1354 891 1651 934 remeantium:

231 965 392 1009 videbis
425 965 531 1008 nihil
564 966 605 1007 in
629 964 712 1007 hoc
737 963 901 1008 mundo
936 964 1146 1020 extingui,
1173 962 1246 1006 sed
1282 961 1442 1005 vicibus
1469 950 1648 1006 descen-

236 1039 333 1082 dere
367 1053 413 1080 ac
446 1052 631 1094 surgere.
668 1038 817 1079 Aestas
852 1035 948 1093 abit,
973 1036 1046 1079 sed
1081 1035 1181 1078 alter
1214 1034 1328 1077 illam
1353 1050 1489 1079 annus
1515 1034 1652 1079 addu-

235 1111 317 1164 cit3
352 1108 489 1152 hiems
525 1107 687 1165 cecidit,
722 1107 904 1151 referent
938 1107 1051 1150 illam
1085 1108 1150 1150 sui
1175 1123 1374 1162 menses;
1400 1106 1534 1150 solem
1570 1122 1656 1150 nox

235 1183 392 1234 obruit,
428 1180 501 1224 sed
534 1182 668 1238 ipsam
703 1181 845 1223 statim
879 1179 967 1223 dies
1003 1179 1153 1236 abiget.
1188 1178 1415 1223 Stellarum
1463 1180 1541 1222 iste
1575 1178 1653 1222 de-

235 1269 397 1307 cursus,
432 1252 638 1310 quidquid
673 1253 900 1310 praeteriit,
934 1253 1107 1310 repetit:
1143 1267 1236 1309 pars
1272 1251 1377 1295 coeli
1409 1251 1570 1295 levatur
1592 1265 1654 1294 as⁴

237 1325 375 1377 sidue,
413 1339 506 1382 pars
541 1324 800 1380 mergitur.»

328 1523 382 1567 (1)
410 1522 572 1557 Tertiam
600 1524 689 1557 lianc
717 1523 899 1557 rationem
928 1534 971 1556 en
999 1521 1186 1567 quomodo
1228 1522 1402 1567 proponit
1442 1533 1468 1555 s.
1495 1521 1655 1555 Ambro-

236 1584 320 1624 sius,
351 1582 393 1616 de
421 1582 490 1617 fide
516 1584 686 1618 Resurr.:
718 1596 735 1614 «
763 1584 869 1617 Ratio
898 1581 1042 1628 quidem
1070 1581 1214 1615 evidens
1242 1589 1304 1623 est,
1333 1581 1412 1626 quia
1442 1591 1552 1626 quum
1579 1591 1656 1614 om-

234 1643 286 1677 nis
313 1644 405 1677 vitae
433 1652 575 1676 nostrae
603 1654 686 1676 usus
716 1643 750 1676 in
779 1641 940 1686 corporis
971 1641 1183 1686 animaeque
1222 1641 1406 1674 consortio
1447 1639 1506 1681 sit,
1535 1650 1655 1674 resur-

237 1702 348 1736 rectio
377 1712 495 1736 autem
525 1711 584 1735 aut
610 1702 696 1735 boni
725 1711 822 1736 actus
850 1701 1051 1746 praemium
1078 1700 1207 1734 habeat
1235 1708 1293 1733 aut
1312 1710 1470 1744 poenam
1490 1699 1656 1744 improbi,

237 1772 383 1796 necesse
427 1763 471 1795 sit
506 1772 635 1806 corpus
677 1772 872 1807 resurgere,
912 1762 1014 1794 cuius
1054 1768 1154 1794 actus
1197 1759 1416 1804 expenditur.
1457 1757 1655 1800 Quomodo

238 1822 395 1856 enimin
424 1821 591 1854 iudicium
633 1821 824 1855 vocabitur
867 1820 986 1854 anima
1026 1820 1101 1853 sine
1141 1830 1302 1865 corpore,
1339 1830 1419 1853 cum
1461 1819 1502 1852 de
1530 1829 1594 1852 suo
1622 1826 1655 1852 et

238 1881 400 1926 corporis
426 1881 662 1915 contubernio
690 1881 780 1915 ratio
808 1879 1020 1925 praestanda
1049 1880 1122 1913 sit?
1152 1894 1167 1909 >›

333 1940 389 1983 (2)
417 1940 455 1974 L.
487 1940 679 1982 14.Moral.
715 1952 743 1973 c.
766 1939 878 1973 28.1n
908 1949 1093 1984 postremo
1120 1938 1286 1984 exemplo
1316 1938 1422 1972 ducto
1452 1949 1492 1972 ex
1520 1938 1658 1972 semine

236 2010 260 2032 5.
291 1998 485 2043 Gregorius
516 1998 639 2033 alludit
669 1999 711 2032 ad
738 2008 824 2033 nota
851 1998 1019 2043 Apostoli
1048 1999 1167 2039 verba,
1202 2008 1227 2031 1.
1258 1997 1340 2031 Cor.
1362 1997 1438 2031 XV.
1463 2005 1536 2039 35.:
1561 2009 1577 2028 «
1595 1997 1659 2030 Di-

238 2067 294 2091 cet
320 2057 467 2103 aliquis:
500 2057 686 2102 quomodo
716 2066 905 2103 resurgunt
934 2057 1096 2091 mortui?
1123 2056 1262 2103 qualive
1298 2066 1449 2101 corpore
1485 2055 1657 2090 venient?

238 2117 427 2162 Insipiens,
457 2127 493 2151 tu
522 2117 617 2163 quod
646 2118 802 2151 seminas
830 2129 903 2151 non
930 2116 1127 2150 vivificatur
1167 2116 1233 2149 nisi
1273 2115 1367 2160 prius
1402 2115 1585 2149 moriatur.
1615 2115 1658 2149 Et

238 2177 333 2220 quod
362 2178 529 2217 seminas,
558 2188 630 2210 non
660 2188 800 2222 corpus.
830 2176 925 2222 quod
955 2175 1113 2209 futurum
1143 2184 1204 2216 est,
1231 2175 1399 2215 seminas,
1429 2174 1488 2208 sed
1521 2173 1656 2208 nudum

238 2248 400 2282 granum,
428 2246 464 2270 ut
492 2245 575 2281 puta
603 2236 708 2270 tritici
737 2245 796 2270 aut
824 2237 973 2270 alicuius
1000 2244 1216 2269 ceterorum.
1246 2235 1347 2268 Deus
1375 2242 1494 2268 autem
1523 2232 1580 2268 dat
1606 2232 1657 2267 illi

239 2307 367 2340 corpus
407 2296 494 2329 sicut
523 2295 620 2328 vult:
661 2304 693 2328 et
722 2295 913 2340 unicuique
952 2294 1131 2328 seminum
1170 2293 1356 2338 proprium
1396 2303 1571 2337 corpus.»
1603 2290 1657 2326 Cf.

240 2355 363 2397 s.T11.‚
382 2364 577 2389 comment.
600 2355 634 2388 in
659 2365 685 2388 1.
708 2355 790 2389 Cor.
812 2366 840 2387 c.
863 2354 939 2387 XV.
961 2354 1041 2388 lect.
1073 2364 1113 2396 5.,
1133 2354 1168 2387 in
1197 2364 1263 2398 qua
1290 2352 1419 2386 horum
1441 2363 1465 2385 s.
1487 2350 1658 2398 Apostoli

239 2416 433 2449 verborum
459 2426 610 2460 scopum
637 2424 669 2449 et
698 2425 841 2448 sensum
871 2414 1028 2459 exponit.

339 2475 394 2517 (3)
424 2475 533 2519 Epist.
560 2474 728 2510 XXXVI.
759 2485 859 2509 num.
895 2484 943 2507 11.
973 2473 1052 2507 edit.
1081 2473 1230 2507 Taurin.

1725 275 1734 363 i
