1734 2784
678 91 734 101 -
770 80 850 123 399
886 92 945 98 -·

100 161 316 224 moraliter
363 161 632 206 considerati.
665 163 773 206 Item
824 177 909 206 non
958 172 1098 220 potest
1143 160 1302 203 censeri
1354 171 1515 217 praeter

100 235 321 278 scientiam
355 234 421 278 vel
456 234 739 278 intentionem
789 235 1102 292 praecipientis,
1137 248 1237 275 cum
1270 233 1323 274 sit
1373 247 1446 289 per
1480 248 1524 274 se

101 307 380 350 coniunctum
429 306 554 350 actui:
589 321 693 364 ergo
727 322 778 350 eo
833 308 926 364 ipso
977 304 1092 363 quod
1127 304 1383 362 praecipitur
1432 302 1524 346 talis

100 389 236 432 actu5,
272 389 468 424 censetur
501 378 685 436 praecipi
710 393 796 421 non
820 377 1013 421 obstante
1047 376 1117 420 tali
1152 375 1359 434 pericu10‚
1385 387 1423 418 et
1447 390 1522 432 po-

102 462 228 493 testas
255 455 349 493 'non
383 448 515 502 deest,
551 461 595 492 ut
629 461 853 492 ostensum
887 461 964 492 est:
1000 464 1104 505 ergo
1138 448 1324 490 nascitur
1359 445 1526 503 obliga-

102 521 176 564 tio.
211 547 268 555 —
294 521 337 580 γ)
374 520 416 565 Si
448 523 586 565 mortis
614 522 840 579 pericalmn
890 537 967 564 mm
1000 530 1055 563 ι’ςῑ
1083 529 1153 577 per
1188 535 1223 562 sc
1272 520 1526 562 coniunctum

102 585 213 636 actui
253 601 473 651 praecepto,
507 593 574 635 sed
620 594 887 656 contingentes
935 591 1188 648 adiungitur,
1234 590 1296 633 Iex
1346 591 1527 632 hnmana,

99 672 172 727 per
203 679 241 707 5&
275 679 353 707 non
387 663 534 721 obligat
566 663 621 706 ad
642 665 703 707 sni
736 663 1048 706 observalioncm
1082 679 1172 706 cnm
1206 670 1319 704 [clitro
1350 662 1528 719 persenit)

104 737 226 791 vitae,
278 737 355 779 imo
406 751 472 779 nec
519 736 688 779 alterius
731 736 969 793 gravissimi
1025 735 1262 789 nomunculi,
1315 733 1432 789 ιμιιιῖε
1476 741 1529 775 est

98 809 238 864 gravis
272 807 449 865 infamia
496 817 568 851 aut
613 822 758 864 magna
807 808 963 850 iactura
997 806 1207 858 bonormn,
1243 821 1290 847 ex
1338 804 1531 848 accidenti

103 894 197 923 vero
231 894 299 923 seza
333 882 373 923 in
421 879 557 938 aliquo
591 894 685 923 casti
733 878 905 936 obligare
934 887 1071 936 potest.
1106 878 1229 921 Prior
1277 893 1370 935 pars
1421 891 1527 934 pro-

101 950 223 995 batur
265 951 396 1009 primo
445 950 711 1003 inductione,
758 951 855 1008 quia
901 951 968 993 lex
1016 949 1169 1002 divina,
1204 964 1310 1006 quae
1359 948 1530 1005 gravior

105 1035 182 1078 est,
217 1038 305 1067 non
341 1022 449 1067 solet
484 1022 670 1081 obligare
705 1023 746 1066 in
781 1021 908 1066 simili
944 1034 1112 1065 eventu:
1138 1019 1383 1079 exemplum
1412 1035 1530 1063 com-

108 1111 238 1140 mune
273 1109 335 1140 est
371 1095 422 1140 de
456 1095 633 1149 Dat-ide,
668 1096 739 1153 qui
775 1107 946 1153 propter
982 1094 1278 1138 necessitatem
1303 1092 1531 1136 manduca·

105 1170 166 1213 vit
200 1184 328 1227 panes
364 1168 672 1228 propositionis
707 1167 795 1226 (Ι),
831 1183 940 1225 quos
974 1166 1089 1209 laicis
1140 1164 1393 1209 manducare
1446 1180 1533 1208 non

107 1240 256 1285 licebat
292 1241 406 1284 iuxta
439 1239 594 1297 legem,
631 1252 670 1282 et
704 1252 845 1282 tamen
887 1238 1045 1282 factum
1094 1236 1279 1281 defendit
1330 1236 1533 1280 Christus

112 1314 329 1357 Dominus
353 1312 437 1371 (2).
457 1311 666 1356 Probatur
686 1310 870 1364 secundo,
887 1311 995 1368 ‘quia
1018 1310 1109 1352 talis
1134 1310 1367 1352 necessitas
1394 1320 1535 1351 osten-

111 1384 187 1442 dit,
224 1400 311 1428 non
347 1383 477 1428 fuisse
512 1385 553 1426 in
576 1382 817 1441 legislatore
851 1383 1115 1426 voluntatem
1145 1380 1363 1439 obligandi
1398 1381 1438 1422 in
1463 1379 1534 1423 tali

107 1468 278 1510 eventu,
298 1455 362 1500 vel
392 1457 518 1499 etiam
542 1470 629 1498 non
654 1454 782 1498 fuisse
806 1466 1077 1511 potestatem:
1099 1467 1368 1511 quacumque
1391 1464 1534 1494 autem

108 1543 256 1572 earum
290 1526 527 1581 deficiente,
563 1538 696 1571 cessat
722 1525 928 1583 obligatio
967 1525 1084 1583 legis:
1110 1540 1228 1582 ergo.
1255 1523 1461 1581 Obligare
1484 1523 1536 1568 ad

107 1616 425 1660 quemcumque
459 1613 598 1644 actum
635 1599 860 1658 praecepti,
907 1614 993 1641 non
1038 1597 1231 1641 obstante
1265 1612 1533 1655 quacumque

107 1672 352 1717 accidentali
387 1672 636 1715 necessitate
671 1672 934 1727 insurgente,
967 1682 1078 1712 esset
1112 1684 1239 1726 supra
1273 1680 1532 1725 potestatem

106 1744 360 1802 legislatoris
396 1744 588 1795 humani,
624 1744 721 1800 quia
755 1742 845 1784 talis
881 1741 1086 1798 obligatio
1121 1741 1410 1783 communiter
1445 1755 1532 1782 non

109 1830 171 1862 est
204 1817 438 1861 necessaria
487 1815 537 1858 ad
586 1829 818 1858 commune
868 1813 1031 1856 bonum
1084 1811 1358 1869 reipublicae,
1400 1823 1445 1854 ut
1495 1812 1535 1853 in

110 1890 334 1934 communi
368 1887 663 1931 observatione
697 1886 843 1929 talium
882 1884 1026 1942 legum
1062 1884 1288 1941 contingit:
1314 1896 1353 1926 et
1386 1898 1534 1941 quam-

108 1963 172 2006 vis
205 1961 433 2020 aliquando
469 1976 555 2003 non
590 1960 642 2003 sit
675 1971 815 2017 aperte
850 1958 1004 2000 iniusta
1038 1956 1261 2014 obligatio,
1298 1954 1363 1999 vel
1410 1971 1535 2012 supra

109 2045 383 2094 potestatem,
415 2033 449 2076 si
498 2033 550 2075 sit
582 2031 709 2073 nimis
758 2030 898 2087 gravis
947 2042 987 2071 et
1035 2028 1155 2083 dura,
1201 2040 1395 2071 censetur
1444 2042 1534 2069 esse

112 2118 278 2164 praeter
313 2105 577 2148 voluntatem
611 2101 879 2160 legislatoris.
917 2100 1053 2154 Quod
1093 2112 1236 2143 autem
1273 2099 1453 2157 pertinet
1487 2097 1537 2140 ad

111 2177 285 2221 alteram
314 2189 495 2236 partem,
533 2176 558 2219 i.
593 2191 627 2218 e.
660 2190 732 2233 per
766 2174 944 2218 accidens
984 2172 1073 2216 fieri
1109 2187 1251 2230 posse,
1275 2184 1320 2214 ut
1343 2172 1470 2214 etiam
1495 2172 1537 2213 in

111 2265 163 2294 eo
198 2264 294 2293 casu
329 2248 541 2305 obligetur
578 2247 712 2290 homo
742 2245 791 2289 ad
826 2244 1075 2289 servandam
1109 2243 1264 2301 legem,
1290 2242 1536 2286 communis

209 2500 266 2546 (ι)
302 2511 328 2534 1.
355 2500 446 2545 Reg.
477 2498 573 2533 XXI.

207 2560 264 2605 (2)
297 2559 425 2595 Matth.
454 2558 531 2593 XII.
562 2569 591 2591 v.
625 2566 653 2600 3.
