1734 2784
241 190 389 234 excitat
422 187 487 231 vel
521 188 572 231 de
605 188 809 231 industria
844 187 957 231 fovet
990 199 1115 245 atque
1164 187 1275 230 acuit
1324 187 1416 231 illos
1462 187 1656 232 sensitivi

238 263 448 320 appetitus
498 272 642 303 motus
691 260 731 302 in
782 259 943 302 bonum
987 258 1197 303 sensibile.
1242 259 1356 316 Dixi,
1386 260 1650 316 potissimum.

238 335 406 377 Etenim
441 334 481 374 in
515 331 604 375 aliis
637 333 762 375 etiam
799 330 962 374 casibus
1018 330 1194 374 habetur
1241 346 1506 389 consequens
1553 329 1654 374 haec

237 405 598 463 concupiscentia,
633 421 667 447 e.
702 420 742 460 g.
778 418 875 446 cum
908 403 1104 446 voluntas
1135 417 1222 446 non
1246 401 1425 461 impedit
1447 402 1526 446 hos
1553 417 1652 446 sen·-

236 478 347 520 sitivi
381 477 588 535 appetitus
622 487 786 528 motus,
821 491 930 532 quos
965 486 1112 533 posset
1145 487 1184 518 et
1228 473 1397 518 deberet
1430 467 1652 532 impedire,

236 550 307 606 qui
343 564 461 591 casus
496 561 556 591 est
590 547 816 590 voluntarii
856 546 1048 590 indirecti
1081 562 1153 590 seu
1189 546 1372 604 negativi
1405 545 1489 605 (1).

355 635 423 676 49.
459 621 841 663 DEMoNs-TRATio.
863 618 1158 676 Spectabimus
1178 619 1320 676 primo
1344 619 1654 676 concupiscen-

235 693 336 734 tiam
388 703 753 748 consequentem,
803 703 895 733 tum
945 705 1045 733 vero
1095 690 1483 747 concupiscentiam
1533 701 1654 734 ante-

238 763 472 806 cedentem.

353 835 382 877 Ι.
420 835 779 891 Concupiscentia
847 849 1114 892 consequens
1164 834 1318 891 pendet
1368 849 1389 876 a
1436 833 1653 878 voluntate

234 906 405 950 elective
440 918 605 963 agente,
641 921 714 948 seu
751 918 844 948 tum
878 905 1116 948 voluntaria
1139 918 1200 948 est
1234 918 1325 948 tum
1360 905 1498 950 libera.
1522 907 1652 964 Atqui

233 994 354 1022 causa
384 977 621 1021 voluntaria
655 990 694 1020 et
726 976 854 1020 libera
888 991 974 1019 non
1011 975 1123 1019 tollit
1153 975 1444 1020 voluntarium
1489 992 1567 1020 nec
1599 976 1653 1020 li-

231 1050 380 1094 berum
415 1051 456 1092 in
490 1062 598 1102 actu,
632 1050 703 1106 qui
739 1048 786 1091 ab
820 1049 910 1106 ipsa
943 1048 1236 1105 consequitur.
1278 1048 1394 1105 Ergo
1443 1048 1653 1105 concupi-

229 1123 386 1166 scentia
418 1136 682 1178 consequens
714 1135 801 1163 non
849 1119 957 1163 tollit
1005 1119 1293 1162 voluntarium
1338 1135 1416 1163 nec
1467 1119 1650 1165 liberum

231 1195 273 1236 in
307 1207 415 1251 actu,
448 1194 520 1251 qui
553 1209 602 1237 ex
636 1209 681 1236 ea
714 1193 900 1249 ponitur.
935 1191 1044 1234 Illud
1078 1190 1185 1235 redit
1218 1192 1495 1250 principium,
1533 1192 1650 1252 quod

232 1265 283 1309 de
308 1266 537 1321 ignorantia
556 1263 740 1307 vincibili
766 1276 937 1320 agentes
970 1262 1258 1306 statuebamus
1283 1279 1381 1306 cum
1405 1278 1436 1306 s.
1463 1262 1649 1308 Thoma:

238 1356 257 1378 «
283 1353 417 1394 quum
443 1337 531 1394 ipsa
565 1337 615 1379 sit
641 1335 893 1388 voluntaria,
911 1351 998 1378 non
1032 1348 1172 1393 potest
1196 1351 1366 1379 causare
1399 1335 1650 1396 simpliciter

231 1408 602 1451 involuntarium»
633 1407 716 1466 (2).

323 1619 379 1662 (1)
411 1633 426 1647 «
443 1617 564 1651 Passio
593 1625 644 1651 est
673 1626 792 1650 motus
819 1616 998 1661 appetitus
1018 1616 1187 1650 sensitivi.
1207 1616 1396 1661 Appetitus
1416 1624 1536 1651 autem
1563 1627 1647 1651 sen-

228 1678 353 1712 sitivus
380 1685 497 1723 potest
526 1688 561 1711 se
587 1676 718 1710 habere
737 1676 780 1709 ad
808 1674 961 1709 liberum
982 1675 1168 1709 arbitrium
1189 1683 1222 1709 et
1241 1675 1492 1710 antecedenter
1510 1684 1543 1710 et
1563 1685 1649 1710 con-

227 1746 425 1782 sequenter.
454 1736 719 1771 Antecedenter
756 1734 911 1781 quidem,
949 1734 1149 1769 secundum
1177 1734 1272 1780 quod
1312 1735 1433 1780 passio
1472 1734 1648 1781 appetitus

227 1796 385 1830 sensitivi
414 1795 519 1830 trahit
547 1795 602 1830 vel
629 1795 779 1829 inclinat
805 1795 982 1829 rationem
1011 1793 1066 1828 vel
1093 1794 1331 1828 voluntatem.
1374 1793 1650 1841 Consequenter

228 1864 362 1897 autem,
393 1855 588 1889 secundum
616 1854 710 1901 quod
738 1863 859 1889 motus
886 1854 1112 1899 superiorum
1141 1854 1281 1895 virium,
1302 1854 1332 1887 si
1358 1853 1427 1888 sint
1454 1852 1648 1889 vehemen-

226 1924 291 1957 tes,
318 1914 518 1948 redundant
544 1915 579 1948 in
608 1913 802 1948 inferiores.
829 1913 913 1948 Non
942 1913 1039 1948 enim
1066 1922 1185 1959 potest
1212 1913 1378 1948 voluntas
1406 1914 1544 1948 intense
1570 1923 1649 1947 mo-

227 1975 301 2007 veri
328 1974 362 2007 in
389 1973 532 2020 aliquid,
561 1974 643 2019 quin
673 1973 847 2007 excitetur
875 1973 992 2019 aliqua
1023 1973 1142 2019 passio
1171 1972 1206 2006 in
1237 1973 1396 2018 appetitu
1425 1972 1608 2007 sensitivo.
1629 1985 1647 2004 »

228 2033 278 2066 Ita
307 2043 330 2066 s.
359 2032 443 2072 Th„
477 2043 488 2066 1
534 2042 561 2066 2.
592 2045 621 2078 q.
652 2042 708 2077 77.
739 2045 770 2066 a.
802 2031 834 2066 6.
867 2031 923 2067 Cf.
958 2032 1098 2071 Suarez,
1126 2032 1161 2066 in
1195 2042 1222 2066 1.
1246 2041 1275 2068 2.
1295 2039 1397 2065 tract.
1426 2030 1471 2066 Il.
1499 2030 1574 2078 disp
1616 2043 1648 2077 3.

231 2100 314 2125 sect.
339 2102 351 2135 3
389 2103 422 2125 n.
448 2101 476 2124 1.

322 2151 378 2195 (2)
405 2152 514 2185 Recte
543 2161 571 2185 s.
601 2150 765 2185 Thomas
793 2152 852 2193 ait,
883 2150 953 2185 loc.
984 2152 1053 2191 cit,
1075 2149 1170 2197 quod
1199 2149 1489 2195 concupiscentia
1518 2162 1536 2181 c<
1557 2161 1647 2184 con-

227 2220 377 2255 sequens
406 2220 480 2243 non
508 2209 675 2243 diminuit
703 2218 900 2255 peccatum,
930 2209 990 2244 sed
1018 2209 1134 2255 magis
1162 2217 1280 2254 auget,
1309 2207 1365 2243 vel
1388 2208 1503 2254 potius
1529 2214 1573 2243 est
1598 2209 1646 2243 si-

226 2280 330 2314 gnum
356 2269 617 2314 magnitudinis
646 2269 732 2302 eius:
764 2269 798 2303 in
829 2277 1005 2315 quantum
1048 2268 1181 2303 scilicet
1211 2268 1433 2303 demonstrat
1471 2268 1648 2303 intensio-

227 2339 310 2361 nem
338 2328 535 2363 voluntatis
555 2328 597 2362 ad
617 2337 741 2362 actum
770 2329 917 2373 peccati.
934 2343 950 2358 »
981 2328 1084 2362 Hunc
1108 2328 1227 2362 locum
1257 2328 1400 2373 exponit
1417 2326 1596 2370 Suare2,1.
1618 2338 1644 2363 c.

226 2399 260 2421 n.
281 2387 312 2422 6.
332 2387 440 2421 Addit
470 2387 692 2434 Tongiorgi‚
720 2387 799 2422 Eth.
829 2399 927 2421 num.
960 2398 1050 2423 12o.:
1078 2387 1210 2422 «Licet
1237 2386 1528 2434 concupiscentia
1555 2398 1646 2421 con-

225 2458 377 2493 sequens
404 2448 450 2482 ita
478 2448 607 2481 deinde
647 2446 864 2489 effervescat,
904 2457 941 2483 ut
983 2448 1091 2483 etiam
1128 2446 1275 2482 rationis
1314 2457 1419 2481 usum
1457 2446 1643 2492 impediat,

227 2506 466 2541 nihilominus
493 2507 536 2540 de
564 2506 758 2541 voluntarii
785 2508 925 2541 ratione
943 2506 1033 2541 nihil
1057 2507 1260 2541 imminuit:
1282 2506 1396 2540 immo
1416 2504 1587 2552 quidquid
1606 2516 1649 2539 ex

227 2567 301 2603 eius
328 2564 462 2600 influxu
489 2574 575 2600 tunc
601 2565 650 2609 fit,
678 2565 923 2601 voluntarium
952 2566 987 2599 in
1016 2577 1121 2600 causa
1147 2564 1365 2600 censendum
1392 2572 1490 2599 est.»
