1734 2784
789 111 1053 153 —180—

210 209 384 261 cietatis,
418 207 522 249 adeo
557 218 601 248 ut
634 221 739 263 quae
773 205 881 247 actio
915 202 966 246 ad
1001 201 1283 260 temporalem
1307 200 1420 244 illam
1446 217 1635 260 prospe-

210 281 376 322 ritatem
410 276 615 329 conferat,
651 278 703 319 sit
737 275 861 332 bona,
888 289 1013 317 secus
1047 288 1148 316 vero
1185 273 1238 315 sit
1273 272 1394 315 mala.

329 351 394 392 66.
431 349 807 392 Dmiowrim'mo.
859 345 1125 388 Sententiam
1162 343 1267 386 hanc
1316 343 1634 401 turpissimam,

210 420 328 462 cuius
362 418 595 461 absurditas
630 418 758 460 nimis
793 428 855 458 est
899 414 1142 467 manifesta,
1187 415 1331 472 paucis
1374 413 1633 457 refellemus.

327 490 357 533 I.
394 489 584 532 Tantum
618 487 746 544 abest,
781 499 824 528 ut
857 487 900 528 in
936 484 1149 543 praedicta
1192 485 1371 528 utilitate
1421 485 1473 527 sit
1507 500 1631 542 repo-

208 559 345 603 nenda
379 558 605 611 moralitas,
641 570 684 599 ut
719 574 738 599 e
774 557 985 599 contrario
1020 557 1102 598 sint
1136 556 1338 609 actiones,
1373 570 1626 613 quaelcon-

209 631 349 675 ferunt
379 645 423 672 ac
458 627 580 687 saepe
614 628 839 671 conferunt
873 643 1000 685 quam
1045 628 1229 669 maxime
1278 626 1328 670 ad
1380 626 1631 684 temporalia

210 703 277 746 illa
309 702 540 759 praesentis
574 702 681 744 vitae
715 700 840 756 bona,
860 711 900 741 et
935 712 1095 755 tamen,
1121 698 1322 741 omnibus
1357 699 1634 741 consentien-

210 774 337 830 tibus,
355 774 439 815 sint
465 771 622 816 malae:
647 774 730 815 sint
754 768 902 814 coiitra
926 770 1131 827 actiones,
1156 787 1261 828 quae
1295 786 1382 813 non
1407 770 1631 814 conferunt

210 844 259 887 ad
291 843 542 901 temporalia
586 843 817 901 praesentis
852 842 960 884 vitae
993 840 1118 896 bona,
1164 843 1303 884 immo
1355 842 1407 883 iis
1447 841 1631 884 maxime

210 916 504 971 opponuntur,
540 926 579 956 et
611 906 753 956 tamen
787 929 836 955 ex
872 908 1068 954 omnium
1101 913 1310 955 sententia
1342 925 1440 955 sunt
1479 911 1631 955 bonae..

211 986 307 1028 Hoc
330 981 601 1043 ,proclamant
646 986 782 1037 ratio,
818 985 1105 1040 conscientia,
1153 999 1302 1026 sensus
1354 984 1597 1026 communis
1619 1020 1634 1037 ,

212 1055 340 1113 idque
374 1056 454 1113 ipsi
489 1055 644 1098 ethnici
679 1068 820 1112 aperte
855 1053 1038 1112 professi
1073 1068 1170 1097 sunt
1204 1055 1289 1113 (Ι).

330 1127 555 1179 Quaenam
580 1127 633 1168 sit
666 1127 774 1169 inter
798 1126 1065 1169 honestatem
1090 1139 1129 1169 et
1153 1126 1379 1169 utilitatem
1413 1125 1636 1183 habitudo,

211 1210 321 1240 recte
349 1198 476 1241 tradit
500 1198 654 1241 Cicero
680 1197 794 1240 hisce
817 1197 954 1240 verbis
989 1197 1072 1256 (2):
1104 1199 1214 1240 «Est
1236 1197 1341 1240 nihil
1365 1197 1484 1251 utile,
1510 1196 1628 1255 quod

210 1267 324 1312 idem
357 1285 445 1312 non
480 1268 726 1326 honestum,
760 1285 837 1311 nec
870 1270 966 1326 quia
1000 1268 1117 1326 utile,
1150 1269 1381 1312 honestum
1433 1282 1509 1326 est,
1552 1268 1629 1312 sed

303 1454 359 1498 (1)
387 1453 509 1487 Unum
535 1451 727 1487 afferemus
754 1452 1007 1487 testimonium
1035 1464 1076 1487 ex
1104 1452 1286 1494 Iuvenale,
1316 1453 1429 1497 Satyr.
1458 1451 1571 1486 vnis.

599 1511 804 1556 Ambiguae
831 1511 859 1544 si
890 1511 1032 1557 quando
1062 1512 1218 1545 citabere
1243 1512 1343 1545 testis

493 1560 724 1605 Incertaeque
750 1559 809 1599 rei,
839 1558 999 1593 Phalaris
1027 1559 1109 1592 licet
1136 1559 1299 1603 imperet,
1328 1566 1365 1592 ut
1394 1557 1443 1592 sis

492 1606 625 1647 Falsus,
651 1617 684 1641 et
710 1606 858 1640 admoto
886 1606 1004 1639 iubeat
1032 1607 1184 1651 periuria
1212 1615 1328 1648 tauro;

492 1654 684 1688 Summum
711 1654 814 1686 crede
840 1652 941 1687 nefas
967 1655 1127 1687 animam
1156 1655 1332 1699 praeferre
1360 1652 1504 1699 pudori,

492 1702 534 1736 Et
560 1709 705 1746 propter
725 1701 837 1735 vitam
866 1701 1010 1735 vivendi
1040 1701 1189 1746 perdere
1220 1711 1384 1735 causam.

207 1760 262 1794 De
288 1760 516 1795 utilitatismo
546 1760 654 1806 digna
681 1769 773 1802 sunt,
801 1771 891 1806 quae
919 1759 1086 1805 legantur
1125 1773 1178 1803 ea,
1208 1772 1296 1806 quae
1335 1760 1442 1794 habet
1469 1758 1632 1801 Balmes‚

206 1819 287 1853 Eth.
318 1832 418 1865 capp.
450 1820 510 1854 IV.
541 1840 559 1845 -
588 1821 669 1855 VH.

304 1879 360 1923 (2)
388 1880 452 1913 De*
469 1879 562 1914 offic.
587 1879 648 1918 ΙΙΙ,
679 1888 732 1922 30.
759 1879 809 1914 Ib.
837 1891 914 1925 cap.
949 1890 1001 1914 11.
1031 1880 1092 1914 ait:
1124 1879 1333 1914 «Utilitatis
1365 1879 1484 1925 specie
1512 1879 1548 1912 in
1574 1888 1634 1912 re·-

205 1936 347 1983 publica
377 1939 587 1983 saepissime
615 1948 796 1984 peccatur,
825 1947 861 1973 ut
889 1939 925 1972 in
945 1938 1111 1973 Corinthi
1138 1939 1399 1974 disturbatione
1418 1938 1546 1973 nostri:
1567 1937 1634 1972 du-

208 1999 281 2032 rius
308 1997 416 2032 etiam
445 1998 702 2040 Athenienses,
732 1999 792 2043 qui
818 1997 1011 2040 sciverunt,
1031 2007 1068 2033 ut
1087 1998 1288 2044 Aeginetis,
1315 1997 1375 2043 qui
1401 1997 1514 2031 classe
1538 1996 1639 2031 vale-

208 2058 309 2098 bant,
337 2056 488 2102 pollices
516 2057 818 2101 praeciderentur;
847 2057 954 2091 nimis
982 2058 1080 2092 enim
1119 2058 1334 2092 imminebat
1360 2066 1504 2103 propter
1543 2068 1634 2102 pro-

205 2116 450 2161 pinquitatem
478 2115 621 2160 Aegina
648 2115 789 2150 Piraeo:
821 2116 882 2149 sed
910 2116 1000 2150 nihil
1027 2116 1122 2163 quod
1154 2116 1308 2158 crudele,
1336 2115 1437 2157 utile3
1459 2123 1511 2149 est
1530 2115 1627 2149 enim·

205 2174 402 2208 hominum
429 2183 586 2217 naturae,
613 2186 721 2220 quam
748 2175 848 2220 sequi
874 2174 1058 2215 debemus,
1078 2175 1236 2209 maxime
1256 2174 1402 2208 inimica
1422 2173 1633 2209 crudelitas.

204 2233 303 2268 Male
329 2234 450 2275 etiam,
480 2234 537 2279 qui
566 2235 777 2279 peregrinos
803 2234 949 2268 urbibus
977 2235 1027 2268 uti
1053 2234 1258 2279 prohibent,
1287 2244 1420 2279 eosque
1458 2232 1634 2268 extermi-

204 2300 304 2334 nant,
333 2301 370 2327 ut
397 2293 541 2327 Pennus
569 2293 663 2338 apud
692 2301 810 2337 patres
838 2302 997 2336 nostr03‚
1025 2293 1160 2339 Papius
1187 2304 1313 2338 nuper.
1341 2293 1434 2328 Nam
1461 2303 1537 2326 esse
1563 2303 1635 2338 prov

204 2352 298 2393 cive,
328 2353 386 2398 qui
414 2353 498 2387 civis
526 2364 599 2387 non
626 2353 686 2394 sit,
717 2361 856 2386 rectum
884 2360 936 2387 est
965 2364 1040 2386 non
1060 2352 1177 2386 licere:
1204 2363 1310 2398 quam
1329 2351 1486 2386 tulerunt
1511 2350 1634 2396 legem

203 2411 458 2455 sapientissimi
485 2411 670 2454 consules,
700 2412 849 2446 Crassus
877 2420 909 2445 et
937 2412 1126 2446 Scaevola:
1156 2422 1222 2445 usu
1257 2422 1342 2445 vero
1370 2410 1465 2445 urbis
1503 2410 1630 2455 prohi-

204 2468 289 2502 bere
315 2470 538 2515 peregrinos,
567 2482 652 2504 sane
681 2469 921 2504 inhumanum
956 2478 1020 2504 est.
1050 2470 1120 2504 Ina
1146 2469 1336 2515 praeclara,
1355 2469 1391 2502 in
1417 2468 1542 2515 quibus
1569 2478 1638 2513 pu·

202 2527 321 2562 blicae
348 2529 507 2563 utilitatis
534 2531 672 2574 species
702 2541 792 2574 prae
811 2529 1000 2564 honestate
1027 2530 1283 2565 contemnitur.
1303 2541 1319 2562 »
1350 2526 1407 2563 Cf.
1424 2525 1535 2562 alium
1563 2526 1629 2563 Ci-

198 2587 340 2621 ceronis
367 2587 499 2628 locum,
527 2598 635 2634 quem
663 2600 726 2634 sup
740 2600 790 2623 er.
818 2588 1008 2624 attulimus
1033 2600 1115 2636 pag.
1152 2587 1227 2635 169.
