1734 2784
656 113 920 156 -373-

82 216 156 244 seu
189 200 368 243 latorem
414 199 536 256 legis,
584 196 700 242 aliud
743 212 846 240 vero
894 208 956 240 est
1003 211 1095 240 esse
1143 210 1400 254 praeconem
1435 210 1508 238 seu

83 271 446 330 proclamatorem
480 270 588 328 legis
621 269 669 313 ab
704 268 785 312 alio
820 267 1013 312 conditae
1046 267 1132 326 (Ι)

206 344 299 399 138.
334 343 724 387 DEMONSTRATIO.
759 342 876 384 Duas
911 340 1013 384 haec
1037 339 1171 384 thesis
1197 339 1320 382 habet
1353 351 1512 398 partes,

83 431 262 473 quarum
306 415 423 472 prior
470 414 555 471 agit
590 413 640 457 de
676 412 975 471 possibilitate,
1021 411 1148 455 altera
1193 410 1244 454 de
1289 410 1513 456 existentia

82 486 187 544 legis
220 486 443 544 positivae.

202 558 232 601 Ι.
268 555 380 600 Illud
409 557 547 615 primo
582 568 645 600 est
679 556 860 599 omnino
895 567 1185 613 perspectum,
1216 570 1344 613 posse
1368 555 1512 599 Deum

82 628 223 687 legem
257 628 512 683 naturalem,
547 644 675 686 quam
709 642 782 686 per
815 627 1008 670 nativum
1033 627 1208 670 rationis
1233 625 1379 670 lumen
1412 642 1509 669 ma-

82 699 269 755 nifestat,
303 700 485 759 amplius
521 701 711 745 externis
757 701 890 757 signis
940 698 1152 743 declarare
1197 711 1237 742 et
1270 699 1329 742 sic
1373 698 1512 756 legem

81 772 189 817 ferre
227 773 377 817 saltem
426 773 567 831 quoad
617 771 982 831 promulgationis
1033 770 1215 815 modum
1265 771 1514 830 positivam.

83 843 219 898 Quod
252 844 287 887 si
320 845 439 888 Deus
474 855 676 903 praestet,
710 843 751 887 id
786 859 885 887 sane
920 844 997 887 erit
1022 841 1265 887 habendum
1289 854 1513 901 tamquam

81 917 233 974 ingens
267 916 432 960 divinae
465 915 668 960 bonitatis
703 914 959 959 beneficium
995 927 1118 974 atque
1153 915 1363 959 humanae
1397 914 1510 958 infir-

82 988 240 1032 mitatis
275 988 485 1031 auxilium
519 1003 820 1047 permagnum.
854 988 1012 1044 Neque
1049 988 1178 1044 enim,
1203 1000 1249 1030 ut
1283 987 1366 1030 iam
1401 985 1514 1030 dixi-

83 1077 196 1116 mus,
221 1061 287 1105 lex
320 1061 522 1105 naturalis
548 1060 690 1119 quoad
715 1060 861 1104 omnia
884 1072 924 1103 et
946 1058 1129 1116 singula,
1154 1058 1307 1118 quibus
1333 1071 1512 1116 constat,

82 1146 306 1193 praecepta
339 1146 403 1177 est
438 1133 641 1177 omnibus
675 1132 1049 1176 indiscriminatim
1100 1132 1338 1190 perspicua,
1374 1147 1514 1190 neque

81 1205 172 1264 ipsa
203 1207 342 1264 prima
375 1206 467 1249 eius
520 1204 729 1264 principia
777 1202 884 1246 adeo
919 1202 1027 1246 clara
1075 1216 1189 1259 sunt,
1224 1216 1269 1246 ut
1302 1216 1515 1261 nequeant

84 1279 237 1322 maiori
270 1278 407 1322 adhuc
455 1277 722 1335 firmiorique
756 1276 907 1319 notitia
957 1275 1138 1334 intelligi
1172 1274 1219 1318 ab
1254 1275 1432 1318 homine
1466 1291 1512 1319 ac

81 1351 232 1408 teneri,
268 1364 407 1409 neque
455 1350 583 1393 etiam
633 1348 729 1392 talia
771 1360 883 1402 sunt,
919 1360 963 1391 ut
1009 1350 1049 1391 in
1085 1347 1291 1406 improbis
1336 1358 1512 1405 propter

82 1422 431 1481 exsuperantiam
481 1432 757 1479 peccatorum
804 1435 892 1463 non
937 1419 1219 1463 obscurentur
1261 1433 1388 1477 atque
1435 1434 1510 1476 per

83 1492 444 1538 consuetudinem
488 1491 690 1551 peccandi
739 1506 825 1535 non
874 1490 1208 1535 obtenebrentur
1242 1490 1327 1549 (2).
1366 1491 1516 1548 Itaque

83 1567 118 1609 si
151 1565 388 1609 naturalem
422 1565 562 1623 legem
596 1563 766 1618 revelet,
802 1563 885 1607 hoc
935 1563 1060 1607 efficit
1110 1564 1246 1621 Deus,
1280 1575 1324 1606 ut
1371 1563 1516 1607 omnia

82 1638 173 1681 eius
208 1650 431 1696 praecepta
471 1654 491 1678 «
523 1636 571 1679 ab
607 1635 809 1679 omnibus
845 1634 1053 1693 expedite
1089 1648 1129 1678 et
1161 1634 1280 1678 nullo
1329 1633 1517 1678 admixto

83 1725 228 1753 errore
263 1709 467 1767 cognosci
502 1708 710 1767 possint»
744 1708 830 1766 (3).

204 1781 384 1840 Insuper
417 1780 585 1825 secundo
622 1792 788 1838 praeter
836 1781 1022 1824 actiones
1059 1779 1109 1824 de
1143 1795 1186 1823 se
1229 1778 1375 1834 malas,
1412 1795 1515 1838 quas

83 1870 158 1913 per
189 1854 329 1913 legem
363 1853 597 1897 naturalem
632 1852 844 1911 prohibet,
886 1867 1010 1910 atque
1043 1852 1230 1896 actiones
1265 1851 1315 1895 de
1349 1868 1392 1895 se
1426 1850 1509 1895 bo—

83 1942 156 1969 nas
190 1941 235 1969 ac
268 1925 538 1982 necessarias,
588 1940 690 1982 quas
740 1941 813 1982 per
861 1924 1055 1968 eamdem
1105 1924 1244 1982 legem
1279 1923 1504 1982 praecipit,

178 2172 232 2216 (1)
260 2172 308 2206 Ut
336 2171 400 2205 boc
428 2170 559 2205 melius
589 2169 820 2216 intelligatur,
849 2169 943 2203 iuvat
973 2169 1101 2203 addere
1141 2168 1227 2203 haec
1256 2169 1323 2203 alia
1351 2169 1510 2204 Suaresii

82 2233 202 2275 verba,
234 2231 254 2266 l.
283 2232 325 2266 II.
345 2243 370 2266 c.
394 2241 425 2274 4.
455 2242 553 2265 num.
581 2230 630 2264 8.:
664 2244 679 2259 «
700 2229 773 2264 Lex
802 2229 957 2263 humana
985 2228 1144 2274 pervenit
1174 2227 1216 2261 ad
1246 2228 1408 2263 subditos
1436 2239 1510 2263 me-

83 2292 202 2327 diante
230 2291 392 2333 homine,
424 2301 496 2325 non
523 2298 666 2325 tantum
695 2299 729 2323 ut
760 2300 864 2322 causa
887 2294 949 2334 per
968 2286 1118 2322 accidens
1146 2288 1201 2331 (ut
1229 2287 1277 2321 sic
1300 2287 1446 2331 dicam),
1476 2286 1510 2321 id

63 2361 132 2391 ‘est
162 2361 387 2398 proponente
416 2360 448 2385 ct
477 2349 691 2395 applicante,
712 2349 771 2383 secl
801 2350 909 2383 etiam
944 2358 981 2382 nt
1009 2359 1113 2382 causa
1137 2356 1199 2394 par
1217 2359 1258 2389 se,
1279 2346 1314 2381 iul
1341 2355 1393 2382 est
1421 2359 1509 2381 con-

83 2412 256 2446 stituente
286 2411 399 2456 ipsam
428 2410 558 2456 legem.
585 2409 679 2444 Nam
709 2421 726 2442 a
753 2409 938 2443 voluntate
967 2408 1125 2442 hominis
1153 2407 1369 2454 legislatoris
1400 2407 1507 2441 habet

79 2470 238 2517 proxime
265 2481 366 2503 suam
394 2469 563 2503 virtutem
592 2477 625 2502 et
653 2468 849 2502 efficaciam
880 2481 898 2499 »

181 2531 237 2573 (2)
267 2529 363 2563 Haec
394 2528 465 2562 fere
493 2536 572 2562 sunt
601 2528 705 2561 vei-ba
734 2540 761 2561 s,
793 2526 971 2563 'rhomae
1007 2538 1015 2560 1
1061 2538 1090 2560 2.
1119 2541 1150 2571 q.
1179 2526 1231 2568 98.
1262 2538 1291 2560 a.
1321 2524 1350 2560 6.

180 2589 238 2634 (3)
267 2588 409 2623 Concil.
442 2587 558 2622 Vatic.
592 2598 675 2622 sess.
707 2587 767 2620 111.
799 2598 874 2631 cap.
906 2596 934 2620 2.
