1734 2784
694 117 951 161 -247-

121 200 220 257 quia
249 198 467 256 legislator
500 212 564 242 est
595 215 777 258 persona
810 200 991 258 publica,
1027 203 1292 261 praecipiens
1326 219 1428 247 vero
1461 221 1540 262 po-

119 283 201 314 test
232 286 325 314 esse
357 286 540 329 persona
572 273 744 329 privata.
770 298 819 304 —
849 277 909 315 2.⁰
928 274 1098 318 Ratione
1130 274 1310 331 subiecti,
1344 276 1444 332 quia
1475 277 1541 319 lex

119 341 250 385 fertur
282 342 326 385 in
360 342 730 399 communitatem,
765 356 1039 401 praeceptum
1072 345 1201 387 etiam
1234 346 1276 387 in
1311 361 1539 403 personam
1582 355 1584 357 '

120 414 337 470 privatam.
357 415 488 468 —3.⁰
523 415 700 457 Ratione
726 414 842 472 finis,
880 415 977 471 quia
1009 414 1103 457 finis
1137 415 1243 473 legis
1278 429 1341 459 est
1372 416 1536 460 bonum

119 499 367 542 commune,
384 483 478 527 finis
497 496 639 527 autem
659 486 869 542 praecepti
888 484 1050 528 bonum
1069 487 1368 544 privatum.—
1381 488 1441 543 4⁰
1454 489 1538 532 Ra-

118 557 222 598 tione
254 556 341 613 loci,
373 556 470 614 quia
517 555 583 598 lex
616 555 742 599 afficit
785 558 1066 614 territorium,
1110 572 1384 615 praeceptum
1435 574 1537 602 vero

118 642 361 685 personam,
395 639 538 685 atque,
576 640 620 670 ut
653 628 787 680 aiunt,
822 628 971 671 ossibus
1003 630 1149 672 haeret.
1183 654 1239 662 ·—
1277 630 1336 684 5⁰
1369 630 1539 674 Ratione

117 699 364 753 durationis,
414 700 511 756 quia
559 712 833 756 praeceptum
868 713 1000 742 cessat
1046 714 1181 743 morte
1220 702 1533 757 praecipientis,

115 771 181 814 lex
213 787 315 814 vero
350 786 436 814 non
471 772 733 827 extinguitur
767 772 893 814 simul
929 788 1025 814 cum
1061 772 1305 829 legislatore
1338 772 1422 830 (1).
1462 774 1537 815 Est

115 858 220 899 ergo
252 841 318 885 lex
365 843 495 885 veluti
530 842 748 900 quoddam
799 856 884 886 arte
918 842 1078 886 factum
1114 844 1322 887 resultans
1372 862 1421 887 ex
1463 845 1533 887 tali

113 926 206 956 actu
242 930 339 956 cum
374 913 525 956 talibus
562 914 910 967 circumstantiis,
948 914 1266 957 conditionibus
1305 916 1369 957 vel
1412 915 1534 957 habi-

114 984 347 1041 tudinibuS,
380 986 471 1027 sine
504 984 660 1042 quibus
696 1002 781 1028 non
817 986 897 1027 erit
932 1002 1029 1028 vera
1062 986 1140 1040 lex,
1176 987 1345 1029 etiamsi
1395 987 1535 1044 quoad

113 1070 254 1099 actum
289 1057 572 1115 praecipiendi
610 1057 801 1100 eiusdem
837 1056 946 1099 forte
980 1059 1031 1100 sit
1064 1071 1238 1100 naturae
1280 1073 1323 1099 ac
1362 1074 1535 1114 praecc-

113 1142 235 1186 ptum
270 1129 356 1187 (2).

229 1201 376 1257 Itaque
425 1213 698 1258 praeceptum
749 1214 787 1243 et
822 1201 886 1243 lex
926 1218 1011 1244 non
1062 1217 1384 1261 convertuntur,
1432 1207 1529 1263 quia

111 1287 197 1313 non
233 1287 362 1314 omne
396 1285 667 1329 praeceptum
705 1286 767 1315 est
800 1273 881 1325 lex,
916 1273 1011 1316 licet
1046 1276 1187 1317 omnis
1228 1275 1292 1318 lex
1330 1278 1381 1319 sit
1415 1293 1532 1334 prae-

111 1355 298 1400 ceptum.
333 1344 444 1386 Hinc
480 1358 591 1386 recte
626 1345 783 1387 Suarez
818 1344 970 1401 legem,
1007 1358 1051 1387 ut
1085 1347 1289 1399 vidimus,
1329 1350 1388 1391 sic
1422 1349 1529 1391 defi-

110 1416 226 1457 nivit:
261 1427 323 1458 est
367 1424 621 1473 praeccplzmi
655 1430 730 1459 etc.
769 1418 834 1459 De
871 1417 950 1459 hoc
1002 1431 1142 1461 autem
1190 1421 1366 1462 nomine
1404 1429 1531 1477 priw-

109 1488 208 1543 cepti
241 1499 340 1529 nota
376 1503 473 1529 cum
508 1487 660 1530 eodem
685 1501 856 1530 auctore
880 1488 964 1545 (3),
986 1488 1087 1532 illud
1113 1506 1203 1532 esse
1228 1492 1526 1547 aequivocum.

118 1576 137 1598 «
169 1558 390 1601 Interdum
425 1560 538 1602 enim
575 1559 780 1616 significat
815 1562 932 1618 quasi
963 1577 1085 1615 genus
1126 1578 1329 1604 commum
1362 1563 1412 1605 ad
1446 1579 1524 1605 ne-

109 1629 301 1686 gativum
335 1643 376 1672 et
408 1629 712 1673 affirmativum
763 1645 1050 1688 praeceptum,
1084 1633 1307 1690 quomodo
1342 1634 1528 1677 diximus

109 1701 149 1742 in
185 1691 432 1744 definitione
479 1701 599 1758 legis,
633 1717 710 1745 csse
752 1711 1013 1760 praecaptum
1061 1720 1265 1747 commune
1315 1718 1406 1749 etc.:
1457 1705 1527 1748 ali-

108 1772 280 1829 quando
312 1788 415 1816 vero
447 1774 667 1831 specialiter
700 1775 886 1816 sumitur
920 1790 997 1831 pro
1022 1774 1274 1819 affirmativo
1301 1790 1525 1835 praecepto

108 1856 149 1886 et
181 1844 239 1887 sic
272 1844 549 1902 distinguitur
583 1862 602 1887 a
637 1844 938 1902 prohibitione.
975 1862 993 1884 n

203 2016 259 2060 (1)
287 2016 337 2050 Ita
357 2016 468 2063 Gury,
489 2018 531 2052 de
552 2018 690 2063 legibus
709 2020 831 2052 statim
850 2019 891 2051 ab
913 2018 1026 2052 initio.
1043 2019 1203 2054 Adnotat
1221 2029 1341 2054 autem
1363 2021 1531 2055 Ballerini

107 2074 225 2120 legem
251 2073 374 2110 directe
402 2087 435 2111 et
476 2076 664 2111 immediata
692 2078 837 2112 tendere
872 2079 905 2111 in
944 2079 1081 2112 bonum
1121 2091 1329 2121 commune,
1371 2081 1527 2126 itemqun

106 2143 337 2179 praeceptum
364 2135 487 2170 directe
514 2146 546 2171 et
575 2137 764 2171 imnmdz‘ale
783 2137 956 2182 respicere
976 2139 1112 2171 bonum
1132 2140 1319 2183 privatum.
1340 2139 1435 2173 Nam
1458 2152 1527 2174 me-

104 2193 197 2227 diate
223 2200 258 2227 et
283 2195 444 2229 indirecte
472 2195 527 2230 lex
557 2197 597 2229 ad
628 2197 801 2241 privatum
822 2197 993 2242 cuiusque
1009 2198 1159 2237 bonum,
1181 2208 1415 2243 pracceptum
1437 2211 1522 2233 vero

105 2252 147 2286 ad
173 2253 311 2287 bonum
337 2265 532 2288 commune
561 2255 686 2289 tendit:
716 2265 888 2301 quatenus
908 2255 1071 2290 videlicet
1091 2266 1123 2291 et
1143 2268 1341 2290 commune
1360 2258 1525 2292 omnium

104 2313 243 2346 bonum
270 2313 304 2346 in
332 2314 469 2347 bonum
497 2315 672 2349 redundat
700 2315 926 2360 singulorum
955 2325 987 2349 ct
1016 2318 1207 2350 viceversa.
1230 2317 1333 2358 Quae
1361 2317 1521 2351 animad—

103 2371 220 2405 versio
247 2372 527 2418 applicationem
571 2374 687 2415 habet,
718 2384 752 2407 ut
780 2375 948 2416 vidimus,
993 2377 1025 2408 in
1061 2377 1270 2422 quaestione
1313 2377 1355 2410 de
1384 2380 1520 2419 merito,

103 2429 253 2477 aliisque
279 2431 594 2477 disputationibus.

207 2490 262 2533 (2)
289 2489 346 2525 Cf.
374 2491 515 2533 Suarez,
544 2492 586 2525 de
614 2491 681 2537 leg.
712 2491 733 2525 l.
766 2503 790 2525 1.
819 2504 849 2527 c.
879 2492 912 2527 6.
943 2506 974 2527 n.
1010 2503 1058 2535 15.

199 2549 379 2593 (3)1bid.
408 2560 437 2583 c.
470 2559 521 2592 15.
549 2561 583 2584 n.
609 2560 639 2592 4,
670 2549 885 2593 Cf.s.T11‚
921 2562 945 2585 ι.
975 2561 1004 2585 2.
1033 2564 1063 2598 q.
1092 2561 1147 2597 93.
1175 2565 1203 2586 a.
1234 2563 1262 2587 2.
1293 2553 1336 2586 ad
1369 2564 1396 2589 1.
