1734 2784
769 118 825 126 ..-
861 107 913 149 30
945 120 1003 125 .-

181 191 293 232 xime
326 202 471 231 natura
505 204 579 231 sua
611 187 857 243 destinetur,
899 202 1054 245 nempe
1101 198 1295 229 naturam
1343 185 1595 239 humanam,

184 261 232 304 ad
267 261 384 303 cuius
419 259 673 316 obsequium
708 257 895 301 mundus
929 259 1008 301 iste
1042 273 1274 315 corporeus
1308 273 1406 300 cum
1440 259 1589 301 omni—

183 332 261 375 bus
294 331 417 375 rebus
451 330 760 389 corporalibus,
795 345 901 386 quae
934 329 1027 386 ipso
1062 330 1348 386 continentur,
1377 323 1589 372 ‘conditus

184 417 245 447 est
277 421 317 448 ».

308 489 370 530 13.
406 476 655 518 Senomou.
690 474 751 516 Ex
784 472 905 515 dictis
939 484 1110 530 apparet
1153 472 1260 514 inter
1292 473 1484 515 animum
1518 472 1599 516 hu-

187 562 362 590 manum
397 559 437 590 et
470 548 613 589 Deum
647 545 831 601 aliquam
854 543 1115 587 intercedere
1133 546 1451 602 proportionem,
1477 560 1597 588 nem-

187 636 238 677 pe
271 619 436 662 ordinis,
471 616 640 674 Duplex
673 617 877 658 nimirum
913 615 1191 672 distinguitur
1223 618 1467 674 proportio,
1500 631 1596 660 rea-

189 692 315 734 litolis
349 702 387 733 et
421 690 585 733 ordinis.
620 689 850 746 Proportio
893 688 1091 731 realitatz's
1124 700 1188 731 est
1235 687 1475 746 multiplex:
1525 689 1600 733 alia

188 764 472 820 ιμιιῑιιίῐΐαῑαυι,
510 760 587 803 alia
619 769 792 803 naturae.
821 760 1116 818 perfectionem,
1151 759 1227 803 alia
1259 760 1496 819 qualitatem
1529 777 1599 805 re-

188 835 325 892 spicit.
359 835 551 876 Iamvero
584 833 694 874 inter
726 832 916 874 animum
950 830 1189 874 humanum
1232 844 1273 875 et
1316 833 1462 876 Deum
1509 849 1599 878 non

189 918 251 950 est
286 904 511 963 proportio
534 902 772 946 secundum
795 904 1079 960 qu.·zntitatem,
1103 903 1201 960 quia
1224 904 1390 947 animus
1416 916 1456 947 et
1478 906 1598 948 Deus

190 993 211 1020 a
243 977 484 1035 quantitatis
517 987 663 1018 natura
695 973 947 1030 longissime
972 974 1142 1017 distant:
1168 990 1305 1032 neque
1328 987 1391 1018 est
1415 990 1603 1034 propor-

189 1050 250 1092 tio
284 1046 519 1091 secundum
554 1054 730 1089 naturae
757 1045 1051 1103 perfectionem,
1086 1046 1183 1103 qnia
1204 1047 1312 1089 inter
1335 1061 1408 1090 ens
1431 1045 1604 1091 finitum

192 1121 231 1162 in
266 1118 524 1176 perfectione
557 1129 597 1159 et
630 1131 702 1160 ens
738 1115 952 1159 infinitum
976 1115 1090 1159 nulla
1112 1128 1174 1159 est
1198 1117 1438 1175 proportio.
1465 1117 1601 1171 Quod

191 1193 336 1235 attinet
368 1189 418 1233 ad
451 1189 782 1246 proportionem
815 1187 1052 1231 secundum
1096 1189 1315 1246 qualitates
1355 1206 1375 1230 «
1408 1189 1524 1246 haec,
1557 1201 1604 1232 ut

192 1264 248 1306 ait
282 1261 487 1305 Solimani
521 1261 595 1317 (1),
629 1260 782 1318 partim
816 1258 945 1312 abest,
993 1261 1147 1317 partim
1194 1274 1296 1303 vero
1331 1259 1462 1304 adest:
1506 1273 1606 1303 sunt

194 1335 307 1377 enim
342 1333 479 1389 dotes,
513 1348 619 1390 quae
667 1332 792 1374 unius
841 1332 922 1374 Dei
971 1343 1070 1373 sunt
1113 1332 1325 1390 propriae,
1361 1331 1604 1376 cuiusmodi

195 1418 258 1449 est
289 1404 496 1448 existendi
524 1404 751 1447 necessitas
775 1416 846 1446 aut
878 1403 1158 1459 immensitas,
1181 1415 1338 1446 suntet
1357 1402 1477 1446 dotes
1496 1418 1603 1461 quae

196 1478 291 1520 Deo
324 1475 575 1532 hominique
608 1474 745 1532 aliqua
778 1475 941 1518 ratione
975 1488 1229 1518 communes
1273 1475 1429 1517 merito
1454 1473 1608 1518 haben-

198 1562 280 1603 tur,
316 1546 559 1591 cuiusmodi
607 1560 669 1590 est
711 1546 987 1603 intelligentia
1029 1560 1101 1590 aut
1141 1547 1351 1601 voluntas;
1400 1559 1609 1605 quantum

204 1619 253 1663 ad
286 1619 373 1663 illas
406 1618 520 1662 nulla
551 1618 687 1676 plane,
721 1630 931 1676 quantum
954 1617 1005 1662 ad
1030 1617 1102 1661 has
1126 1617 1263 1676 aliqua
1286 1618 1476 1662 hominis
1501 1619 1611 1662 Dei-

199 1707 280 1749 que
312 1690 392 1733 late
426 1702 590 1747 accepta
623 1690 846 1747 proportio
879 1688 1045 1733 admitti
1078 1702 1256 1747 potest»
1297 1706 1452 1748 nempe
1485 1704 1608 1748 pror-

199 1777 270 1804 sus
304 1760 532 1818 analogica.
569 1760 702 1814 Quod
736 1773 878 1804 autem
911 1772 1072 1817 spectat
1099 1759 1149 1803 ad
1173 1762 1500 1819 proportionem
1533 1776 1610 1804 or-

201 1832 326 1883 dinis,
361 1832 462 1875 haec
495 1845 557 1874 est
591 1831 672 1883 illa,
708 1848 815 1889 quae
853 1831 1073 1875 intercedit
1121 1832 1233 1875 inter
1280 1830 1524 1875 facultatem
1576 1843 1616 1875 et

204 1904 292 1946 eius
326 1902 555 1946 obiectum:
590 1902 840 1946 huiusmodi
889 1914 1033 1946 autem
1081 1901 1246 1946 ordinis
1281 1903 1505 1959 proportio
1548 1903 1613 1946 in-

202 1973 380 2017 tercedit
410 1974 518 2016 inter
550 1973 781 2016 nobiliores
829 1973 1020 2017 hominis
1070 1973 1302 2028 facultates,
1350 1972 1614 2016 intellectum

203 2056 243 2087 et
275 2043 559 2096 voluntatem,
594 2060 640 2087 ac
672 2045 829 2089 Deum.

323 2116 507 2172 Ergone,
540 2131 728 2172 quaere5‚
763 2132 883 2159 mens
917 2117 1102 2160 humana
1135 2128 1198 2160 est
1230 2114 1420 2159 infinita?
1453 2139 1511 2149 —
1533 2116 1619 2159 Di-

300 2312 348 2356 (1)
377 2311 468 2346 Phil.
496 2322 587 2345 mor.
615 2312 764 2347 institut.
788 2312 860 2346 vol.
880 2313 921 2347 11.
951 2324 1030 2359 pag.
1053 2313 1129 2348 218.
1160 2312 1215 2348 Cf.
1235 2312 1330 2347 aliud
1358 2311 1518 2347 eiu3dem
1537 2311 1612 2345 Au-

209 2372 316 2405 ctoris
352 2381 458 2416 opuS,
499 2369 659 2416 Filosofia
685 2370 719 2404 di
758 2371 920 2405 Giacomo
947 2371 1118 2419 Leopardi
1155 2371 1304 2406 raccolta
1342 2383 1356 2405 e
1394 2371 1617 2411 disaminata,

209 2437 282 2476 rap.
308 2429 374 2465 ΙΙΙ.
402 2429 524 2464 l'uomo
551 2430 797 2471 nell'univerw,
821 2431 881 2464 ubi
908 2441 968 2464 eos
997 2430 1137 2473 refellit,
1165 2431 1223 2478 qui
1251 2431 1343 2465 hanc
1370 2438 1504 2476 negant
1531 2430 1614 2463 irri-

210 2489 363 2535 dentque
396 2490 600 2531 veritatem,
641 2488 829 2523 hominem
855 2500 972 2524 rerum
1008 2490 1134 2524 harum
1162 2490 1354 2524 visibilium
1387 2500 1463 2523 esse
1502 2488 1612 2523 finem

211 2548 431 2594 proximum,
462 2548 560 2582 cuius
586 2548 702 2593 gratia
728 2556 820 2582 sunt.
