1734 2784
159 189 366 221 commune
390 198 449 206 --·
467 173 640 232 quando
663 176 970 229 communitas,
995 176 1061 219 cui
1095 187 1370 234 praeceptum
1393 176 1590 234 imponi-

160 260 244 301 tur,
265 258 329 290 est
354 246 534 305 perfecta
552 270 608 279 -
628 258 669 290 et
701 246 873 305 quando
896 248 948 303 is,
973 248 1044 306 qui
1077 259 1350 305 praeceptum
1384 249 1590 307 imponit,

159 329 226 362 est
258 308 474 376 praeditus
507 326 694 375 suprema
720 318 919 377 plenaque
949 318 1226 362 iurisdictione.
1269 320 1312 362 in
1359 319 1591 377 perfectam

160 388 278 432 illam
311 389 684 432 communitatem.
721 389 767 433 Si
802 389 906 447 quid
937 406 988 433 ex
1020 390 1086 433 his
1122 403 1308 448 quatuor
1340 390 1462 449 desit,
1501 407 1591 435 non

159 459 337 504 habetur
368 461 434 503 lex
465 460 548 504 nisi
593 475 722 503 sensu
772 462 906 504 minus
936 463 1104 519 proprio
1149 464 1365 520 minusque
1402 463 1590 521 perfecto:

160 531 350 575 habetur
371 531 643 585 mandatum,
669 531 874 586 edictum,
899 545 1125 586 statutum,
1151 534 1301 590 iussio,
1324 535 1587 591 particularis

160 602 385 660 applicatio
419 601 525 660 legis
560 605 705 661 potius
739 619 867 661 quam
900 604 977 648 lex.
1015 606 1113 647 Hoc
1145 605 1303 648 scilicet
1336 605 1429 663 Iegis
1463 622 1586 650 voca-

161 673 309 717 bulum
343 686 583 717 reservatur
615 675 665 717 iis
698 674 879 732 legitimi
924 677 1159 733 superioris
1204 676 1555 735 dispositionibus
1576 713 1587 734 ‚

159 745 214 789 de
245 745 400 803 quibus
434 758 618 803 quatuor
653 746 735 800 illa,
770 763 877 804 quae
911 747 1283 801 enumerabamus,
1319 748 1440 806 plene
1483 765 1586 807 per-

160 817 354 875 fecteque
388 816 593 861 obtinent.

278 891 408 933 Hisce
440 889 622 933 breviter
656 891 934 947 praestitutis,
984 906 1173 947 pronum
1222 891 1300 933 erit
1348 890 1584 948 intelligere

156 960 282 1004 verba
305 962 451 1004 omnia
474 974 514 1004 et
539 961 720 1018 singula,
740 961 894 1019 quibus
920 977 952 1004 s,
974 961 1172 1005 Thomas
1196 961 1267 1019 (1)
1290 961 1427 1018 legem
1448 971 1580 1020 presse

161 1044 379 1090 sumptam
415 1032 574 1086 definit,
609 1048 802 1090 quaeque
837 1033 878 1075 in
927 1033 1016 1090 ipsa
1066 1032 1235 1075 theseos
1283 1033 1584 1076 enunciatione

160 1104 404 1161 posuimus,

277 1175 447 1218 Dicitur
486 1175 564 1232 1.⁰)
597 1174 811 1218 ordinatio.
843 1199 898 1207 —
923 1173 1258 1218 Ordinationem
1308 1186 1481 1231 oportet
1514 1175 1584 1217 hic

158 1245 393 1302 intelligere
425 1245 569 1298 talem,
603 1261 710 1303 quae
742 1262 831 1288 non
866 1245 998 1288 modo
1033 1247 1085 1287 sit
1121 1245 1316 1288 directiva
1348 1257 1388 1287 et
1424 1245 1582 1289 illumi-

156 1319 320 1369 nativa,
356 1317 430 1360 sed
464 1318 591 1360 etiam
628 1317 853 1374 impulsiva
888 1329 927 1359 et
961 1316 1183 1373 ohligafiva
1217 1316 1267 1359 ad
1300 1316 1458 1374 aliquid
1499 1333 1583 1374 po-

158 1388 349 1431 nendum
382 1387 450 1431 vel
483 1388 788 1431 omittendum.
827 1388 997 1432 Omnes
1032 1389 1147 1430 enim
1182 1387 1412 1430 admittunt
1437 1387 1583 1430 discri-

157 1475 259 1503 men
292 1475 384 1502 esse
417 1460 526 1502 inter
558 1459 803 1517 simplicem
838 1458 1029 1515 regulam
1065 1471 1104 1500 et
1149 1457 1317 1514 legem,
1353 1457 1584 1501 discrimen

155 1543 301 1574 autem
336 1531 570 1574 consistere
605 1531 647 1572 in
682 1530 779 1585 hoc,
817 1529 932 1587 quod
968 1529 1149 1586 simplex
1196 1528 1342 1585 regula
1389 1542 1583 1572 tantum—

157 1601 292 1644 modo
328 1601 473 1659 dirigit
505 1617 578 1644 seu
614 1601 843 1653 illuminat,
879 1600 942 1644 lex
976 1615 1077 1643 vero
1111 1615 1198 1643 non
1233 1600 1374 1643 30111111
1398 1599 1440 1642 id
1463 1615 1580 1657 prae-

158 1685 254 1731 stat,
272 1672 347 1716 sed
379 1674 553 1730 insuper
587 1674 714 1716 etiam
750 1671 881 1729 adigit
913 1688 988 1715 seu
1024 1670 1194 1728 obligat:
1231 1670 1336 1714 adeo
1362 1683 1406 1713 ut
1439 1671 1583 1727 regula

158 1743 280 1786 latius
314 1755 451 1801 pateat
485 1759 612 1801 quam
638 1743 721 1796 lex,
748 1756 788 1786 et
821 1743 962 1785 omnis
997 1742 1170 1799 quidem
1205 1741 1270 1785 lex
1303 1743 1356 1784 sit
1375 1742 1582 1799 quaedam

157 1814 303 1872 regula
324 1830 398 1858 seu
423 1830 625 1858 mensura
656 1814 723 1857 vel
748 1830 915 1867 norma,
936 1829 1022 1857 non
1057 1826 1198 1857 autem
1222 1813 1413 1856 vicissim
1439 1815 1580 1856 omnis

156 1885 302 1943 regula
333 1888 387 1928 sit
419 1885 498 1930 lex.
534 1888 635 1930 Duo
670 1887 797 1942 igitur
820 1898 918 1929 sunt
953 1886 1177 1943 potissima
1202 1885 1305 1941 legis
1331 1884 1469 1927 officia
1506 1902 1580 1928 seu

156 1973 349 2011 munera,
399 1958 565 2015 dirigere,
611 1971 650 2001 61
685 1958 859 2015 obligare
892 1957 974 2015 (2).

254 2131 311 2175 (ι’)
341 2130 479 2164 Ibidem
507 2142 567 2176 per
592 2139 707 2164 totzun
751 2129 1012 2176 quaestionem,
1042 2130 1076 2162 in
1118 2140 1183 2174 qua
1212 2137 1365 2174 quatuor
1405 2128 1582 2162 distinctis

157 2189 317 2223 articulis
346 2190 492 2236 inquirit
510 2209 526 2214 -
547 2199 664 2223 utrum
693 2189 748 2223 lex
776 2189 818 2221 sit
846 2188 978 2234 aliquid
1007 2189 1154 2222 rationis
1175 2208 1191 2212 -
1211 2197 1330 2221 utrum
1359 2186 1415 2220 lex
1443 2187 1583 2220 ordine-

156 2256 214 2282 tur
239 2260 383 2294 semper
408 2252 445 2283 in
472 2250 608 2283 bonum
637 2260 833 2282 commune
853 2268 871 2273 -
892 2257 1010 2282 utrum
1040 2248 1130 2281 ratio
1160 2246 1348 2281 cuiuslibet
1383 2247 1425 2279 sit
1453 2245 1583 2280 factiva

157 2307 249 2353 legis
267 2327 285 2332 -
309 2317 428 2342 utrum
454 2309 700 2354 promulgatio
726 2308 770 2342 sit
810 2308 852 2341 de
878 2308 1018 2342 ratione
1058 2308 1155 2351 legis.
1191 2307 1291 2339 Hanc
1331 2305 1584 2340 definitionem

159 2367 234 2401 iure
265 2368 467 2414 meritoque
493 2367 632 2402 extollit
661 2366 812 2407 Balmes,
840 2367 907 2401 loc.
938 2367 995 2401 cit.

259 2427 316 2471 (2)
346 2427 398 2461 Ex
423 2428 530 2461 variis
557 2427 688 2473 linguis
716 2427 805 2460 aliae
833 2439 875 2460 ex
903 2427 1019 2471 primo
1047 2425 1166 2459 0111610
1196 2423 1370 2470 dirigendi
1411 2422 1580 2458 denomi-

163 2494 250 2520 nant
278 2486 410 2532 legem,
438 2487 528 2522 aliae
567 2499 609 2521 ex
636 2486 748 2521 altero
787 2486 907 2520 officio
937 2486 1132 2531 obligandi.
1160 2486 1198 2520 E.
1228 2496 1262 2528 g.
1291 2484 1325 2518 in
1354 2483 1477 2529 lingua
1505 2484 1581 2518 He-

169 2544 288 2581 braica
314 2545 371 2581 lex
399 2546 526 2582 dicitur
551 2547 673 2582 Thora
703 2547 829 2592 ³5²5:
862 2545 948 2578 idest
980 2544 1160 2578 institutio
1189 2555 1248 2578 seu
1291 2543 1464 2585 doctrina,
1495 2543 1582 2576 dum

754 2600 767 2612 τ
