1734 2784
781 44 1044 96 -255-

206 138 414 179 rationem
448 136 552 193 legis
586 148 791 192 aeternae,
824 134 1061 178 secundum
1086 135 1201 192 quod
1224 152 1243 178 a
1267 137 1362 180 Deo
1392 136 1617 180 ordinatur

204 208 255 251 ad
278 208 631 265 gubernationem
656 223 797 250 rerum
822 206 870 250 ab
894 207 987 264 ipso
1022 208 1439 264 praecognitarum.»
1469 209 1617 252 -In-

204 281 331 324 stabis
365 279 621 338 quaerendo,
655 295 837 337 quanam
873 280 1050 333 ratione,
1090 280 1125 322 si
1159 292 1372 323 creaturae
1420 280 1615 324 nondum

203 365 297 395 actu
330 353 529 407 existunt,
562 366 629 393 eas
663 351 727 393 lex
759 362 927 393 aeterna
970 349 1159 407 obliget?
1193 350 1451 408 Respondeo
1474 351 1615 407 legem

205 424 309 466 lianc
342 438 429 466 non
463 422 651 479 obligare
684 421 732 464 ab
765 434 953 475 aeterno,
985 421 1058 464 sed
1100 423 1141 464 'm
1189 435 1414 480 tempore,
1463 421 1615 466 habere

203 507 345 537 tamen
365 494 413 537 ab
429 506 601 537 aeterno
624 494 710 535 vim
735 492 1023 550 obligativam‚
1057 509 1184 550 quam
1219 495 1484 551 persentiunt
1506 509 1617 536 crea-

203 579 321 609 turae
355 565 418 608 vel
452 566 572 607 cuius
606 564 801 607 effectum
836 565 1046 621 recipiunt
1079 565 1220 607 statim
1254 580 1300 608 ac
1333 566 1374 608 in
1422 566 1610 608 existen-

203 638 306 679 tiam
339 636 527 679 veniunt‚
561 633 628 678 Ad
662 650 750 677 rem
785 635 938 678 Suarez
971 634 1069 693 (1):
1101 634 1416 679 «Providentia
1448 648 1615 679 aeterna

203 720 283 760 est,
319 719 358 749 et
392 722 480 749 non
514 705 560 748 ab
595 718 769 748 aeterno
812 705 1046 762 gubernat,
1095 707 1191 763 quia
1238 706 1472 763 gubernare
1515 705 1616 749 dicit

202 780 415 822 actionem
448 789 737 820 transeuntem
773 779 880 820 circa
913 790 1119 820 creaturas
1153 790 1244 820 actu
1280 779 1535 832 existentes3
1560 779 1615 820 ita

202 867 306 907 ergo
339 850 404 893 lex
429 862 592 892 aeterna
616 848 662 890 ab
687 862 858 891 aeterno
883 850 1074 906 ponitur,
1100 864 1183 891 non
1210 862 1351 892 tamen
1373 848 1421 892 ab
1446 862 1615 892 aeterno

202 922 374 978 obligat,
408 920 481 963 sed
514 922 556 963 in
603 933 810 976 tempore,
849 921 946 977 quia
994 918 1180 976 obligare
1219 920 1320 962 dicit
1369 932 1610 978 respectum

202 995 252 1037 ad
277 1006 485 1037 creaturas
509 1005 600 1035 actu
625 992 865 1035 existentes,
888 1010 909 1031 »
932 992 1068 1035 Simili
1093 993 1255 1034 ratione
1278 991 1341 1034 sol
1365 1005 1426 1035 est
1444 1007 1613 1049 semper

203 1065 510 1108 illuminativus
545 1080 593 1106 ex
627 1078 718 1106 sese
753 1075 791 1105 et
814 1062 1095 1119 calefactivus‚
1128 1063 1348 1120 supposita
1381 1063 1507 1105 etiam
1530 1077 1616 1105 non

200 1137 421 1180 existentia
454 1148 768 1177 creaturarum:
804 1133 875 1175 has
911 1149 1056 1190 reapse
1090 1135 1317 1176 existentes
1366 1134 1431 1175 ille
1464 1134 1606 1176 statim

201 1209 290 1250 sine
323 1208 387 1249 sui
422 1205 679 1264 perfectione
711 1204 773 1247 vel
811 1206 1047 1248 mutatione
1081 1204 1290 1247 illuminat
1324 1218 1364 1247 et
1414 1205 1612 1249 calefacit.

321 1279 402 1337 2⁰)
437 1278 595 1322 Omnis
629 1276 692 1320 lex
727 1277 826 1319 dicit
860 1276 1055 1320 ordinem
1099 1277 1150 1320 ad
1192 1276 1335 1319 finem.
1384 1278 1515 1334 Atqui
1563 1276 1612 1320 ab

200 1364 372 1394 aeterno
404 1349 544 1392 nullus
577 1349 712 1392 extitit
744 1347 856 1401 finis,
882 1348 932 1390 ad
956 1364 1083 1405 quem
1116 1348 1181 1391 lex
1204 1347 1399 1391 ordinem
1426 1347 1613 1390 haberet.

200 1423 315 1478 Ergo
348 1421 396 1464 ab
430 1433 601 1464 aeterno
633 1419 745 1462 nulla
779 1419 855 1461 fuit
888 1419 964 1462 lex.
985 1444 1040 1451 —
1064 1418 1334 1476 Respondeo.
1369 1419 1477 1462 Dist.
1512 1419 1609 1462 mai.

201 1494 360 1538 Omnis
393 1492 458 1535 lex
490 1493 696 1548 importat
729 1490 924 1533 ordinem
959 1490 1009 1533 ad
1041 1489 1170 1532 finem
1204 1493 1344 1543 active,
1378 1490 1403 1532 i.
1428 1505 1464 1533 e.
1498 1488 1612 1532 ordi—

198 1577 269 1608 nat
300 1564 437 1622 aliqua
469 1563 520 1605 ad
552 1561 681 1605 finem
713 1578 832 1615 conc„
862 1563 1037 1619 passive,
1074 1561 1156 1604 hoc
1188 1576 1315 1604 sensu
1363 1559 1480 1618 quod
1521 1561 1611 1618 ipsa

198 1637 261 1680 lex
295 1636 517 1679 ordinetur
549 1635 592 1677 in
625 1633 754 1677 finem
789 1649 973 1691 eumque
1007 1634 1295 1676 extrinsecum
1327 1633 1408 1690 ipsi
1439 1630 1613 1688 legisla-

198 1707 277 1751 teri
309 1706 438 1760 subd„
465 1715 537 1764 per
567 1720 604 1748 se
637 1704 679 1748 id
713 1704 890 1757 obtinet,
926 1702 977 1746 de
1010 1718 1287 1761 quocumque
1329 1702 1610 1759 gubernatore

199 1793 342 1820 sermo
374 1779 443 1829 sit,
468 1777 596 1820 etiarn
619 1775 670 1819 de
702 1775 984 1833 gubernatore
1018 1773 1163 1817 divino
1196 1786 1237 1816 et
1260 1788 1464 1831 supremo
1492 1787 1603 1829 nego,

194 1858 266 1907 per
296 1849 475 1892 accidens
507 1849 550 1890 in
584 1836 868 1905 gubernatore
901 1835 1104 1901 humano,
1138 1846 1256 1888 cuius
1291 1860 1441 1888 omnes
1473 1857 1605 1898 actus,

200 1922 326 1964 etiam
360 1921 489 1977 leges,
509 1919 653 1963 referri
687 1919 839 1963 debent
872 1919 922 1962 ad
955 1918 1083 1961 finem
1119 1919 1154 1960 ei
1187 1918 1475 1960 extrinsecum
1506 1930 1610 1959 conc.

200 1992 307 2036 Dist.
346 1994 439 2036 min.
474 1992 537 2035 Ab
561 2005 731 2036 aeterno
756 1991 921 2034 nullum
945 2004 1038 2034 actu
1063 1991 1199 2034 extitit
1221 1989 1383 2032 bonum
1409 2000 1611 2043 creatum,

297 2217 351 2260 (1)
379 2215 432 2249 De
458 2214 528 2260 leg.
555 2213 577 2247 1.
616 2213 659 2247 11.
685 2224 761 2257 cap.
800 2223 831 2254 4.
859 2223 957 2246 num.
985 2222 1014 2245 2.
1054 2212 1095 2246 Et
1124 2223 1222 2245 num.
1255 2221 1305 2244 10.
1341 2209 1451 2244 addit:
1496 2209 1602 2244 «Lex

200 2283 342 2309 aeterna
368 2272 527 2318 praecise
553 2280 711 2317 spectata
738 2280 774 2304 ut
802 2279 943 2305 aeterna
971 2279 1035 2312 est,
1063 2281 1136 2304 non
1176 2277 1292 2313 potest
1329 2268 1399 2302 dici
1426 2267 1603 2313 obligare,

200 2331 260 2365 scd
286 2332 355 2365 dici
382 2331 512 2377 poterit
538 2329 735 2376 obligativa
763 2331 818 2373 (ut
844 2330 893 2362 sic
933 2341 986 2363 res
1013 2328 1226 2373 explicetur)
1258 2338 1319 2361 seu
1357 2326 1398 2360 de
1427 2337 1464 2360 se
1500 2323 1601 2359 suffi-

199 2392 296 2425 ciens
323 2391 365 2425 ad
392 2389 642 2436 obligandum.
668 2390 774 2424 Ratio
803 2398 853 2424 est
882 2390 963 2435 quia
989 2389 1046 2423 lex
1065 2399 1139 2422 non
1166 2396 1285 2433 potest
1311 2395 1392 2421 actu
1431 2384 1603 2430 obligare,

198 2449 267 2483 nisi
292 2451 336 2484 sit
363 2450 506 2484 exterius
531 2449 774 2495 promulgata;
802 2449 858 2483 lex
884 2457 1004 2482 autem
1031 2456 1185 2489 aeterna,
1200 2456 1237 2481 ut
1263 2446 1414 2487 sic‚non
1441 2452 1492 2478 est
1535 2455 1601 2477 ex-

198 2507 308 2543 terius
333 2508 576 2555 promulgata,
603 2519 736 2555 ergo.»

1708 111 1709 114 ⁴
1706 31 1723 82 „⁴⁵3-
