1734 2784
158 210 434 256 reddendum
466 225 559 254 esse
590 209 852 268 depositum,
886 209 964 254 hae
1014 227 1069 254 ex
1101 223 1248 255 natura
1285 211 1345 256 rei
1377 211 1588 257 subintel-

157 283 356 341 iiguntur
387 281 697 335 restrictiones,
734 282 814 324 nisi
848 281 961 325 aliud
992 284 1136 340 exigat
1169 284 1314 327 caritas
1351 300 1450 343 erga
1481 301 1588 344 pro-

160 356 350 411 ximum,
382 366 453 397 aut
483 353 566 396 nisi
598 353 832 396 intercedat
865 354 1017 397 iniuria
1049 355 1162 398 tertii
1193 367 1269 400 etc.

286 426 384 470 VII.
418 425 566 479 Aiunt,
586 423 741 468 eodem
760 423 896 468 modo
916 441 959 468 se
991 425 1146 470 habere
1171 427 1368 470 ordinem
1382 428 1592 487 physicum

159 513 212 541 ‚ac
245 497 444 540 ordinem
477 496 702 540 moralem:
737 508 783 539 ut
820 512 923 554 ergo
957 499 1113 541 mutari
1151 510 1291 556 potest
1334 499 1442 543 ordo
1475 500 1591 558 phy-

160 570 296 626 sicus,
329 569 389 611 sic
423 568 549 611 etiam
581 568 690 611 ordo
725 569 913 612 moralis.
940 569 1077 622 Quod
1104 571 1138 612 si
1162 585 1292 627 neges
1322 572 1589 628 antecedens,

161 639 348 699 probant
381 655 431 682 ex
463 655 530 697 eo,
565 638 681 698 quod
715 639 828 683 idem
863 641 915 683 sit
964 653 1111 684 auctor
1159 643 1384 700 utriusque
1426 644 1590 688 ordinis

160 713 304 765 Deus,
336 711 402 755 vel
435 727 486 755 ex
518 728 569 755 eo
604 711 720 770 quod
754 725 933 771 uterque
966 712 1072 756 ordo
1096 728 1117 755 a
1140 714 1220 757 Dei
1254 715 1471 759 voluntate
1507 716 1586 760 de-

159 783 618 842 pendeat.—Verum
652 785 877 841 responsio
901 797 964 827 est
998 784 1231 828 manifesta.
1256 786 1374 828 Deus
1409 786 1585 844 quidem

158 868 228 898 est
249 867 396 898 auctor
413 855 636 912 utriusque
659 854 836 908 ordinis,
860 854 935 898 sed
957 870 1042 898 non
1069 855 1199 898 rodem
1218 856 1345 900 modo.
1368 856 1585 901 Ordinem

164 927 279 969 enim
312 925 543 984 physicum
588 925 719 979 libere,
753 926 960 969 moralem
1010 928 1224 970 necessario
1272 928 1485 972 instituit:
1520 928 1588 973 ille

166 997 376 1056 dependet
409 1014 431 1040 a
463 997 680 1040 voluntate
714 998 794 1040 Dei
829 997 970 1054 libera,
1004 997 1072 1040 hic
1106 1014 1126 1039 a
1159 997 1378 1042 voluntate
1399 1000 1481 1042 Dei
1516 1016 1590 1044 ne-

158 1071 347 1114 cessaria.
384 1070 484 1122 Qua
517 1069 559 1111 in
594 1084 636 1111 re
672 1068 773 1112 illud
807 1069 920 1111 iuvat
953 1068 1104 1112 addere
1153 1086 1202 1112 ex
1238 1071 1439 1113 Suaresio
1483 1071 1589 1130 (1),

166 1157 258 1184 esse
291 1141 621 1198 proportionem
656 1141 764 1182 inter
799 1141 1135 1198 propositiones,
1169 1157 1276 1198 quae
1319 1142 1360 1183 in
1395 1143 1588 1185 scientiis

162 1212 356 1271 physicis
390 1224 635 1255 statuuntur
669 1211 719 1254 de
753 1211 903 1255 ordine
942 1212 1136 1270 physico,
1169 1225 1208 1255 et
1243 1213 1361 1270 illas,
1395 1230 1500 1271 quae
1544 1216 1587 1258 in

165 1284 343 1326 scientia
389 1282 540 1326 morali
589 1282 857 1325 stabiliuntur
906 1283 957 1326 de
1005 1283 1154 1327 ordine
1208 1284 1375 1328 morali.
1427 1286 1590 1330 «Nam

164 1355 489 1412 propositiones
522 1353 740 1412 physicae,
776 1354 872 1397 licet
906 1353 1096 1397 dicantur
1131 1354 1345 1398 interdum
1395 1355 1590 1410 deficere,

162 1439 325 1485 tamen,
342 1439 388 1468 ut
413 1425 710 1469 conclusiones
734 1426 987 1469 scientificae
1012 1439 1122 1483 sunt,
1146 1443 1234 1469 non
1259 1426 1477 1484 deficiunt,
1497 1429 1594 1486 quia

165 1510 214 1540 ut
248 1498 306 1541 sic
328 1512 416 1541 non
437 1497 629 1541 absolute
653 1497 905 1555 inferuntur,
924 1498 997 1541 sed
1021 1514 1118 1540 cum
1143 1497 1412 1553 limitatione,
1438 1500 1587 1558 utique

163 1585 190 1611 a
222 1568 374 1612 talibus
409 1569 544 1612 causis
578 1569 661 1612 hoc
695 1570 934 1625 provenire,
977 1569 1058 1611 nisi
1108 1569 1408 1626 impediantur.
1445 1570 1497 1613 Et
1531 1571 1591 1613 sic

162 1642 296 1685 etiam
343 1642 386 1684 in
435 1641 644 1699 praesenti
695 1639 883 1683 naturale
930 1653 1205 1697 praeceptum
1255 1655 1342 1683 non
1396 1640 1590 1684 absolute

166 1713 373 1770 praecipit
406 1713 449 1755 in
481 1711 551 1755 tali
575 1712 763 1767 materia,
786 1728 823 1753 V.
845 1727 884 1767 g.
921 1710 1184 1754 reddendum
1210 1727 1302 1754 esse
1326 1711 1594 1770 depositum,

163 1783 242 1827 sed
260 1782 562 1827 subintellectis
581 1782 734 1826 debitis
760 1784 1148 1837 circumstantiis»,
1169 1784 1210 1825 in
1244 1782 1396 1840 quibus
1420 1795 1587 1826 tantum

162 1867 209 1898 et
242 1854 320 1898 sub
353 1854 506 1912 quibus
541 1867 639 1898 sunt
673 1853 890 1896 obiectum
924 1853 1124 1896 naturalis
1158 1855 1381 1911 praecepti.

287 1927 405 1970 VIII.
441 1927 503 1969 Ex
536 1926 600 1968 his
636 1925 861 1968 solvuntui¹
896 1924 1178 1978 difficultates,
1199 1941 1306 1983 quae
1330 1927 1416 1983 peti
1450 1925 1593 1969 solent

167 2014 223 2041 -ex
266 1999 392 2042 Sacra
436 1999 668 2056 Scriptura,
703 1997 951 2054 praesertim
985 2012 1086 2040 vero
1121 2012 1170 2039 ex
1204 2009 1430 2055 praecepto
1474 1997 1591 2055 quod

169 2069 290 2112 Deus
322 2069 417 2112 tulit
451 2068 714 2124 Abrahamo,
748 2067 1002 2110 immolandi
1036 2066 1171 2110 filium
1203 2084 1331 2110 suum
1364 2068 1479 2111 Isaac
1507 2067 1596 2126 (2),

170 2152 209 2184 et
242 2156 292 2183 ex
325 2140 535 2196 facultate,
569 2156 697 2198 quam
732 2140 848 2181 Deus
882 2138 977 2181 filiis
1023 2139 1150 2182 Israel
1199 2139 1327 2192 fecit,
1380 2138 1591 2197 spoliandi

168 2213 408 2270 Aegyptios
443 2212 527 2270 (3).
562 2237 618 2245 —
653 2211 813 2264 Quoad
849 2212 1036 2267 primum
1086 2210 1261 2267 factum,
1312 2211 1417 2254 «lex
1465 2222 1595 2254 natu-

265 2433 322 2477 (1)
350 2432 388 2466 L.
409 2444 436 2467 c.
458 2444 490 2466 n.
505 2444 536 2478 9.
553 2432 647 2466 Nota
668 2443 736 2465 nos
757 2432 854 2478 loqui
882 2433 924 2465 de
954 2432 1082 2465 ordine
1099 2431 1250 2476 physico,
1267 2441 1340 2464 non
1360 2430 1601 2477 metaphysiw.

265 2493 322 2537 (2)
352 2492 443 2527 Gen.
474 2492 588 2527 XXII.

265 2552 324 2597 (3)
354 2552 464 2587 Exod.
485 2552 564 2586 XII.
