1734 2784
98 183 165 226 cui
188 180 255 225 lex
271 192 438 224 aeterna
461 178 728 223 ordinaretur
761 193 883 231 conc„
907 193 997 220 non
1021 177 1159 220 extitit
1181 177 1326 235 ipsum
1350 177 1522 220 Bonum

97 254 350 304 increatum,
376 251 444 294 cui
476 265 551 308 per
583 248 724 307 legem
748 261 965 292 aeternam
988 262 1140 291 omnes
1167 260 1379 291 creaturae
1413 264 1435 291 e
1457 249 1524 291 ni-

97 323 186 367 hilo
210 321 452 367 educendae
475 320 773 365 ordinarentur
796 335 910 378 nego.
928 320 988 363 Ut
1006 319 1146 377 inquit
1168 334 1200 361 3.
1221 318 1418 363 Thomas
1437 319 1527 379 (1),

105 414 125 437 α
145 394 213 438 lex
234 396 440 452 importat
463 392 659 436 ordinem
684 392 735 436 ad
758 391 889 435 finem
914 392 1054 444 active,
1078 391 1336 448 inquantum
1364 391 1526 435 scilicet

98 481 173 524 per
207 481 300 508 eam
334 464 584 508 ordinantur
622 463 758 521 aliqua
802 464 846 506 in
877 461 1022 515 finem,
1056 476 1144 504 non
1175 473 1320 504 autem
1349 464 1524 520 passive,

99 537 209 580 idest
232 536 350 594 quod
383 536 472 593 ipsa
505 534 573 578 lex
606 533 828 577 ordinetur
849 535 892 576 in
915 532 1061 590 finem,
1081 533 1160 576 nisi
1178 541 1251 591 per
1271 533 1451 577 accidens
1483 535 1528 577 in

100 607 377 665 gubernante,
412 607 531 649 cuius
566 605 756 656 finisest
805 613 920 649 extra
966 607 1111 662 ipsum,
1144 604 1195 647 ad
1235 620 1365 662 quem
1399 606 1527 649 etiam

100 695 274 723 necesse
307 691 389 731 est,
424 690 470 721 ut
503 678 592 735 ipsa
626 677 691 720 lex
724 677 960 720 ordinetur.
995 675 1078 720 Sed
1110 675 1205 718 finis
1240 674 1406 720 divinae
1440 693 1528 734 gu-

100 750 360 794 bernationis
394 761 457 792 est
492 750 582 807 ipse
616 749 752 801 Deus,
789 763 864 791 nec
899 748 990 790 eius
1023 746 1090 790 lex
1113 760 1176 790 est
1209 746 1322 790 aliud
1344 746 1393 790 ab
1416 749 1526 805 ipso:

100 821 215 865 unde
248 820 314 864 lex
347 833 517 863 aeterna
549 835 636 862 non
671 819 892 862 ordinatur
927 820 969 861 in
1001 818 1131 861 alium
1164 817 1349 862 finem.»

223 893 383 936 Dicunt
419 891 499 949 3.⁰)
533 889 932 948 promulgationem
966 905 1057 932 esse
1092 888 1143 932 de
1192 891 1357 932 ratione
1406 889 1528 947 legiS.

107 965 237 1022 Atqui
272 962 562 1021 promulgatio
596 977 683 1004 non
718 962 859 1018 potuit
894 977 985 1004 esse
1018 960 1066 1004 ab
1102 973 1287 1005 aeterno:
1313 963 1409 1019 quia
1442 977 1530 1005 non

103 1047 189 1078 erat
223 1033 271 1077 ab
307 1046 480 1076 aeterno
513 1033 662 1089 aliquis
699 1033 764 1074 cui
798 1032 864 1074 lex
897 1031 1256 1089 promulgaretur.
1278 1033 1393 1090 Ergo
1418 1033 1532 1076 nulla

105 1106 226 1149 datur
249 1105 317 1148 lex
341 1117 519 1147 aeterna.
543 1131 602 1135 ——
625 1102 901 1160 Respondeo.
927 1104 991 1146 En
1009 1119 1041 1146 3.
1061 1102 1263 1146 Thomae
1297 1103 1531 1147 distinctio:

111 1196 130 1219 «
153 1178 243 1220 Lex
271 1188 439 1219 aeterna
462 1175 587 1218 habet
621 1174 1016 1232 promulgationem
1041 1191 1090 1217 ex
1106 1183 1224 1232 parte
1247 1175 1330 1218 Dei
1346 1176 1532 1233 promul-

99 1250 294 1307 ga7zlis....
329 1247 405 1290 sed
438 1263 485 1290 ex
516 1255 628 1305 parte
679 1255 887 1290 creaturae
934 1246 1135 1289 audientis
1176 1255 1250 1289 aut
1291 1247 1533 1304 inspicientis

103 1334 192 1363 non
225 1330 367 1376 potest
400 1334 491 1360 esse
541 1316 832 1375 promulgatio
878 1328 1046 1360 aeterna
1077 1334 1116 1361 >).
1156 1318 1282 1370 Quae
1314 1317 1441 1360 verba
1473 1319 1534 1361 sic

104 1390 328 1448 praeclare,
352 1401 398 1431 ut
421 1387 544 1446 solet,
562 1390 735 1446 exponit
756 1389 923 1431 Suarez:
947 1406 965 1428 <‹
988 1388 1051 1430 Ex
1071 1387 1264 1431 doctrina
1283 1404 1317 1432 3.
1332 1388 1534 1432 Thomae

104 1474 246 1520 aperte
282 1459 567 1516 concluditur,
600 1460 715 1502 iuxta
753 1471 942 1502 mentem
989 1460 1078 1502 eius
1113 1458 1164 1502 de
1197 1460 1361 1503 ratione
1404 1459 1534 1502 huius

104 1532 210 1590 legis
244 1543 436 1575 aeternae
470 1545 558 1573 non
591 1545 684 1572 esse
719 1529 1115 1587 promulgationem
1139 1541 1234 1572 actu
1257 1528 1410 1572 factam
1434 1529 1534 1572 sub-

107 1604 222 1658 ditis,
255 1602 330 1646 sed
368 1601 560 1645 sufficere
604 1614 650 1644 ut
683 1618 733 1644 ex
766 1614 883 1658 parte
924 1600 1176 1657 legislatoris
1220 1601 1305 1643 iam
1339 1602 1394 1643 sit
1428 1600 1536 1644 facta

106 1689 186 1734 pro
208 1689 289 1717 suo
312 1686 523 1732 tempore.
559 1674 610 1716 Et
645 1688 790 1715 revera
824 1672 937 1714 idem
974 1670 1056 1714 fuit
1088 1687 1239 1714 sensus
1275 1671 1464 1728 Alensis,
1496 1684 1537 1715 et

107 1745 216 1789 mihi
247 1745 416 1789 videtur
448 1760 611 1787 verum.
646 1743 859 1801 Addoque
893 1759 985 1786 esse
1010 1742 1224 1800 singulare
1257 1744 1302 1786 in
1334 1742 1403 1786 illa
1427 1742 1535 1801 lege.

106 1818 222 1863 Nam
256 1829 452 1860 censetur
485 1828 784 1859 consummata
817 1827 857 1857 et
892 1813 1077 1872 perfecta
1110 1830 1161 1857 eo
1193 1815 1304 1872 ipso,
1340 1814 1459 1873 quod
1492 1815 1536 1857 in

107 1900 253 1931 mente
285 1886 540 1945 legislatoris
574 1885 755 1929 stabilita
788 1898 862 1928 est:
889 1884 990 1928 aliae
1023 1900 1125 1927 vero
1159 1884 1274 1942 leges
1306 1900 1396 1928 non
1435 1901 1536 1928 con-

107 1970 394 2014 summantur,
419 1957 555 2000 donec
580 1969 672 2000 actu
699 1955 1045 2013 promulgentur.
1066 1955 1191 2000 Ratio
1232 1968 1375 1998 autem
1414 1955 1536 1999 reddi

110 2042 269 2088 potest,
304 2031 402 2088 quia
450 2029 666 2072 decretum
708 2029 787 2070 Dei
833 2039 1053 2070 aeternum
1097 2027 1350 2071 immutabile
1383 2039 1461 2081 est,
1495 2039 1535 2070 et

111 2101 203 2144 sine
235 2099 318 2144 ulla
364 2101 431 2143 sui
472 2099 711 2142 mutatione
765 2113 843 2156 pro
892 2113 972 2141 suo
1005 2109 1202 2155 tempore
1251 2097 1424 2155 obligat:
1461 2097 1540 2140 de-

204 2315 261 2360 (1)
289 2315 376 2350 Loc.
405 2316 463 2349 cit.
493 2315 549 2349 Ad
579 2327 654 2349 rem
683 2315 826 2357 Suarez,
849 2314 891 2349 de
919 2314 989 2360 leg.
1016 2315 1039 2349 l.
1065 2325 1089 2348 1.
1111 2326 1141 2349 c.
1177 2325 1207 2360 3.
1227 2326 1327 2349 num.
1359 2313 1403 2349 6.:
1433 2312 1542 2348 «Uti-

112 2376 193 2412 litas
219 2373 324 2408 huius
351 2374 441 2420 legis
469 2386 543 2409 nou
584 2383 646 2416 cst,
675 2374 757 2420 quia
786 2374 864 2420 ipsa
903 2374 1089 2408 ordinatur
1115 2373 1150 2407 in
1192 2373 1314 2416 finem,
1356 2374 1417 2408 sed
1458 2373 1540 2419 quia

112 2435 189 2481 ipsa
215 2433 357 2468 ordinat
383 2434 507 2467 onmia
536 2432 605 2467 alia
631 2432 674 2467 ad
701 2444 784 2467 suos
813 2433 901 2467 sines
930 2444 993 2479 per
1021 2432 1274 2467 convenientia
1303 2432 1433 2475 media;
1462 2432 1541 2477 ipsa

115 2494 212 2528 enim
241 2504 315 2528 non
342 2502 463 2540 potest
489 2492 532 2527 ad
560 2492 670 2526 finem
698 2492 869 2536 ordinari,
897 2503 978 2526 cum
1010 2492 1053 2527 sit
1080 2491 1155 2538 ipse
1181 2493 1294 2534 Deus,
1317 2492 1375 2538 qui
1402 2500 1456 2526 est
1481 2489 1541 2524 ul·-

115 2553 226 2588 titnus
252 2551 333 2587 finis
360 2552 538 2587 omnium.
554 2566 572 2585 »

1407 2609 1446 2644 Ι7
