1734 2784
192 38 213 68 N

693 106 750 114 -..
784 82 862 136 283
899 105 956 112 —

112 180 342 239 temporalis
375 179 462 239 (1):
496 176 711 236 siquidem
745 176 788 218 in
822 188 964 218 mente
999 174 1142 218 divina
1175 185 1237 216 est
1270 171 1319 215 ab
1344 184 1535 225 aeterno,

110 255 154 297 in
177 265 321 295 mente
338 266 445 296 vero
469 262 683 294 creaturae
702 248 921 292 rationalis
943 260 1005 291 est
1029 248 1072 290 in
1099 259 1309 303 tempore.
1344 269 1400 276 —
1432 242 1536 287 Inde

112 325 241 368 etiam
275 322 321 381 γ)
344 334 525 380 utraque
543 319 720 378 quidem
740 318 806 362 lex
825 331 888 361 est
920 318 1080 371 divina,
1098 330 1242 360 tamen
1265 314 1348 358 alio
1383 327 1422 358 et
1454 313 1536 357 alio

110 392 246 437 modo
277 392 362 452 (2).
396 393 487 436 Lex
519 392 640 440 enim>
684 402 853 433 aeterna
900 402 963 432 est
1013 388 1168 441 divina,
1218 388 1316 444 quia
1364 387 1406 428 in
1441 386 1537 443 ipso

111 465 207 509 Deo
241 477 318 508 est:
351 463 418 507 lex
452 478 556 507 vero
600 460 800 505 naturalis
845 473 907 504 est
941 459 1098 513 divina,
1148 460 1246 516 quia
1289 456 1536 500 immediate

111 549 153 580 et
185 537 385 594 proxime
419 547 482 579 est
515 550 537 578 a
570 535 681 587 Deo,
714 533 812 576 licet
846 545 962 576 extra
995 533 1140 575 Deum
1175 532 1319 588 ipsum
1357 528 1538 571 resideat

110 609 155 652 in
187 608 351 651 ratione
384 607 584 651 humana.
618 606 770 663 Neque
805 606 919 648 enim
944 605 1050 647 ratio
1075 615 1220 647 nostra
1244 601 1358 644 illam
1392 600 1535 657 legem

111 679 310 736 instituit,
356 678 432 722 sed
478 676 783 721 tantummodo
832 676 1072 733 cognoscit,
1108 690 1201 718 eam
1250 688 1341 716 esse
1385 688 1407 714 a
1440 672 1539 714 Deo

110 751 254 805 latam,
284 766 464 808 eamque
511 762 558 792 ut
591 763 742 807 praeco
786 747 889 805 legit
922 764 997 790 seu
1032 746 1265 804 proclamat
1312 742 1539 787 voluntati.

111 846 169 856 --
202 823 315 866 Hinc
351 821 396 880 ὃ)
428 821 495 864 lex
530 834 702 864 aeterna
748 833 810 863 est
844 820 910 862 lex
954 820 1092 877 prima
1140 830 1180 861 et
1229 826 1539 873 consequenter

110 895 428 953 imparticipata,
461 892 527 936 lex
560 891 761 935 naturalis
795 904 856 934 est
890 891 954 933 lex
978 890 1164 933 derivata
1186 904 1259 931 seu
1285 887 1540 945 participata

115 980 138 1008 a
170 964 262 1021 lege
298 976 481 1017 aeterna‚
501 976 720 1021 tamquam
755 961 929 1005 effectus
963 961 1011 1004 ab
1045 962 1135 1004 eius
1170 958 1352 1003 efficacia
1384 971 1540 1015 proce-

115 1035 221 1080 dens
253 1035 338 1094 (3).
358 1034 561 1079 —Unde
595 1034 631 1093 =)
665 1034 733 1077 lex
767 1046 932 1077 aeterna
957 1035 998 1076 in
1028 1032 1120 1090 plus
1146 1047 1189 1074 se
1221 1030 1422 1088 porrigit,
1465 1043 1540 1070 seu

116 1106 256 1151 multo
289 1106 415 1150 latius
448 1118 577 1164 patet,
611 1121 739 1163 quam
774 1104 843 1147 lex
877 1103 1091 1147 naturalis.
1133 1121 1153 1144 «
1186 1103 1276 1145 Lex
1319 1098 1539 1152 naturalis,

114 1191 162 1221 ut
194 1178 372 1236 exponit
404 1178 594 1220 Becanus
627 1176 724 1235 (4),
768 1188 830 1219 est
874 1176 995 1234 quasi
1035 1190 1130 1233 pars
1181 1173 1391 1232 quaedam
1434 1170 1538 1227 legis

115 1260 322 1293 aeternae.
354 1249 418 1292 Ita
449 1263 481 1291 ε.
518 1248 731 1304 Thomas,
765 1263 863 1289 cum
897 1247 967 1290 ait:
1000 1246 1069 1289 lex
1104 1243 1305 1288 naturalis
1354 1255 1416 1286 est
1450 1256 1541 1299 par-

115 1321 307 1379 ticipatio
340 1319 446 1377 legis
489 1332 682 1364 aeternae
730 1319 774 1361 in
809 1317 1001 1361 rationali
1051 1330 1253 1360 creatura.
1301 1313 1437 1368 Quod
1481 1313 1542 1355 sic

116 1392 298 1451 explico.
334 1392 425 1435 Lex
458 1403 627 1435 aeterna
659 1389 851 1434 extendit
885 1406 930 1432 se
954 1389 1003 1433 ad
1027 1404 1179 1432 omnes
1204 1399 1430 1442 creaturas,
1454 1397 1541 1428 tam

116 1463 357 1520 rationales,
391 1479 520 1521 quam
553 1462 837 1520 irrationales,
869 1462 978 1504 sicut
1012 1462 1141 1504 etiam
1181 1459 1447 1517 providentia
1480 1455 1543 1499 di-

115 1538 226 1580 vina:
259 1548 298 1579 at
320 1534 388 1579 lex
425 1534 627 1578 naturalis
676 1534 728 1577 ad
779 1534 916 1577 solam
952 1545 1188 1576 creaturam
1224 1530 1490 1581 rationalem,
1514 1545 1538 1567 »

118 1622 298 1665 eamque
331 1607 374 1649 in
406 1605 584 1649 naturali
616 1618 783 1649 tantum
818 1605 970 1648 ordine
1005 1602 1331 1647 consideratam.
1355 1601 1544 1643 —Hinc

127 1679 254 1723 etiam
285 1677 325 1737 ζ)
357 1678 426 1722 lex
459 1690 626 1721 aeterna
658 1689 720 1720 est
754 1676 929 1735 quidem
962 1678 1100 1734 prima
1143 1674 1290 1732 regula
1321 1674 1543 1716 actionum

118 1749 422 1802 humanarum,
442 1764 532 1792 non
564 1760 707 1792 tamen
740 1762 803 1791 est
837 1748 981 1804 regula
1016 1748 1258 1805 propinqua
1290 1761 1364 1788 seu
1406 1746 1543 1788 imme-

119 1820 236 1864 diata
268 1820 352 1880 (5):
387 1836 528 1878 neque
561 1820 676 1863 enim
710 1820 1016 1876 cognoscimus
1049 1817 1191 1875 legem
1226 1830 1456 1871 aeternam,
1479 1832 1543 1859 se-

213 2065 270 2111 (1)
297 2063 352 2101 Cf.
379 2076 478 2099 num.
505 2074 562 2112 93.
591 2076 671 2110 pag.
702 2074 777 2106 250.

213 2126 271 2170 (2)
300 2126 485 2160 «Duobus
521 2125 653 2166 modis,
681 2126 729 2159 ait
767 2125 909 2166 Sum-ez,
951 2125 994 2159 de
1021 2124 1090 2171 leg.
1118 2124 1137 2160 l.
1172 2135 1200 2159 1.
1235 2136 1265 2158 c.
1296 2133 1325 2166 3.
1367 2134 1466 2157 num.
1494 2121 1541 2164 6.‚

119 2184 191 2220 dici
214 2193 333 2231 potest
359 2184 416 2219 lex
443 2184 574 2219 divina.
602 2184 685 2219 Uno
713 2184 837 2227 modo,
857 2185 938 2231 quia
958 2185 993 2219 in
1021 2184 1101 2230 ipso
1128 2185 1208 2218 Deo
1229 2191 1294 2226 est3
1319 2182 1389 2216 alio
1419 2181 1545 2223 modo,

119 2243 200 2291 quia
226 2244 269 2278 ab
294 2243 372 2289 ipso
399 2244 479 2278 Deo
508 2243 716 2278 immediate
745 2242 861 2285 fertur,
890 2243 973 2278 licet
1001 2253 1099 2278 extra
1128 2244 1247 2277 Deum
1275 2242 1392 2287 ipsum
1421 2242 1480 2276 sit.
1498 2254 1516 2273 »

215 2303 271 2348 (3)
299 2301 522 2342 «Differunt,
550 2303 661 2349 inquit
689 2304 831 2340 Suarez.
861 2303 905 2338 de
944 2303 1013 2349 leg.
1042 2304 1063 2338 l.
1093 2303 1136 2336 ΙΙ.
1164 2303 1197 2335 in
1241 2312 1417 2347 prooem„
1447 2309 1543 2335 tam-

122 2374 230 2410 quam
258 2362 316 2397 lex
337 2369 401 2409 per
440 2363 615 2397 essentiam
642 2371 675 2398 et
711 2369 775 2409 per
807 2362 1127 2409 participationem,
1155 2361 1222 2404 vel,
1263 2370 1299 2396 ut
1327 2361 1377 2394 sic
1416 2359 1546 2402 dicam,

120 2433 306 2468 tamquam
331 2422 468 2468 signum
497 2430 530 2456 et
555 2421 798 2468 signficatnm.
814 2436 831 2454 »

218 2483 276 2528 (4)
304 2482 358 2517 De
386 2481 455 2528 leg.
484 2493 564 2527 cap.
593 2482 656 2516 111.
687 2490 821 2528 quaest.
855 2492 880 2515 1.
907 2493 1005 2515 num.
1037 2491 1066 2525 ς.

218 2542 275 2587 (5)
303 2542 381 2577 Huc
408 2540 493 2576 facit
520 2540 605 2575 illud
635 2552 662 2576 s.
691 2541 875 2583 Tliomac,
909 2552 938 2576 1.
961 2551 991 2574 2.
1011 2552 1041 2586 q.
1064 2550 1118 2585 71.
1138 2552 1169 2575 a.
1199 2539 1245 2575 6.:
1278 2538 1451 2586 «Regula
1472 2550 1542 2572 vo-
