1734 2784
769 118 998 148 —22—

178 216 285 258 quae
308 212 498 243 mentem
522 201 702 243 excitant
725 201 766 243 in
791 199 947 252 divina,
976 199 1042 242 alii
1067 199 1210 252 scalas,
1231 214 1303 256 per
1328 214 1430 256 qnas
1454 199 1601 242 animm.

175 272 399 316 ascendere
424 284 561 329 potest
583 271 633 315 ad
655 273 812 324 Deum,
837 271 906 314 alii
930 271 1152 329 speculum
1177 271 1261 329 (1),
1288 271 1330 313 in
1354 286 1441 328 quo
1473 286 1591 314 coin-

179 344 320 386 munis
366 343 545 387 Creator
577 343 811 400 inspicitur,
846 342 911 384 alii
945 342 1036 385 aliis
1084 343 1260 400 tropicis
1302 341 1591 385 locutionibus

179 426 372 458 utuntur.

297 486 371 529 ΙΙΙ.
411 485 554 529 Gloria
587 486 824 541 extrinseca,
846 484 901 527 ad
923 500 1046 542 quam
1068 486 1162 528 ‘Duo
1180 484 1455 542 praebendam
1476 498 1596 528 crea-

179 564 272 598 !nra
307 556 522 611 intelligens
560 555 802 608 ordinatur,
836 564 891 598 est
934 571 1013 599 non
1064 564 1227 599 tantum
1274 555 1497 609 obiecti-va,
1531 554 1595 598 sed

174 629 429 685 potissimum
451 627 660 685 formalis.
685 652 741 660 —
773 628 868 685 Ipsa
901 642 1089 685 quoque,
1122 628 1258 671 immo
1303 628 1393 685 ipsa
1436 628 1603 686 praeci·

180 715 261 756 pue
293 699 500 755 glorificat
533 701 675 742 Deum
708 697 843 756 gloria
876 698 1181 743 fundamentali
1222 700 1310 760 (2):
1358 701 1449 758 ipsa
1479 700 1594 742 enim

179 783 242 813 est
289 770 514 827 perfectior
557 769 720 812 divinae
769 769 971 813 bonitatis
1015 771 1263 814 assimilatio
1307 784 1347 814 et
1394 786 1595 829 expressa

179 842 372 886 eiusdem
406 844 550 899 imago
583 844 655 900 (3).
691 844 854 886 Verum
888 843 1061 887 ulterius
1096 843 1319 887 ordinatur
1369 842 1419 886 ad
1469 843 1593 886 aliam

181 914 317 958 multo
351 916 700 972 praestantiorem
732 914 929 973 gloriam,
957 931 1111 973 nempe
1144 914 1497 971 formalem‚Deo
1520 914 1595 957 tri—

180 985 424 1030 buendam:
457 985 509 1029 ad
541 985 623 1029 hoc
656 987 858 1029 nimirum
894 987 1138 1040 ordinatur,
1181 999 1227 1029 ut
1267 1002 1318 1030 ex
1355 985 1605 1030 manifesta--

179 1057 364 1101 tionibus
398 1057 631 1112 obiectivis,
666 1074 768 1116 quas
803 1071 1015 1102 creaturae
1059 1074 1210 1102 omnes
1258 1071 1297 1101 et
1344 1059 1434 1116 ipse
1477 1074 1594 1116 prae-

181 1131 326 1172 sertim
359 1129 494 1172 homo
527 1130 569 1172 in
603 1146 646 1173 se
680 1130 893 1183 exhibent,
930 1143 1122 1188 assurgat
1155 1130 1205 1174 ad
1240 1131 1426 1173 divinam
1468 1129 1603 1173 boni--

181 1214 309 1243 tatem
343 1200 702 1257 cognoscendam,
720 1203 936 1259 cognitam
968 1217 1071 1245 vero
1094 1201 1317 1245 amandam
1340 1217 1387 1245 ac
1418 1200 1606 1245 laudan-

183 1272 292 1315 dam.
313 1273 364 1315 Et
386 1288 429 1315 re
453 1272 624 1330 quidem
648 1289 746 1317 vera
774 1275 830 1331 1⁰)
849 1290 1128 1332 unaquaeque
1151 1287 1355 1329 creatura,
1371 1286 1417 1317 ut
1435 1273 1600 1317 dictum

181 1357 261 1397 est,
301 1344 521 1387 ordinatur
563 1345 614 1388 ad
656 1344 981 1402 glorificandum
1029 1347 1175 1389 Deum
1223 1362 1275 1389 eo
1323 1344 1472 1402 modo,
1505 1360 1595 1403 quo

181 1414 416 1458 secundum
449 1431 571 1459 suam
605 1429 798 1460 naturam
833 1430 977 1475 potest
1010 1418 1154 1460 Deum
1185 1416 1437 1473 glorificare.
1461 1416 1599 1474 Atqui

184 1499 371 1530 creatura
402 1488 640 1545 intelligens
674 1504 719 1531 ac
765 1488 912 1532 volens
932 1526 942 1543 ,
976 1490 1126 1546 eoipso
1160 1489 1277 1547 quod
1323 1503 1470 1533 natura
1521 1505 1605 1532 sua.

181 1571 247 1601 est
279 1560 517 1617 intelligens
551 1575 597 1603 ac
628 1560 791 1617 volens,
825 1572 966 1618 potest
998 1561 1140 1618 ipsum
1189 1560 1424 1618 glorificare
1465 1560 1605 1618 gloria

183 1630 525 1689 for1nali‚ipsum
559 1631 861 1689 cognoscendo
895 1644 934 1675 et
966 1632 1163 1676 amando.
1198 1633 1314 1690 Ergo
1346 1632 1504 1676 adhoc
1528 1648 1604 1676 or·-

276 1839 329 1884 (1)
354 1840 429 1874 Hac
455 1841 727 1886 comparatione
753 1841 865 1877 utitur
883 1841 1021 1876 Dantes
1040 1850 1117 1876 tum
1136 1841 1212 1876 aliis
1232 1842 1266 1875 in
1285 1840 1375 1876 locis
1401 1850 1478 1876 tum
1497 1850 1607 1886 prae--

183 1899 318 1941 sertim,
346 1900 422 1934 Par.
449 1901 585 1935 XXIX.

468 1990 561 2024 Vedi
588 1991 750 2026 l'eccelso
778 1992 874 2026 omai
901 2003 919 2026 e
947 1991 980 2026 la
1008 1991 1196 2036 larghezza

565 2038 793 2073 Dell’eterno
819 2040 944 2081 Valor,
972 2039 1096 2084 poscia
1123 2039 1189 2073 che
1218 2039 1311 2073 tanti

565 2086 702 2131 Speculi
730 2085 807 2121 fatti
834 2086 924 2128 s‘ha,
954 2087 990 2120 in
1017 2086 1082 2121 che
1109 2087 1137 2120 si
1164 2097 1302 2131 spezza‚

468 2132 554 2167 Uno
581 2134 762 2168 manendo
790 2135 826 2167 in
854 2137 902 2177 se,
931 2145 1036 2169 come
1063 2133 1221 2168 davanti.

280 2221 337 2266 (2)
365 2221 422 2256 Cf.
448 2222 608 2267 Segneri‚
635 2233 692 2268 op.
719 2223 778 2257 cit.
805 2234 856 2257 cc.
891 2234 926 2266 15
957 2235 990 2258 et
1020 2221 1070 2258 16.

283 2280 338 2325 (3)
366 2279 423 2315 Cf.
447 2281 578 2316 thesim
611 2292 637 2316 1.
665 2295 698 2316 n.
728 2293 760 2326 ς.
790 2284 841 2318 Ex
869 2295 923 2327 eo,
952 2284 1047 2330 quod
1074 2295 1129 2318 res
1157 2283 1302 2329 quaevis
1329 2291 1381 2318 est
1406 2281 1608 2327 vestigium·

187 2340 244 2374 vel
271 2341 392 2386 imago
418 2340 559 2375 divinae
584 2342 756 2377 bonitatis
799 2353 946 2389 apparet
973 2355 1049 2377 rem
1077 2343 1273 2390 quamlibet
1298 2353 1374 2377 esse
1413 2351 1605 2376 externam¹

187 2400 329 2435 divinae
354 2401 526 2436 bonitatis
552 2401 864 2447 glorificationem.
884 2403 1088 2448 Vestigium
1108 2403 1204 2437 enirn
1224 2402 1279 2436 vel
1306 2402 1429 2448 imago
1457 2400 1599 2434 divinae

189 2460 359 2496 bonitatis
377 2469 429 2495 est
454 2469 598 2495 externa
625 2460 783 2496 eiusdem
810 2460 1067 2496 manifestatio.
1085 2461 1155 2496 Sed
1175 2470 1320 2496 externa
1341 2460 1483 2495 divinae
1504 2459 1616 2493 boni—

191 2521 272 2554 tatis
298 2519 536 2556 manifestatio
565 2530 598 2556 et
623 2529 768 2555 externa
798 2522 873 2555 eius
901 2520 1112 2566 glorificatio
1139 2530 1220 2556 sunt
1247 2521 1450 2555 locutiones
1489 2531 1610 2566 syno—

191 2591 320 2614 nimae.
