1734 2784
214 234 413 278 bonitatis
446 235 582 291 gloria
615 248 676 279 cst
702 236 803 294 finis
838 237 1012 280 ultimus
1045 237 1113 295 qui
1151 237 1192 279 in
1236 238 1384 280 creatis
1432 237 1641 281 omnibusz

213 307 457 351 intenditur.

332 379 387 422 ΙΙ.
418 380 531 422 Haec
560 379 689 434 gloria
721 380 956 432 extrinseca,
990 379 1046 421 ad
1077 393 1198 437 quam
1231 380 1314 423 Deo
1353 379 1636 438 praebendam·

213 466 274 494 res
306 466 439 494 omnes
472 451 742 506 ordinantur,
793 450 827 492 si
874 449 918 492 da
964 451 1154 494 creaturis
1202 452 1358 494 ratione
1399 450 1635 495 carentibus·

212 538 340 565 sermo
371 524 440 575 sit,
477 537 554 564 non
587 530 638 564 est
671 522 750 564 nisi
778 521 908 577 gloria
926 521 1123 565 obiectiva
1146 530 1181 564 et
1198 522 1543 580 fundamentalis.
1566 548 1626 555 —

213 593 265 635 Et
299 608 397 636 sane
431 605 642 636 creaturae
675 590 952 648 irrationales,
983 604 1028 634 ut
1063 591 1195 635 modo
1224 591 1631 647 demonstravimus,

212 664 463 708 ordinantur
496 677 535 707 et
569 664 682 721 ipsae
731 664 772 705 in
820 662 1001 720 gloriam
1050 663 1130 706 Dei
1179 664 1486 708 extrinsecam:
1530 663 1632 708 haec

212 749 353 779 autem
387 736 542 794 duplex
575 748 654 789 est,
691 734 896 778 obiectiva
928 747 968 777 et
1002 733 1205 778 formalis.
1240 736 1372 794 Atqui
1421 751 1472 779 eo
1506 737 1600 794 ipso
1619 771 1638 794 ,.

212 806 328 865 quod
360 807 622 849 irrationales
656 818 770 862 sunt,
804 822 891 848 non
925 818 1023 848 sunt
1055 821 1225 864 capaces
1269 806 1481 850 tribuendi
1532 807 1629 850 Deo

210 880 391 938 gloriam
424 879 663 933 formalem,
698 879 856 936 quippe
890 893 997 935 quae
1030 878 1072 919 in
1108 877 1214 921 clara
1249 879 1496 935 cognitione
1529 893 1627 921 cum

209 951 331 995 laude
364 951 571 994 consistit.
605 950 720 1006 Ergo
754 949 804 992 ad
848 948 929 992 hoc
963 948 1236 1006 diriguntur,
1285 961 1330 992 ut
1374 947 1627 992 obiectivam

192 1023 389 1081 *gloriam
424 1024 519 1065 Deo
553 1020 742 1074 afferant,
778 1021 804 1064 i.
839 1037 873 1064 e.
910 1033 955 1064 ut
989 1021 1031 1063 in
1066 1036 1140 1063 sua
1174 1020 1417 1064 excellentia
1454 1033 1494 1064 et
1528 1019 1630 1078 pul-

210 1094 445 1138 chritudine
479 1092 747 1136 manifestent
781 1094 886 1150 (non
936 1092 1111 1149 quidem
1161 1093 1282 1148 Deo,
1316 1093 1387 1149 qui
1436 1093 1625 1150 seipsum

208 1167 454 1224 plenissime
487 1164 854 1222 comprehendens
878 1163 947 1206 tali
972 1179 1059 1206 non
1082 1163 1244 1221 indiget
1269 1162 1633 1220 manifestatione,

208 1239 282 1282 sed
314 1237 480 1281 entibus
512 1236 643 1280 finitis
669 1235 1017 1294 intelligentibus)
1054 1235 1344 1278 excellentiam
1371 1247 1411 1278 et
1434 1234 1632 1292 pulchri-

208 1310 398 1354 tudinem
434 1309 648 1353 Creatoris
672 1324 746 1351 seu
770 1307 978 1351 infinitam
1001 1307 1193 1351 eiusdem
1227 1306 1475 1350 bonitatem.
1505 1311 1527 1348 '«
1547 1307 1626 1350 Ni-

208 1384 384 1434 mirum,
419 1381 474 1423 ait
506 1381 681 1423 Lessius
715 1379 780 1438 (Ι)
804 1416 813 1433 ,
847 1392 892 1422 ut
925 1395 999 1422 sua
1021 1377 1339 1436 pulchritudine
1364 1390 1405 1421 et
1427 1379 1629 1421 varietate

207 1455 423 1511 specimen
455 1451 674 1510 quoddam
707 1451 930 1495 exhibeant
961 1450 1230 1494 excellentiae
1265 1448 1531 1506 Conditoris,
1549 1464 1627 1506 per

206 1525 322 1583 quod
355 1524 489 1567 homo
521 1525 664 1581 ipsum
699 1536 945 1580 cognoscat,
980 1523 1204 1580 cognitum
1235 1534 1364 1579 amet,
1399 1520 1521 1578 colat,
1561 1536 1630 1564 re-

203 1609 413 1649 vereatur,
455 1595 596 1638 laudet
643 1608 683 1638 et
730 1596 886 1652 gratias
934 1607 1041 1652 agat.
1091 1596 1209 1638 Sicut
1257 1594 1371 1636 enim
1420 1592 1624 1650 palatium

204 1683 374 1710 summa
405 1679 490 1709 arte
524 1678 794 1723 extructum,
828 1677 867 1709 et
901 1666 1047 1722 imago
1095 1665 1271 1723 optimis
1319 1663 1530 1707 coloribus
1581 1674 1624 1706 et

205 1752 357 1793 magna
389 1736 596 1780 industria
628 1736 822 1795 perfecta,
857 1736 1043 1780 ostendit
1077 1736 1367 1780 excellentiam
1391 1734 1623 1787 artificum,

203 1809 261 1850 ita
293 1808 478 1851 mundus
512 1809 589 1850 iste
622 1820 661 1851 et
694 1823 758 1851 res
793 1823 959 1865 omnes,
992 1823 1098 1866 quae
1131 1807 1209 1850 sub
1243 1821 1418 1850 sensum
1447 1805 1617 1862 cadunt,

204 1878 436 1922 ostendunt
454 1892 595 1936 aperte
611 1879 903 1923 excellentiam
927 1880 991 1922 sui
1011 1877 1218 1936 Opificis:
1237 1893 1334 1921 nam
1355 1877 1460 1921 haec
1477 1877 1622 1920 omnia

203 1963 290 1993 arte
311 1962 351 1993 et
373 1952 564 2007 potentia
587 1952 713 1994 unius
737 1950 906 1994 artificis
930 1950 1035 1994 facta
1053 1963 1164 1994 sunt.
1182 1948 1440 2007 Magnitudo
1464 1960 1620 1999 terrae,

203 2021 347 2076 maris,
368 2023 581 2065 montium
603 2035 645 2066 et
667 2022 884 2066 caelorum
903 2021 1135 2065 ostendunt
1161 2022 1252 2065 eius
1271 2019 1613 2078 magnitudinem

200 2104 242 2134 et
273 2092 535 2148 potentiam:
571 2092 843 2150 pulchritudo
877 2092 995 2149 solis,
1026 2092 1163 2148 lunae,
1187 2091 1404 2134 stellarum
1439 2102 1479 2133 et
1510 2088 1620 2132 alia-

202 2180 297 2207 rum
331 2179 476 2207 rerum
508 2165 706 2207 omnium
739 2164 948 2208 declarant
981 2165 1070 2208 eius
1104 2162 1493 2222 pulchritudinem:
1519 2160 1620 2204 sub-

199 2233 325 2278 tilitas
359 2247 398 2278 et
429 2233 667 2289 artificium,
701 2235 818 2293 quod
851 2236 895 2277 in
927 2234 1130 2279 omnibus
1179 2233 1334 2288 rebus,
1368 2233 1618 2292 praesertim

293 2431 348 2476 (1)
374 2431 429 2465 De
456 2430 542 2477 perf.
571 2431 703 2467 morib.
749 2431 818 2466 div.
860 2431 881 2467 l.
907 2432 1005 2467 XIV.
1032 2443 1062 2466 c.
1090 2432 1120 2466 4.
1148 2444 1182 2466 n.
1218 2430 1274 2476 67.
1312 2429 1368 2465 Cf.
1405 2429 1512 2464 etiam
1546 2428 1617 2463 Se-

198 2489 311 2535 gne-1³,
337 2490 358 2524 l'
372 2488 542 2524 incredulo
567 2500 664 2533 senza
689 2501 797 2533 seusa,
825 2499 923 2536 parte
958 2501 982 2525 1.
1012 2502 1063 2525 cc.
1096 2500 1226 2533 10-14.,
1257 2488 1429 2535 Rog‘acci,
1456 2487 1615 2522 dell'uno

195 2550 388 2591 necessario,
415 2557 513 2594 parte
545 2559 573 2584 1.
605 2559 656 2585 cc.
675 2558 791 2594 7-11.,
814 2549 874 2595 qui
901 2549 1041 2595 opzime
1066 2549 1136 2583 hoc
1163 2548 1347 2584 doctrinae
1375 2555 1480 2594 caput
1513 2545 1619 2580 evol-

196 2616 296 2643 VUDt.
