1734 2784
198 192 335 249 possit
369 191 462 247 quis
497 189 595 233 ferri
630 190 671 232 in
704 190 760 247 id,
794 190 912 248 quod
945 202 1063 232 antea
1112 188 1395 244 aversabatur,
1440 205 1528 233 non
1561 202 1623 233 ta-

196 277 296 304 men
331 261 432 303 haec
464 261 629 303 aversio
677 270 768 303 acm
813 273 971 316 manet,
1018 259 1121 302 dum
1170 260 1267 317 quis
1313 261 1410 316 agit.
1455 262 1510 304 At
1553 260 1626 319 qui

195 333 281 387 agit
313 348 362 374 ex
395 344 527 384 metu,
562 331 594 372 is
628 331 713 387 agit
748 347 844 373 cum
881 330 1035 373 actuali
1070 331 1294 373 aversione
1332 329 1379 373 ab
1412 329 1483 373 illo
1516 331 1626 388 ipso,

195 402 313 460 quod
347 402 452 457 vult,
488 417 616 459 quam
652 400 859 444 actualem
896 402 1166 444 aversionem
1201 413 1344 444 metus
1375 400 1626 458 regulariter

194 472 414 531 loquendo
450 488 536 515 non
571 472 695 527 tollit,
731 471 803 514 sed
838 472 969 515 efficit
1006 484 1051 514 ut
1085 472 1282 515 voluntas
1322 484 1511 530 superet,
1551 487 1625 516 seu

195 543 322 587 efficit
356 557 415 597 ut,
449 559 536 586 non
571 542 763 586 obstante
799 542 866 585 illa
901 544 1121 586 aversione
1158 556 1198 586 et
1224 544 1517 600 repugnantia,
1551 558 1626 586 vo·

195 615 332 658 luntas
368 628 475 671 agat.

317 701 382 742 53.
411 688 663 729 5611011011.
710 686 969 742 Negandum
1006 703 1090 729 non
1128 699 1191 729 est
1224 702 1288 740 ea,
1317 702 1423 743 quae
1457 702 1507 729 ex
1530 685 1625 729 solo

195 771 310 800 metu
347 757 469 810 fiunt,
506 773 578 814 per
611 773 655 799 se
690 770 729 799 et
765 757 1014 813 regulariter
1063 757 1300 814 loquendo,
1354 773 1445 800 esse
1492 758 1624 800 minus

194 829 336 882 libera,
371 842 410 872 et
444 828 624 886 proinde
658 830 693 871 si
727 829 865 886 turpia
899 830 983 871 sint
1027 845 1118 871 esse
1163 842 1331 886 peccata
1366 844 1444 886 pro
1482 841 1623 871 metus

193 901 398 957 gravitate
431 900 566 942 minus
597 898 767 956 indigna
801 900 1196 956 commiseratione,
1221 915 1366 957 quam,
1391 900 1440 955 si,
1466 899 1622 942 ceteris

193 971 379 1028 paribus,
413 983 529 1013 metu
564 986 651 1013 non
686 983 882 1027 urgente,
919 970 1080 1015 fierent.
1117 972 1235 1013 Metu
1271 972 1386 1014 enim
1422 987 1510 1014 11011
1544 986 1621 1014 ur-

191 1056 335 1100 gente,
370 1058 457 1085 non
493 1041 718 1085 haberetur
742 1041 843 1085 illud
869 1042 1210 1085 involuntarium
1238 1042 1476 1086 secundum
1501 1042 1621 1101 quid,

195 1113 312 1171 quod
346 1112 538 1166 habetur,
573 1114 607 1155 si
642 1129 690 1156 ex
724 1115 840 1170 gravi
887 1126 1002 1156 metu
1049 1115 1143 1171 quis
1185 1126 1292 1171 agat.
1344 1116 1510 1157 Verum
1543 1114 1622 1157 etsi

191 1200 239 1227 ea
271 1185 355 1226 sint
389 1185 523 1226 minus
556 1184 697 1237 libera,
732 1196 874 1226 tamen
910 1198 1082 1228 manent
1117 1201 1262 1242 reapse
1296 1184 1459 1228 libera:
1482 1201 1622 1243 neque

191 1256 279 1296 vim
313 1254 468 1297 habent
502 1254 779 1312 obiectioneS,
806 1271 912 1313 quae
946 1272 966 1298 a
1001 1256 1218 1298 nonnullis
1263 1255 1510 1299 auctoribus
1544 1255 1619 1314 (1)

188 1325 423 1368 afferuntur
455 1324 506 1368 ad
540 1325 806 1382 probandum
844 1341 904 1378 ea,
941 1342 1048 1383 quae
1082 1342 1133 1368 ex
1167 1327 1284 1383 gravi
1334 1339 1453 1369 metu
1497 1324 1621 1383 fiunt,

192 1412 285 1439 esse
320 1398 439 1439 omni
488 1412 666 1453 prorsus
712 1396 912 1440 destituta
956 1396 1161 1440 libertate.
1218 1398 1309 1440 Hae
1358 1397 1620 1440 obiectiones

191 1481 448 1511 revocantur
481 1467 532 1511 ad
566 1481 806 1526 sequentes.

312 1539 340 1581 l.
377 1537 606 1596 Quidquid
640 1551 701 1581 est
735 1539 1085 1591 involuntarium,
1135 1538 1239 1581 illud
1273 1554 1295 1581 a
1328 1538 1498 1582 fortiori
1530 1553 1619 1581 non

192 1622 257 1652 est
290 1609 489 1652 liberum.
532 1610 660 1666 Atqui
696 1609 752 1666 id,
788 1609 905 1667 quod
939 1626 989 1653 ex
1025 1623 1141 1653 metu
1180 1609 1244 1662 fit,
1281 1627 1317 1654 6.
1341 1626 1380 1667 g.
1406 1610 1616 1669 proiectio

191 1682 402 1724 mercium
436 1682 478 1723 in
513 1697 647 1733 mare,
683 1694 746 1724 651
780 1681 1132 1725 involuntarium.
1170 1683 1284 1738 Ergo
1318 1682 1374 1738 id,
1409 1681 1526 1739 quod
1564 1697 1617 1725 ex

188 1764 306 1795 metu
342 1751 400 1805 fit,
434 1767 520 1795 non
554 1765 615 1796 est
650 1752 923 1796 liberum.—-
957 1755 1084 1811 Resp.
1121 1755 1228 1797 Dist.
1265 1754 1360 1796 mai.
1391 1752 1616 1810 Quidquid

188 1823 423 1880 simpliciter
458 1836 520 1865 651
554 1823 910 1879 involuntarium,
959 1823 1062 1866 illud
1097 1840 1117 1866 a
1150 1823 1317 1866 fortiori
1352 1839 1439 1866 non
1472 1815 1535 1867 est
1566 1823 1615 1865 li-

187 1892 339 1936 berum
373 1909 492 1949 conc„
514 1894 722 1952 quidquid
756 1896 994 1953 simpliciter
1030 1908 1093 1937 est
1125 1894 1417 1937 voluntarium
1451 1906 1491 1938 et
1524 1906 1616 1937 tan-

186 1964 418 2007 tummodo
451 1965 668 2007 secundnm
700 1965 797 2022 qnid
832 1978 894 2008 est
929 1965 1268 2008 involuntarium
1294 1981 1402 2022 nego.
1438 1965 1614 2009 Contra-

185 2034 280 2078 dist.
314 2036 412 2077 min.
447 2034 512 2088 Id,
548 2035 663 2092 quod
699 2052 748 2078 ex
785 2049 902 2079 metu
937 2036 996 2090 fit,
1032 2036 1270 2094 simpliciter
1314 2049 1376 2079 est
1409 2035 1614 2079 involun-

281 2202 337 2247 (1)
366 2203 441 2236 Hos
469 2211 630 2237 auctores
656 2202 820 2237 refellere
849 2203 963 2237 adhuc
995 2215 1188 2248 possumus
1208 2213 1422 2249 argumento
1442 2202 1548 2238 ducto
1569 2214 1613 2237 ex

184 2272 289 2295 sensu
316 2262 513 2296 communi.
543 2261 684 2296 Omnes
711 2263 878 2297 homines
905 2263 951 2296 ob
989 2263 1150 2297 actiones
1183 2262 1217 2295 vi
1256 2262 1396 2296 timoris
1430 2272 1613 2307 expressas

180 2320 342 2354 tribuunt
369 2321 489 2367 agenti
524 2320 666 2354 laudem
694 2321 749 2355 vel
779 2322 1012 2367 vituperium.
1042 2321 1150 2368 Atqui
1193 2321 1338 2356 nonnisi
1373 2322 1419 2355 ob
1451 2321 1612 2356 actiones

183 2378 295 2413 libere
320 2379 455 2425 positas
482 2379 625 2414 laudem
652 2380 812 2414 tribuunt
841 2380 896 2414 vel
923 2381 1156 2426 vituperium.
1176 2381 1270 2427 Ergo
1299 2391 1425 2414 omnes
1443 2380 1612 2414 homines

183 2438 345 2471 actiones
371 2438 405 2471 vi
431 2438 572 2473 timoris
601 2450 785 2483 expressas
814 2449 964 2474 censent
993 2451 1070 2474 esse
1098 2439 1238 2474 liberas.
1274 2440 1432 2474 Censent
1465 2439 1611 2484 insuper

181 2494 379 2530 illiusmodi
405 2496 581 2537 actiones,
607 2497 636 2530 si
664 2496 781 2531 malae
807 2497 889 2539 sint,
918 2497 1051 2532 minori
1071 2498 1199 2543 dignas
1218 2508 1295 2532 esse
1321 2497 1510 2542 vituperio,
1528 2495 1610 2542 quia

182 2554 319 2588 scilicet
344 2554 463 2589 vident
493 2566 550 2589 eas
577 2565 654 2589 esse
680 2556 800 2590 minus
826 2556 964 2590 liberas.
