1734 2784
683 86 945 140 „153-

92 182 154 226 de
187 181 309 225 libero
343 179 604 234 dicendum,
639 181 752 223 sicut
789 178 922 238 paulo
965 191 1060 223 ante
1093 177 1337 222 dicebamus
1370 177 1442 237 (1)
1474 178 1526 222 de

91 252 249 297 affectu
297 251 530 295 voluntatis
584 267 660 294 seu
711 250 761 294 de
817 250 1167 308 concupiscentia
1221 261 1525 307 consequente,

95 324 224 384 ‹quod
255 323 421 368 habitus
455 322 633 381 quidem
668 339 744 381 per
776 338 822 367 se
856 338 902 366 ac
925 321 1178 376 formaliter,
1202 338 1277 365 seu
1300 321 1407 366 facta
1428 338 1528 381 sup-

103 396 336 455 positione,
367 394 524 438 minuit
556 393 612 437 lib
625 407 819 451 ertatem,
861 395 959 452 quia
990 393 1232 437 inclinando
1278 395 1415 452 magis
1446 410 1529 438 vo-

93 469 313 511 luntatem
346 466 398 510 ad
430 466 604 510 alteram
640 479 805 524 partem
850 466 1006 509 minuit
1053 464 1381 509 indifferentiam
1414 467 1529 512 eius:

95 550 248 598 vtamen
280 537 497 581 moraliter
544 550 585 580 et
620 538 662 580 in
700 537 849 581 ordine
904 538 954 581 ad
1006 537 1179 581 effectus
1227 537 1410 581 morales
1449 554 1530 582 non

104 619 287 654 censetur
319 611 513 662 minuere,
548 609 753 667 quamdiu
790 608 858 652 illa
894 608 1163 652 consuetudo
1209 608 1337 653 libera
1369 625 1415 653 ac
1446 626 1529 652 vo-

94 681 285 724 luntaria
316 692 393 738 est,
427 692 602 738 propter
635 680 831 724 eamdem
883 681 1109 737 rationem,
1159 681 1259 739 quia
1301 680 1530 740 dispositio

103 752 252 809 libera,
285 765 331 795 ut
363 753 438 809 sic,
471 767 560 795 non
596 752 752 795 minuit
783 751 978 795 liberum.
1013 770 1036 792 »

229 825 349 868 Tum
382 840 485 867 vero
519 825 576 867 ita
613 825 752 882 pergit
785 823 898 868 idem
939 823 1090 867 doctor
1112 825 1316 867 eximius:
1356 842 1377 866 «
1408 825 1532 869 Unde

105 896 153 940 fit
186 894 415 954 probabile,
448 896 482 938 si
515 895 784 939 consuetudo
818 908 858 938 et
890 894 1060 938 habitus
1108 895 1208 938 fiant
1251 895 1534 940 involuntaria

105 984 183 1026 per
214 980 356 1011 actum
391 968 657 1010 contrarium
702 966 935 1019 efficacem,
988 978 1194 1024 quantum
1240 978 1303 1010 est
1334 984 1384 1010 ex
1416 980 1533 1026 parte

104 1039 314 1096 hominis,
348 1055 476 1097 quem
510 1040 700 1097 poenitet
734 1055 777 1082 se
811 1040 1087 1096 acquisivisse
1141 1038 1269 1082 talem
1305 1052 1533 1083 consuetu-

107 1110 254 1154 dinem
288 1110 353 1154 vel
387 1110 596 1167 habitum,
636 1122 679 1153 et
720 1111 922 1167 proponit
976 1109 1109 1152 facere
1159 1122 1367 1167 quantum
1411 1111 1453 1154 in
1489 1127 1534 1154 se

102 1194 175 1225 -est
208 1180 259 1224 ad
280 1179 540 1224 vincendum
564 1179 685 1223 illum
710 1180 877 1239 (sermo
902 1181 1123 1237 speciatim
1157 1192 1221 1223 est
1251 1180 1301 1224 de
1325 1180 1534 1224 habitibus

104 1252 306 1311 vitiosis),
341 1265 459 1305 tunc,
484 1253 676 1310 inquam,
702 1265 767 1295 est
789 1251 911 1295 valde
940 1251 1154 1309 probabile
1178 1253 1534 1296 consuetudinem

110 1326 289 1367 minnere
336 1323 576 1379 libertatem,
627 1336 667 1366 et
704 1336 1016 1381 consequenter
1065 1323 1246 1381 culpam,
1298 1325 1396 1381 quia
1442 1323 1536 1367 talis

105 1395 384 1438 consuetudo
416 1410 539 1438 versa
587 1408 649 1438 est
685 1394 1016 1453 quodammodo
1056 1396 1099 1437 in
1138 1407 1346 1449 naturam,
1380 1407 1420 1439 et
1452 1396 1537 1440 iam

110 1483 201 1511 non
234 1480 296 1510 est
329 1468 372 1510 in
406 1478 619 1525 potestate
654 1466 844 1509 hominis
880 1479 963 1509 tam
1018 1467 1102 1509 cito
1135 1467 1302 1510 vincere
1336 1467 1464 1524 illam,
1496 1480 1538 1510 et

111 1540 273 1597 alioqui
306 1551 368 1582 est
401 1539 484 1581 iam
518 1538 814 1595 involuntaria,
847 1550 888 1580 et
923 1537 1019 1580 ideo
1053 1554 1137 1580 non
1180 1551 1400 1596 reputatur
1432 1551 1536 1582 tam-

105 1626 242 1669 quam
276 1610 518 1667 suppositio
552 1608 682 1651 libera
714 1608 788 1651 sed
821 1609 1070 1652 necessaria.
1106 1626 1128 1647 »

234 1682 450 1724 Hactenus
485 1679 851 1723 consideravimus
901 1692 1018 1722 actus
1067 1679 1281 1723 humanos
1318 1681 1360 1723 in
1400 1697 1538 1738 genere

109 1761 292 1795 naturae
326 1767 399 1794 seu
433 1751 651 1795 secundnm
685 1766 762 1794 esse
793 1752 1016 1809 physicum:
1048 1751 1227 1794 eosdem
1262 1753 1346 1794 iam
1391 1754 1538 1796 consi—

108 1821 261 1866 -derare
294 1821 500 1865 debemus
536 1823 576 1865 in
606 1837 744 1879 genere
779 1824 900 1865 moris
935 1838 1008 1864 seu
1041 1822 1257 1865 secundnm
1279 1838 1352 1866 esse
1376 1824 1538 1867 morale.

118 1894 237 1937 Haec
269 1894 385 1936 enim
420 1893 521 1950 duo,
546 1909 636 1936 esse
672 1893 901 1950 physicum
935 1905 975 1935 et
1008 1909 1099 1936 esse
1133 1893 1307 1948 morale,
1331 1906 1430 1937 sunt
1464 1896 1541 1938 rite

118 1965 163 2008 in
196 1964 432 2008 actionibus
467 1964 780 2021 distinguenda,
816 1977 860 2007 ut
894 1976 1006 2021 patet
1038 1981 1077 2007 v.
1111 1980 1151 2021 g.
1189 1965 1230 2007 111
1263 1967 1432 2008 actione
1464 1981 1540 2009 ex-

118 2049 239 2080 terna
272 2036 585 2080 ambulationis.
627 2055 647 2077 «
677 2038 793 2078 Haec
827 2037 943 2078 enim
989 2035 1211 2093 dupliciter
1246 2038 1424 2094 spectari
1458 2053 1541 2095 po-

119 2120 219 2161 test,
259 2109 313 2151 1.⁰
347 2108 389 2150 in
424 2123 580 2165 genere
613 2120 802 2163 naturae,
836 2119 1043 2165 quatenus
1079 2107 1201 2150 habet
1236 2123 1356 2150 suam
1394 2110 1540 2152 entita-

214 2315 271 2358 (1)
288 2314 380 2349 Vide
396 2315 438 2349 ib.
451 2326 551 2349 num.
567 2325 609 2349 2*⁷
626 2344 633 2357 ,
651 2315 708 2348 ubi
733 2316 765 2348 in
786 2314 853 2349 sine
874 2315 1061 2361 quaeritur,
1078 2327 1221 2348 curnam
1242 2314 1540 2359 concupiscentia

123 2374 338 2408 antecedens
366 2375 501 2408 minuat
530 2374 745 2416 libertatem,
782 2386 854 2408 non
885 2384 1003 2408 autem
1031 2375 1194 2408 eamdem
1230 2375 1368 2409 minuat
1407 2385 1542 2408 concu-

122 2433 297 2478 piscentia
325 2445 561 2479 consequens:
593 2442 625 2467 et
667 2435 755 2468 haec
796 2435 892 2468 ratio
931 2435 1146 2479 assignatur,
1183 2435 1260 2480 quia
1301 2444 1544 2480 consequens,

123 2503 226 2526 secus
252 2505 291 2527 ac
318 2494 548 2536 antecedens,
578 2504 630 2528 est
661 2494 863 2528 voluntaria
890 2503 923 2529 et
953 2494 1076 2528 libera.
1106 2495 1267 2528 Iamvero
1295 2493 1436 2527 habitus
1455 2504 1543 2539 quo-

119 2563 193 2598 que
219 2561 272 2587 est
299 2554 522 2587 voluntarius
551 2561 583 2587 et
611 2552 711 2587 liber.
