1734 2784
796 121 1029 173 -64-

323 218 442 258 Hauc
477 215 527 258 de
560 214 817 258 beatitudine
853 213 1062 256 obiectiva
1110 212 1441 269 disputationem
1491 211 1628 269 placet·

199 288 338 331 verbis
373 287 589 329 absolvere
613 302 643 329 s.
664 286 893 341 Augustini
917 284 1010 342 (1):
1032 302 1053 324 «
1074 285 1165 336 Qui
1188 285 1367 340 quaerit,
1398 282 1628 341 quomodo

201 358 250 401 ad
284 358 448 400 beatam
482 358 610 400 vitam
647 357 879 414 perveniat,
915 355 1017 397 nihil
1052 354 1164 397 aliud
1208 356 1385 412 quaerit,
1422 355 1501 397 nisi
1550 353 1639 398 ubi.

202 431 253 472 sit
286 429 378 471 finis
412 428 528 484 boui,
563 428 643 470 hoc
678 441 754 477 est,
792 425 860 468 ubi
910 427 1194 469 constitutum
1229 427 1311 478 sit,
1361 442 1447 469 non
1497 440 1622 484 prava

201 502 402 557 opinione
435 513 561 556 atque
595 499 834 549 temsraria,
871 496 943 540 sed
979 511 1089 540 certa
1112 511 1233 555 atque
1259 498 1509 541 inconcussa
1541 513 1622 540 ve-

202 573 349 623 ritite;
383 570 498 627 quod
533 586 552 612 a
587 569 793 626 quolibet,
828 568 898 610 ubi
933 570 1231 622 constituatur,
1266 585 1352 612 non
1397 570 1625 623 invenitur,

202 643 280 684 nisi
315 655 383 684 aut
417 643 457 684 iu
494 657 689 697 corpure,
726 654 795 682 aut
830 641 869 681 iu
919 641 1090 694 animo,
1123 654 1194 684 aut
1243 642 1283 683 in
1317 642 1428 698 Deo,
1461 653 1531 684 aut
1578 642 1621 684 in

203 712 368 754 duobus
402 711 611 768 aliquibus
646 710 817 766 horum,
851 722 921 753 aut
958 724 1068 754 certe
1102 713 1143 754 in
1177 711 1391 756 omnibus.
1420 711 1555 766 Quod
1587 712 1622 754 si

201 783 396 825 didiceris
431 798 568 839 neque
601 798 823 824 summum
858 781 1053 839 bonum,
1100 798 1178 826 nec
1225 782 1409 841 aliquam
1459 795 1623 841 partem

200 854 361 896 summi
393 852 494 895 boni
528 853 708 895 omuino
757 868 848 895 ess:
898 854 940 895 in
990 868 1197 910 corpore,
1245 853 1331 897 duo
1381 853 1627 910 restabunt,

200 926 367 967 animus
401 936 441 967 et
475 925 606 977 Deus,
641 940 828 981 quorum
863 924 926 967 vel
966 925 1008 966 in
1042 941 1129 967 uno
1162 925 1227 968 vel
1262 926 1303 967 in
1327 924 1534 968 ambobus
1558 926 1626 968 sit.

202 996 243 1038 Si
279 1008 420 1038 autem
455 994 654 1038 adieceris
687 1008 727 1038 et
761 994 956 1038 didiceris
991 995 1073 1039 hoc
1107 997 1221 1040 idem
1252 997 1303 1039 de
1337 998 1482 1040 animo
1506 996 1624 1054 quod

202 1066 252 1109 de
286 1082 480 1123 corpore,
515 1066 617 1124 quid
652 1066 764 1110 aliud
798 1067 882 1109 iam
918 1068 997 1109 nisi
1032 1069 1148 1111 Deus
1184 1080 1411 1121 occurret,
1447 1069 1486 1110 in
1535 1083 1626 1126 quo

202 1153 425 1180 summum
460 1137 648 1180 hominis
682 1137 846 1181 bonum
881 1140 1204 1183 constituatur?
1237 1140 1340 1183 Non
1385 1139 1502 1197 quod
1547 1138 1627 1182 alia

201 1208 311 1251 bona
345 1225 431 1251 non
468 1210 565 1265 siut,
599 1209 673 1253 sed
706 1225 929 1252 summum
963 1210 1004 1253 id
1040 1210 1206 1265 dicitur,
1240 1226 1327 1269 quo
1372 1223 1519 1253 cuncta
1551 1225 1628 1253 re-

201 1280 406 1323 feruntur.
443 1281 504 1324 Eo
542 1282 658 1324 enim
693 1281 874 1324 fruendo
909 1283 1091 1340 quisque
1133 1281 1279 1325 beatus
1322 1294 1412 1335 est,
1448 1293 1627 1340 propter

199 1351 315 1408 quod
350 1364 485 1395 cetera
517 1352 606 1394 vult
654 1352 840 1407 habere,
875 1368 973 1396 cum
1023 1352 1127 1396 illud
1177 1354 1260 1396 iam
1310 1368 1398 1396 non
1449 1364 1625 1410 propter

199 1421 327 1474 aliud,
364 1422 436 1465 sed
469 1436 643 1480 propter
675 1424 865 1480 seipsum
916 1423 1125 1480 diligatur.
1179 1425 1232 1467 Et
1280 1423 1376 1466 ideo
1424 1421 1519 1466 finis
1567 1421 1624 1465 ibi

200 1493 370 1545 dicitur,
395 1494 492 1550 quia
525 1495 607 1536 iam
642 1509 728 1551 quo
763 1507 955 1537 excurrat
981 1508 1020 1538 et
1046 1511 1132 1552 quo
1157 1494 1361 1538 referatur
1387 1510 1474 1537 non
1499 1495 1629 1537 inve-

201 1566 329 1606 nitur.
358 1563 415 1606 [bi
451 1565 618 1622 requies
653 1564 893 1622 appetendi,
913 1564 966 1608 ibi
993 1564 1159 1611 fruendi
1194 1566 1412 1619 securitas,
1431 1564 1485 1608 ibi
1508 1577 1623 1608 tran·

199 1635 503 1692 quillissimum
521 1635 727 1692 gaudium
747 1637 887 1694 optim
898 1653 936 1680 te
957 1637 1231 1680 voluntatis.»
1253 1637 1352 1681 Alio
1372 1638 1414 1679 in
1436 1636 1532 1679 loco
1549 1635 1626 1695 (2)

201 1705 308 1747 hauc
342 1705 465 1748 habet
498 1706 753 1764 praeclaram
788 1723 887 1750 sane
920 1709 1204 1752 sententiam:
1230 1726 1250 1749 «
1277 1709 1383 1751 Non
1416 1707 1512 1750 facit
1545 1706 1625 1750 ho-

200 1778 363 1819 minem
396 1776 579 1824 beatum,
615 1778 694 1820 nisi
729 1779 801 1835 qui
835 1777 933 1821 fecit
967 1778 1205 1822 hominem.
1239 1779 1353 1822 Nam
1403 1778 1476 1836 qui
1509 1789 1624 1820 tanta

202 1860 414 1890 creaturae
446 1863 545 1891 suae
578 1848 688 1891 bona
720 1848 842 1892 bonis
877 1849 1085 1907 malisque
1119 1849 1309 1906 largitur,
1344 1862 1391 1892 ut
1424 1850 1540 1902 sint,
1576 1862 1627 1891 ut

201 2043 257 2076 del
284 2044 385 2084 bene,
413 2056 431 2077 a
458 2044 513 2077 cui
541 2044 568 2078 si
595 2044 713 2087 tende;
740 2045 863 2086 niuno,
884 2044 976 2086 dico,
997 2043 1031 2077 di
1056 2043 1170 2090 questi
1198 2044 1280 2078 beni
1300 2046 1371 2090 pub
1392 2043 1474 2077 dirsi
1495 2043 1518 2077 il
1538 2054 1625 2089 pro-

199 2103 277 2147 prio
304 2103 477 2145 obbietm,
505 2115 524 2137 a
552 2104 605 2137 cui
635 2104 742 2138 tende
772 2105 806 2138 la
836 2112 957 2138 nostra
983 2103 1146 2145 volonta‚
1176 2103 1289 2137 niuno
1317 2105 1389 2148 pub
1416 2102 1501 2136 dirsi
1532 2102 1627 2137 bene

200 2174 301 2208 puro,
329 2163 522 2205 illimitato,
550 2173 736 2208 perpetuo,
766 2164 915 2198 Escluso
944 2166 1017 2198 cosi
1046 2164 1133 2209 ogni
1161 2163 1253 2197 bene
1292 2162 1459 2205 limitato,
1486 2161 1623 2196 chiara·

197 2230 319 2254 mente
345 2221 532 2266 apparisce
559 2222 723 2255 obbietto
753 2223 900 2267 proprio
921 2222 956 2255 di
974 2230 1099 2256 nostra
1117 2220 1267 2255 volonta
1298 2231 1414 2255 essere
1440 2219 1520 2255 solo
1540 2219 1623 2253 l’in-

197 2279 300 2314 sinito
328 2281 451 2314 Essere
479 2279 615 2321 divino,
644 2280 712 2314 alla
736 2281 793 2314 cui
815 2281 1031 2326 cognizioue
1058 2280 1165 2314 tende
1185 2280 1219 2314 in
1239 2281 1302 2314 noi
1321 2277 1622 2324 l'intelligenza.»

295 2339 351 2383 (1)
380 2339 489 2384 Epist.
517 2338 682 2373 CXVIII.
710 2349 739 2383 9.

293 2398 350 2443 (2)
380 2399 486 2443 Epist.
515 2398 621 2433 CLV.
651 2400 718 2433 Pro
746 2399 812 2433 hac
839 2399 933 2433 thesi
959 2398 1001 2434 cf.
1031 2400 1210 2441 Boetiuxn‚
1236 2397 1326 2444 phil.
1343 2395 1499 2439 consol„
1527 2407 1627 2442 prae·

199 2457 320 2490 sertim
348 2457 370 2493 l.
400 2458 441 2492 ΙΙ.
468 2467 502 2492 et
531 2458 602 2499 HL,
628 2458 662 2491 in
690 2458 829 2503 quibus,
857 2466 894 2492 ut
923 2459 997 2504 ipse
1032 2459 1094 2500 ait,
1126 2472 1143 2489 «
1162 2457 1346 2492 mendacis
1372 2454 1527 2490 formam
1555 2453 1615 2490 fe-

202 2515 347 2550 licsstatis
375 2517 546 2552 ostendit.
567 2531 584 2548 »
