1734 2784
795 86 1057 129 —186—

214 183 327 226 nulla
359 183 403 226 de
434 199 472 226 stt
508 181 629 238 mala,
663 182 745 223 iam
779 180 890 224 nulla
923 181 1049 224 etiam
1093 179 1214 223 datur
1262 181 1371 223 actio
1419 180 1530 224 bona
1562 180 1627 224 vel

216 256 324 298 mala
356 263 632 311 ronquncntet·
665 253 714 296 ad
748 253 975 310 positivam
1010 251 1188 309 legitimi
1233 253 1464 309 superioris
1506 251 1626 296 ordi-

215 329 447 379 nationem,
481 339 520 368 et
555 324 733 382 proinde
767 323 880 366 nulla
913 339 1089 381 prorsus
1123 324 1265 366 existit
1297 323 1526 380 moralitas,
1549 338 1622 366 ne-

215 414 296 455 que
330 399 555 440 intrinseca
588 412 726 453 neque
759 397 885 438 etiam
919 396 1170 448 extrinseca,
1205 411 1326 439 secus
1350 411 1395 438 ac
1427 394 1627 453 probavi-

215 486 312 512 mus
342 471 383 512 in
402 469 510 512 thesi
536 468 867 522 undevicesima,
889 468 930 509 in
955 483 1035 525 qua
1064 466 1145 510 hoc
1177 483 1276 510 sane
1305 466 1521 510 effecimus
1543 466 1626 510 ali-

216 556 339 598 quam
362 539 644 597 proculdubio
679 554 770 581 esse
805 537 1109 580 admittendam
1135 539 1430 581 moralitatem.
1451 539 1628 591 Quaero

215 612 347 663 enim,
374 626 546 652 curnam
572 626 605 652 e.
630 625 668 666 g.
696 608 802 650 mala
827 607 904 651 fuit
927 610 1034 651 actio
1058 609 1225 662 Adami,
1245 608 1416 667 quando
1440 624 1620 666 pomum

216 684 402 726 comedit
438 695 581 724 contra
615 680 950 738 prohibitionem
985 681 1039 723 illi
1076 680 1223 724 factam
1260 697 1282 724 a
1313 682 1436 724 Deo?
1459 681 1623 738 Nequit

213 754 325 797 aliud
360 752 623 810 responderi,
657 752 738 794 nisi
771 752 867 805 hoc,
901 753 997 809 quia
1030 751 1107 794 fuit
1151 765 1266 795 actus
1315 751 1621 795 inobedientiae

215 826 334 868 Deo:
369 822 654 866 inobedientia
686 835 827 866 autem
876 824 970 865 Deo
1019 836 1081 865 est
1114 824 1220 866 actio
1264 823 1308 866 de
1352 840 1389 867 513
1424 822 1543 866 mala.
1576 822 1621 866 Si

214 895 295 938 hoc
328 910 416 937 non
450 894 663 947 admittas,
697 893 809 936 nulla
857 906 919 936 est
968 894 1088 950 ratio,
1137 910 1209 936 cur
1253 894 1365 937 dicas
1413 895 1624 937 actionem

214 967 328 1009 illam
361 966 515 1010 Adami
549 965 679 1008 fuisse
713 965 866 1008 malam
902 965 1130 1009 moraliter.
1165 967 1278 1022 Ergo
1313 965 1528 1009 moralitas
1549 981 1622 1009 ex-

213 1041 383 1082 trinseca
416 1037 616 1080 fundatur
664 1038 706 1079 in
756 1039 969 1080 intrinseca
1007 1037 1095 1096 (Ι),
1131 1050 1171 1080 et
1209 1037 1386 1095 proinde
1435 1039 1470 1081 si
1512 1036 1624 1080 nulla

214 1110 335 1153 detur
367 1109 477 1152 actio
511 1108 555 1151 de
589 1124 626 1152 sc
659 1108 782 1165 bona,
816 1108 927 1151 nulla
958 1108 1004 1151 de
1037 1125 1074 1152 sc
1109 1108 1228 1162 mala,
1254 1110 1335 1152 iam
1358 1108 1470 1152 nulla
1502 1124 1621 1166 pror-

213 1197 284 1223 sus
318 1182 458 1224 existit
490 1179 704 1223 moralitas
740 1196 826 1222 non
861 1179 994 1222 modo
1029 1182 1264 1233 intrinseca,
1290 1179 1363 1224 sed
1386 1196 1437 1222 ne
1469 1182 1623 1224 extrin-

211 1268 294 1296 seca
325 1252 514 1310 quidem,
547 1264 587 1295 et
623 1264 934 1308 consequenter
967 1252 1108 1294 omnis
1153 1268 1324 1295 morum
1359 1252 1531 1295 scientia
1564 1263 1628 1294 est

214 1324 340 1377 nulla,
375 1335 522 1381 utpote
557 1338 635 1365 suo
671 1321 839 1365 obiecto
873 1337 1050 1379 prorsus
1084 1322 1293 1366 destituta.

332 1396 406 1438 IV.
440 1393 562 1438 Adde
595 1402 767 1452 quarto:
804 1394 837 1435 si
870 1393 982 1436 nulla
1030 1393 1152 1436 detur
1199 1395 1309 1437 actio
1358 1395 1402 1437 de
1433 1410 1470 1438 se
1503 1394 1628 1452 bona,

214 1465 328 1509 nulla
361 1467 405 1509 [Ic
437 1481 474 1509 sc
509 1465 635 1523 mala,
666 1479 767 1508 tunc
799 1481 898 1508 sane
924 1465 1150 1508 dicendum
1174 1465 1297 1518 foret,
1323 1467 1480 1520 Deum,
1504 1467 1625 1524 quid-

214 1537 317 1595 quid
350 1538 570 1595 praecipit,
607 1553 640 1580 e.
675 1553 716 1594 g.
752 1550 985 1580 creaturam
1020 1536 1172 1580 debere
1195 1539 1384 1580 venerari
1418 1550 1457 1581 et
1487 1538 1626 1581 colere

213 1625 339 1651 suum
375 1610 640 1662 Creatorem,
691 1610 747 1651 ita
795 1610 1047 1666 praecipere,
1097 1622 1141 1651 ut
1191 1610 1400 1667 potuisset
1447 1610 1489 1654 id
1537 1625 1623 1653 non

212 1680 473 1737 praecipere,
509 1679 581 1723 sed
616 1679 846 1723 concedere
888 1680 1080 1723 eiusdem
1114 1681 1290 1723 actionis
1325 1682 1623 1739 omissionem,

214 1763 284 1794 aut
317 1753 443 1794 etiam
477 1751 671 1795 eiusdem
715 1753 891 1794 actionis
933 1753 1193 1809 positionem
1240 1752 1490 1810 prohibere:
1525 1767 1564 1797 et
1600 1770 1621 1797 e

214 1823 426 1865 contrario
460 1823 515 1865 ita
547 1823 775 1880 prohibere
810 1822 1016 1881 quidquid
1050 1823 1256 1881 prohibet,
1290 1841 1324 1867 e.
1349 1841 1388 1881 g.
1424 1824 1624 1883 blasphe-

213 1895 358 1947 miam,
393 1907 437 1937 ut
472 1896 681 1951 potuisset
723 1910 809 1938 non
857 1894 1100 1952 prohibere,
1145 1895 1218 1938 scd
1268 1897 1513 1951 concedere,
1555 1897 1623 1940 vel

214 1966 339 2007 etiam
375 1965 546 2022 iubere3
580 1982 631 2008 eo
666 1982 764 2009 sane
797 1978 938 2023 pacto,
974 1982 1059 2024 quo
1084 1978 1247 2024 poterat
1270 1967 1388 2010 Deus
1412 1982 1499 2010 non
1522 1984 1628 2025 pro-

212 2035 356 2079 hibere
389 2036 572 2094 Adamo,
606 2053 657 2080 ne
692 2053 873 2095 pomum
916 2036 1173 2094 comederet,
1207 2036 1281 2080 sed
1314 2037 1396 2080 hoc
1429 2039 1465 2081 ei
1502 2038 1628 2096 plene

215 2107 492 2165 absoluteque
527 2108 770 2151 concedere.
805 2102 934 2166 Atqui
983 2108 1083 2151 haec
1131 2125 1222 2151 esse
1270 2108 1448 2152 absurda
1495 2125 1625 2153 nemo

212 2194 298 2221 non
331 2178 457 2222 videt.
492 2180 549 2222 Ut
582 2180 697 2221 enim
731 2179 983 2222 concederet
1032 2181 1149 2222 Deus
1192 2179 1512 2238 blasphemiam,
1545 2180 1624 2223 de—

211 2250 326 2293 beret
358 2251 640 2308 semetipsum
673 2251 913 2305 existimare
960 2250 1185 2308 indignum
1223 2251 1344 2295 laude
1394 2264 1434 2294 et
1473 2267 1620 2295 amore

304 2434 359 2478 (1)
389 2433 442 2469 Cf.
468 2434 622 2477 Baimes,
649 2433 726 2469 Eth.
755 2445 832 2480 cap.
862 2435 970 2478 XIII„
997 2436 1055 2469 ubi
1083 2436 1249 2478 ostendit,
1275 2447 1343 2482 qua
1370 2436 1508 2471 ratione
1533 2435 1623 2470 ordo

211 2492 360 2526 moralis
385 2492 428 2526 ad
451 2493 539 2527 illud
564 2504 601 2527 se
628 2493 830 2539 protendat,
853 2494 947 2539 quod
975 2505 1016 2528 ex
1034 2495 1223 2529 intrinseca
1242 2496 1451 2530 necessitate
1469 2495 1618 2529 minime

213 2551 256 2585 ad
284 2553 403 2596 ipsum
430 2552 594 2597 pertinet.
