1734 2784
806 105 1039 147 -40-

214 206 336 248 saepe
370 188 570 232 volumus
615 186 737 230 nobis
786 185 988 229 malum?
1021 183 1390 243 Respondendum
1438 197 1514 238 est,
1548 199 1628 228 nos

211 277 427 319 nunquam
447 259 551 303 velle
583 258 705 301 nobis
731 257 890 300 malum
924 257 1215 315 reduplicativa
1230 268 1270 300 et
1274 255 1531 314 formaliter,
1551 272 1626 300 seu

211 344 419 391 quatenus
453 330 612 374 malum
627 342 704 386 est,
721 328 794 372 sed
813 327 953 371 solum
990 327 1251 371 materialiter
1283 325 1408 371 nobis
1428 326 1627 385 quando-

212 420 294 461 que
313 402 416 446 velle
435 402 511 444 sub
536 402 698 444 ratione
715 399 816 443 boni
836 398 892 455 id,
917 398 1034 457 quod
1049 397 1171 441 nobis
1191 413 1336 456 reapse
1361 409 1424 441 est
1444 397 1623 442 malum.

211 477 377 533 Nempe
427 476 469 517 in
517 489 583 526 eo,
631 471 745 530 quod
778 470 902 514 nobis
945 482 1008 513 est
1051 469 1228 527 malum,
1260 468 1626 527 apprehendimus
1643 483 1653 492 ·

210 546 393 604 aliquam
419 546 626 589 rationem
650 543 766 599 boni,
791 543 878 585 sive
903 540 1160 585 delectabilis
1180 541 1269 584 sive
1287 540 1421 598 utilis,
1447 556 1627 600 eamque

210 620 462 676 appetimus.
487 618 588 670 Qua
612 615 661 658 de
696 630 738 658 re
775 613 912 657 fusius
938 614 980 656 in
1000 611 1297 671 Metaphysica
1327 613 1392 670 agi
1426 611 1625 670 solet(1).

210 715 266 724 -—
299 690 421 735 Adde
473 689 538 747 3⁰)
589 687 876 731 necessarium
921 685 1033 729 hunc
1070 685 1306 743 appetitum
1355 683 1625 729 beatitudinis

208 778 300 805 esse
320 763 516 804 rationem
541 759 744 803 omnium
777 756 1088 802 desideriorum
1113 756 1200 799 sive
1224 767 1423 800 motuum
1458 768 1627 801 nostrae

206 948 248 981 ab
275 946 444 981 omnibus
471 943 583 990 quoad
609 943 891 991 speczficationem
917 946 1025 984 actus,
1053 952 1127 976 non
1155 950 1276 976 tamen
1295 939 1404 988 quoad
1420 946 1513 976 actus
1529 952 1626 976 exer·

205 1007 337 1048 citium,
366 1014 403 1040 ut
430 1003 639 1051 philosophi
666 1004 871 1050 loquuntur.
897 1004 1024 1050 Neque
1042 1001 1139 1036 enim
1168 1012 1298 1036 omnes
1314 1012 1457 1048 semper
1482 1001 1527 1037 de
1543 1002 1625 1036 bea-

206 1066 359 1101 titudine
387 1065 562 1111 cogitant‚
590 1075 718 1110 neque,
744 1065 772 1098 si
798 1064 970 1110 cogitent,
997 1061 1202 1097 necessario
1231 1070 1352 1095 actum
1379 1061 1513 1096 amoris
1532 1072 1624 1108 erga

205 1125 302 1174 illam
330 1124 489 1167 eliciunt,
517 1135 598 1158 cum
635 1123 803 1159 voluntas
828 1125 872 1159 sit
899 1123 1023 1165 libera,
1053 1131 1086 1157 et
1124 1132 1162 1156 se
1200 1121 1312 1167 possit
1340 1121 1382 1156 ab
1410 1130 1491 1157 actu
1531 1122 1624 1157 circa

205 1175 356 1234 quodvis
383 1184 567 1219 obiectum
595 1183 630 1218 in
658 1183 725 1218 hac
751 1183 824 1218 vita
853 1183 1035 1218 cohibere.
1065 1183 1103 1217 Si
1128 1191 1251 1216 tamen
1279 1181 1371 1215 circa
1399 1180 1500 1215 illam
1537 1191 1621 1216 ver-

200 1246 272 1279 sari
298 1244 397 1287 velit,
423 1255 497 1278 non
524 1253 642 1290 potest
670 1245 738 1279 nisi
765 1254 888 1279 amore
916 1253 950 1279 et
976 1232 1154 1279 desiderio
1180 1242 1215 1276 id
1242 1241 1391 1277 efficere.
1417 1241 1538 1276 Nemo
1557 1252 1624 1287 po-

201 1314 270 1340 test
296 1316 377 1351 vere
404 1314 437 1340 et
465 1316 505 1339 ex
532 1304 655 1338 animo
682 1304 811 1339 dicere:
841 1303 929 1338 nolo
958 1313 1039 1338 esse
1065 1303 1203 1339 beatus.
1231 1301 1317 1336 volo
1349 1294 1425 1336 esse
1463 1301 1619 1337 miser.»

202 1364 301 1399 Idem
328 1364 435 1398 docet
461 1375 486 1397 s.
516 1362 692 1406 Thomas,
718 1362 761 1397 de
799 1361 882 1397 Mal.
911 1374 942 1409 q.
970 1361 1002 1397 6.
1030 1369 1094 1396 art.
1121 1372 1193 1397 un.:
1239 1361 1350 1406 «Ipsa
1387 1359 1622 1395 beatitudinis

202 1424 372 1470 appetitio
401 1435 442 1457 ex
468 1423 678 1458 necessitate
705 1431 757 1457 est
796 1427 962 1469 quantum
991 1421 1034 1455 ad
1061 1420 1373 1455 determinationem
1411 1424 1514 1462 actus,
1541 1418 1621 1465 quia

202 1495 275 1518 non
302 1490 418 1529 potest
444 1482 537 1517 velle
561 1482 787 1528 oppositum3
809 1493 883 1516 non
911 1490 1034 1517 autem
1062 1485 1222 1527 quantum
1241 1478 1284 1514 ad
1302 1479 1501 1515 exercitium
1519 1482 1622 1520 actus,

199 1543 280 1590 quia
305 1551 422 1590 potest
448 1542 574 1589 aliquis
601 1553 676 1577 non
701 1542 794 1576 velle
814 1551 900 1577 tunc
921 1542 1080 1588 cogitare
1100 1540 1143 1575 de
1160 1538 1428 1575 beatitudine.»
1451 1537 1509 1575 Cf.
1525 1538 1616 1574 Sua-

199 1614 265 1644 ΓΕΖ,
282 1602 439 1648 Metaph.
466 1602 551 1648 disp.
579 1602 677 1636 XIX.
705 1610 791 1637 sect.
819 1601 912 1636 VIII.

291 1664 346 1707 (1)
377 1662 530 1697 «Potest
557 1661 695 1708 aliquis,
725 1671 762 1696 ut
789 1662 837 1696 ait
872 1662 1050 1704 Becanus,
1080 1660 1122 1695 de
1162 1659 1337 1695 beatitud.
1365 1668 1399 1694 et
1425 1667 1491 1695 act.
1519 1658 1618 1696 hum.

199 1733 274 1767 cap.
301 1722 343 1756 ΙΙ.
371 1730 505 1768 quaest.
530 1722 623 1763 VII„
651 1722 715 1757 sibi
743 1722 807 1767 ipsi
836 1721 927 1757 velle
956 1721 1105 1763 malum,
1122 1731 1306 1767 tamquam
1332 1720 1516 1756 obiectum
1541 1732 1618 1756 ma·

199 1781 328 1822 ἰενίαἷε,
358 1780 419 1815 sed
444 1792 519 1815 non
545 1790 662 1827 potest
688 1781 796 1823 velle,
824 1782 893 1817 nisi
917 1781 974 1816 sub
1000 1782 1132 1816 ratione
1158 1781 1247 1815 boni.
1266 1780 1345 1814 Hoc
1367 1779 1405 1815 fit
1424 1781 1459 1814 in
1478 1779 1618 1815 duobus

199 1840 349 1874 casibus.
379 1838 505 1882 Primo,
533 1841 676 1888 quando
703 1841 822 1876 sciens
846 1842 983 1886 appetit
1017 1852 1092 1876 rem
1126 1839 1290 1875 illicitam
1325 1847 1360 1874 et
1398 1839 1616 1885 prohibitam

196 1908 344 1944 propter
370 1899 528 1946 aliquam
554 1900 744 1936 utilitatem
773 1908 832 1935 aut
867 1900 1152 1942 delectationem,
1181 1911 1270 1947 quae
1294 1899 1346 1934 illi
1384 1911 1521 1934 annexa
1550 1909 1614 1935 est.

198 1957 356 2000 Secundo,
386 1958 527 2005 quando
555 1959 691 2005 appetit
718 1959 785 1994 sibi
811 1968 984 2002 mortem,
1004 1968 1043 1994 ut
1070 1959 1196 1995 evadat
1225 1959 1319 1994 aliud
1352 1959 1501 2003 malum,
1521 1960 1616 2007 quod

197 2026 296 2063 putat
322 2018 463 2063 gravius
489 2029 566 2052 esse
592 2028 721 2053 morte:
752 2027 784 2054 ct
811 2018 990 2061 similiter,
1022 2018 1166 2065 quando
1194 2018 1330 2065 appetit
1355 2018 1421 2053 sibi
1459 2030 1614 2064 poenam

196 2078 448 2123 temporalem,
477 2088 514 2113 ut
542 2079 653 2124 possit
680 2079 830 2114 evadere
858 2087 1086 2114 aeternam.»
1121 2080 1161 2114 In
1189 2091 1306 2125 poena
1331 2079 1522 2126 temporali
1549 2091 1613 2126 ap-
1644 2080 1647 2081 ⁷

197 2136 328 2182 petitur
353 2137 491 2172 amotio
519 2149 657 2183 poenae
684 2148 861 2182 aeternae,
881 2151 971 2186 quae
999 2139 1135 2174 amotio
1160 2150 1279 2174 verum
1306 2147 1358 2174 est
1397 2140 1557 2174 bonum:
1578 2140 1613 2173 in

196 2204 313 2231 morte
339 2196 405 2231 sibi
431 2196 528 2231 illata
555 2198 739 2243 appetitur
765 2200 918 2234 cessatio
946 2200 1144 2242 malorum,
1175 2210 1263 2246 quae
1299 2198 1614 2245 apprehenduntur

194 2255 358 2301 graviora
386 2264 502 2290 morte
530 2257 615 2302 ipsa,
643 2269 732 2303 quae
761 2260 913 2293 cessatio
943 2267 993 2293 est
1023 2259 1162 2294 bonum
1191 2265 1369 2305 apparens.
1398 2257 1454 2293 Cf.
1482 2257 1608 2301 s.'rh.‚

202 2326 225 2349 1.
255 2327 286 2360 p.
315 2327 345 2362 q.
378 2325 428 2360 19-
455 2327 484 2349 a.
511 2327 556 2361 9.:
590 2317 814 2364 «Nunquam
842 2326 1066 2364 appeteretur
1090 2317 1238 2360 malum,
1260 2328 1326 2352 nec
1353 2328 1417 2364 per
1436 2317 1612 2360 accidens,

197 2374 261 2408 nisi
288 2375 425 2409 bonum
454 2375 508 2409 cui
535 2376 762 2423 coniungitur
794 2377 944 2419 malum,
976 2379 1090 2424 magis
1129 2385 1369 2424 appeteretur,
1397 2388 1502 2423 quam
1541 2377 1611 2411 bo-

195 2445 294 2476 num,
321 2434 417 2480 quod
444 2435 601 2480 privatur
627 2446 687 2481 per
713 2437 899 2471 malum.»
928 2436 984 2471 Cf.
1013 2438 1119 2472 etiam
1148 2449 1177 2473 s.
1207 2437 1372 2472 Thomae
1408 2445 1607 2471 comment.

199 2493 231 2526 in
260 2491 281 2526 l.
313 2504 342 2528 1.
373 2493 485 2528 Ethic.
513 2493 592 2529 lect.
614 2505 639 2528 1.
667 2495 721 2529 De
749 2494 977 2532 distinctione
1003 2497 1089 2531 boni
1116 2497 1151 2532 in
1177 2507 1293 2531 varum
1315 2505 1349 2531 et
1374 2502 1542 2543 apparens
1566 2494 1610 2530 cf.

196 2550 362 2586 Palmicri
391 2551 565 2599 Ontolog.
593 2552 682 2588 thes.
712 2554 772 2588 xl.
