1734 2784
677 93 853 136 ..209
891 105 944 111 -

104 177 346 222 remedium
398 188 545 220 contra
591 175 887 233 fatigationem
935 175 1162 220 animalem
1210 176 1399 222 adhiberi
1448 196 1524 238 per

103 250 288 308 aliquam
316 248 658 306 delectationem,
690 249 931 291 intermissa
963 249 1203 292 intensione
1238 249 1288 293 ad
1320 251 1518 295 insisten—

105 321 208 365 dum
239 319 383 364 studio
414 321 604 363 rationis.
639 320 757 363 Sicut
790 320 832 362 in
859 319 1171 363 Collationibus
1195 321 1370 364 Patrum
1403 322 1519 380 legi-

104 405 200 450 tur,
233 390 351 450 quod
381 390 420 435 b.
454 392 633 434 Ioannes
667 389 958 448 Evangelista,
991 406 1090 434 cum
1123 390 1298 449 quidam
1342 394 1525 438 scanda-

102 464 357 517 lizarentur,
391 462 510 521 quod
542 479 642 505 eum
676 478 775 506 cum
808 462 1027 520 discipulis
1067 464 1155 505 suis
1198 463 1419 508 ludentem
1452 468 1523 509 in-

103 536 312 588 venirent,
346 533 501 577 dicitur
524 533 747 577 mandasse
776 535 847 575 uni
881 550 1047 587 eorum,
1071 535 1143 592 qui
1166 550 1311 578 arcum
1336 537 1529 595 gerebat,

104 619 151 649 ut
183 606 382 663 sagittam
414 604 619 648 traheret:
646 604 764 662 quod
798 621 894 647 cum
929 604 1087 662 pluries
1111 605 1291 663 fecisset,
1310 610 1523 664 quaesivit

104 689 251 721 utrum
285 676 368 719 hoc
401 676 603 719 continue
636 675 774 718 facere
807 689 981 734 posset3
1016 678 1088 733 qui
1122 677 1367 734 respondit,
1405 680 1523 737 quod

105 750 141 792 si
173 748 256 792 hoc
288 748 488 791 continue
522 746 689 804 faceret,
722 763 842 790 arcus
877 747 1155 804 frangeretur.
1181 749 1309 792 Unde
1342 749 1379 794 b.
1399 752 1524 794 Ioan-

104 835 180 863 nes
213 819 464 872 subintulit,
498 819 614 876 quod
648 819 844 861 similiter
877 820 1042 861 animus
1077 819 1266 863 hominis
1297 820 1522 879 frangere-

105 902 188 944 tur,
222 892 257 933 si
289 905 527 947 numquam
552 905 573 931 a
595 905 670 931 sua
692 890 930 932 intensione
953 889 1222 934 relaxaretur.
1253 892 1520 935 Huiusmodi

106 974 249 1005 autem
283 960 392 1004 dicta
422 960 487 1004 vel
519 960 638 1017 facta,
671 962 712 1003 in
747 960 899 1018 quibus
933 976 1020 1003 non
1068 963 1285 1018 quaeritur
1332 964 1413 1006 nisi
1447 963 1526 1007 de-

105 1033 275 1076 lectatio
307 1032 515 1085 animalis,
565 1045 771 1075 vocantur
819 1032 979 1075 ludicra
1021 1034 1085 1075 vel
1134 1035 1290 1077 iocosa.
1342 1037 1392 1078 Et
1426 1035 1524 1078 ideo

107 1119 280 1148 necesse
312 1116 375 1147 est
406 1103 557 1146 talibus
591 1103 807 1146 interdum
841 1105 917 1155 uti,
954 1107 1072 1161 quasi
1097 1105 1146 1147 ad
1169 1105 1398 1162 quamdam
1434 1108 1529 1149 ani-

106 1192 201 1219 mae
225 1176 428 1233 quietem.
455 1193 477 1214 »
500 1176 620 1219 Tum
652 1191 754 1218 vero
781 1188 941 1232 monet,
965 1177 1041 1219 tria
1066 1177 1108 1219 in
1132 1176 1381 1221 huiusmodi
1406 1178 1525 1221 factis

107 1248 283 1292 dictisve
310 1246 484 1290 ludicris
517 1263 609 1290 esse
657 1247 866 1291 cavenda:
907 1249 960 1289 1.‘'
994 1264 1045 1290 ne
1078 1264 1124 1291 ea
1157 1250 1240 1291 sint
1287 1252 1426 1307 turpia
1458 1250 1525 1293 vel

106 1320 272 1372 nociva,
306 1322 366 1361 2.⁰
399 1334 451 1361 ne
483 1318 668 1361 totaliter
701 1319 881 1375 gravitas
915 1321 1081 1362 animae
1113 1320 1362 1374 resolvatur,
1390 1323 1447 1377 3.⁰
1473 1339 1525 1365 ne

106 1391 191 1433 sint
222 1405 417 1447 persona,
450 1401 660 1447 tempore,
692 1389 788 1432 loco
822 1389 1009 1447 indigna.
1043 1393 1106 1434 Ac
1139 1390 1316 1434 demum
1352 1393 1526 1436 conclu-

108 1461 189 1505 dit:
229 1478 250 1502 «
280 1459 382 1504 Ideo
417 1461 522 1503 circa
554 1459 679 1503 ludos
714 1473 856 1518 potest
889 1477 981 1505 esse
1025 1462 1162 1520 aliqua
1204 1465 1354 1521 virtus,
1394 1481 1524 1522 quam

107 1531 400 1590 Philosophus
432 1532 717 1589 Eutrapeliam
750 1534 967 1577 nominat:
1002 1546 1042 1577 et
1077 1534 1232 1577 dicitur
1265 1535 1415 1593 aliquis
1449 1553 1526 1579 στι-

107 1594 290 1662 trdpelzts
323 1602 394 1662 (ab
430 1603 474 1644 εὖ
498 1603 605 1646 bene
629 1616 668 1646 et
697 1603 841 1659 τρέπω
876 1606 1018 1664 verto)
1052 1622 1073 1648 a
1095 1605 1206 1649 bona
1229 1608 1526 1662 conversione,

109 1674 208 1734 quia
240 1673 399 1717 scilicet
439 1674 545 1717 bene
579 1676 786 1717 convertit
818 1675 956 1733 aliqua
987 1676 1098 1720 dicta
1128 1678 1193 1720 vel
1232 1677 1338 1721 facta
1371 1679 1415 1721 in
1454 1694 1530 1721 so-

108 1746 279 1790 latium:
315 1759 356 1790 et
378 1747 633 1804 inquantum
657 1763 731 1804 per
755 1747 858 1790 lianc
883 1749 1087 1791 virtutem
1111 1748 1245 1792 homo
1270 1748 1529 1792 refraenatur

112 1817 160 1861 ab
180 1817 509 1861 immoderantia
540 1817 759 1870 ludorum,
795 1819 871 1862 sub
905 1821 1116 1864 modestia
1155 1823 1408 1866 continetur.
1444 1840 1463 1861 »

228 1891 282 1934 V.
309 1889 508 1933 Tandem
551 1901 597 1931 ut
630 1889 816 1933 brevitati
870 1892 1174 1949 consulamus,
1211 1892 1412 1936 nonnulla
1455 1894 1535 1936 alia

112 1962 258 2020 paucis
301 1962 545 2005 innuemus.
578 1985 638 1993 —e
664 1961 705 2019 α.)
740 1963 838 2005 Non
872 1978 1022 2006 omnes
1048 2000 1057 2017 ‚
1096 1980 1202 2022 quae
1249 1964 1384 2008 bonae
1420 1977 1533 2017 sunt,

113 2033 302 2076 actiones
324 2031 372 2075 ab
397 2031 647 2075 hominibus
666 2030 916 2077 laudantur:
942 2035 1021 2078 boc
1045 2047 1188 2078 autem
1218 2037 1353 2078 oritur
1385 2052 1433 2078 ex
1463 2050 1533 2087 eo,

114 2253 218 2289 Ludo
243 2262 364 2287 autem
391 2262 424 2286 et
454 2254 535 2286 ioco
576 2253 624 2286 uti
665 2252 728 2285 illo
774 2251 916 2297 quidem
958 2253 1065 2285 licet:
1105 2252 1166 2286 sed
1206 2254 1295 2286 sicut
1336 2264 1466 2287 somno
1496 2262 1532 2287 et

115 2312 293 2359 quietibus
319 2313 461 2354 ceteris,
491 2321 566 2345 tum
593 2323 673 2346 cum
703 2312 868 2357 gravibus
896 2313 1066 2357 seriisque
1107 2314 1212 2346 rebus
1246 2313 1538 2347 satisfecerimus.

115 2372 308 2419 Ipsumque
336 2384 448 2418 genus
475 2372 617 2406 iocandi
645 2382 718 2405 non
757 2371 940 2417 profusum
980 2384 1044 2406 nec
1078 2373 1349 2414 immodestum,
1384 2373 1444 2406 sed
1472 2374 1534 2407 in-

115 2442 275 2478 genuum
302 2441 335 2466 et
362 2431 516 2466 facetum
544 2442 620 2465 esse
646 2431 763 2466 debet.
789 2431 838 2466 Ut
857 2431 953 2465 enim
975 2432 1094 2477 pueris
1114 2444 1187 2466 non
1206 2444 1355 2466 omnem
1386 2432 1534 2466 ludendi

113 2489 298 2525 licentiam
336 2491 474 2531 damus,
502 2490 563 2524 sed
601 2501 692 2533 eam,
732 2502 820 2537 quae
858 2492 900 2525 ab
940 2491 1102 2526 honestis
1138 2493 1339 2526 actionibus
1381 2504 1453 2526 non
1491 2494 1538 2525 sit

117 2548 254 2592 aliena;
281 2550 330 2584 sic
357 2551 392 2585 in
420 2551 498 2595 ipso
526 2551 606 2584 ioco
635 2550 782 2597 aliquod
808 2551 908 2597 probi
938 2552 1071 2597 ingenii
1100 2551 1223 2586 lumen
1255 2553 1407 2587 eluceat.
1440 2568 1457 2583 »

1405 2633 1441 2665 η
