1734 2784
698 124 977 155 ...ΙΙ-.-

148 209 312 253 ‘certum
345 204 542 263 ordinet,
576 207 681 252 illud
713 220 777 252 est
809 224 924 252 nunc
956 209 1274 268 inquirendum,
1308 212 1481 268 quinam
1515 214 1568 256 sit

148 280 363 326 eiusmodi
395 279 506 324 finis.
541 281 830 325 Distinctione
877 297 980 325 vero
1019 281 1122 325 facta
1170 283 1278 326 inter
1327 283 1455 326 finem
1503 286 1569 328 cni

147 366 189 398 et
220 352 470 413 finein‘qui,
491 352 568 396 hac
599 354 642 397 in
676 353 787 397 thesi
821 354 1067 412 quaerimus
1101 353 1152 398 de
1184 353 1266 398 fine
1301 357 1376 409 cni,
1401 356 1442 398 in
1476 356 1568 399 the-

147 427 184 470 si
214 441 316 470 vero
350 437 555 485 sequente
589 425 639 470 de
678 425 760 469 fine
793 428 864 485 qui
905 443 1096 485 agemus.
1143 428 1379 472 Statuimus
1424 441 1564 472 autem

145 497 273 542 finem
308 499 374 543 σιιὶ
421 497 625 542 ultimum
674 497 861 542 hominis
904 515 1133 558 rerumque
1176 501 1374 543 omnium
1428 501 1565 558 (cuius

145 585 301 628 nempe
348 571 483 628 gratia
530 581 571 613 et
604 571 800 613 inicuius
849 570 1012 614 bonum
1061 583 1160 614 sunt
1202 571 1371 615 tandem
1421 573 1566 615 omnia

145 654 186 686 et
219 643 293 700 qui
325 658 414 685 non
447 654 509 686 est
542 642 675 699 gratia
709 641 897 699 alterius)
931 657 1023 686 esse
1056 644 1193 702 ipsam
1228 643 1415 688 divinam
1441 643 1565 687 boni-

144 726 275 759 tatem
316 715 511 758 «Divina
544 713 726 770 bonitas,
760 715 898 773 inquit
931 732 962 758 s.
1000 715 1197 760 Thomas
1231 716 1315 772 (1),
1364 729 1426 760 est
1470 716 1564 759 finis

144 801 347 831 rerum».
383 788 593 840 Quaere8‚
627 786 851 845 quomodo
886 786 1025 832 divina
1059 788 1226 832 bonitas
1261 789 1336 832 hac
1369 790 1410 831 in
1455 788 1564 832 thesi

142 860 369 902 sumatur?
401 859 557 903 Divina
589 858 754 902 bonitas
799 878 818 900 «
851 861 1062 918 ontologice
1096 862 1281 904 sumitur
1331 874 1456 918 prout
1502 874 1564 904 est

140 931 229 989 ipsa
252 929 473 989 plenitudo
503 932 580 973 τοῦ
607 932 732 979 ὅντως
759 944 799 974 et
822 931 1032 974 infinitum
1054 931 1365 989 perfectionum
1387 932 1561 991 pelagus

139 1003 226 1046 sive
258 1014 389 1061 prout
420 1014 483 1046 est
516 1003 607 1061 ipsa
639 1005 818 1046 essentia
851 1005 931 1047 Dei
965 1003 1104 1047 boni»
1134 1005 1207 1062 (2).

258 1089 296 1131 7.
331 1075 717 1118 DEMONSTRATIO.
754 1076 859 1119 Tria
891 1075 1114 1119 afferemus
1149 1088 1410 1133 argumenta.

257 1145 289 1189 Ι.
324 1146 451 1191 Ratio
483 1145 579 1189 finis
614 1145 807 1190 absolute
831 1145 984 1204 ultimi,
1003 1148 1088 1190 sive
1113 1160 1276 1205 spectes
1299 1147 1560 1191 elementum

138 1219 372 1276 negativmn
406 1219 537 1262 situm
572 1219 615 1261 in
647 1218 901 1263 omnimoda
933 1220 1159 1277 negatione
1194 1219 1474 1263 ordinationis
1511 1219 1561 1263 ad

138 1287 269 1333 alium
301 1289 449 1344 finem,
483 1290 571 1334 sive
604 1303 769 1349 spectes
804 1291 1064 1335 elementum
1094 1293 1321 1349 positivum
1354 1293 1483 1334 situm
1518 1292 1559 1334 in

141 1360 393 1405 omnimoda
417 1360 698 1406 affirmatione
718 1362 1080 1406 subordinationis
1106 1364 1303 1406 omnium
1328 1363 1377 1407 ad
1402 1364 1562 1421 ipsum,

138 1431 244 1476 nihil
275 1432 388 1477 aliud
422 1433 591 1478 exhibet
626 1450 753 1493 quam
800 1434 1105 1492 perfectionem
1141 1435 1391 1492 simplicem.
1427 1436 1558 1493 Atqui

138 1520 432 1566 quaecumque
464 1505 668 1565 perfectio
692 1507 872 1565 simplex
905 1508 1160 1563 necessario,
1185 1506 1418 1550 formaliter
1443 1519 1481 1550 et
1516 1508 1557 1549 in

137 1592 313 1621 summo
345 1577 479 1636 gradu
502 1579 611 1622 inest
633 1577 808 1622 bonitati
832 1578 1030 1632 infinitae,
1050 1595 1100 1621 eo
1136 1579 1229 1636 ipso
1254 1577 1370 1635 quod
1395 1577 1557 1621 infinita

137 1661 214 1707 est,
247 1661 293 1693 ut
324 1651 367 1693 in
391 1649 639 1708 Theologia
670 1650 847 1694 naturali
883 1650 1113 1694 declaratur
1137 1663 1176 1693 et
1201 1662 1264 1693 est
1289 1666 1337 1692 ex
1361 1650 1556 1693 terminis

136 1733 304 1765 notum.
339 1723 456 1779 Ergo
490 1724 596 1767 ratio
629 1722 724 1766 finis
760 1722 948 1766 absolute
985 1722 1122 1765 ultimi
1160 1723 1429 1774 necessario,
1464 1721 1556 1764 for-

137 1793 304 1838 maliter
336 1805 376 1838 et
408 1795 451 1836 in
485 1810 659 1838 summo
703 1794 835 1852 gradu
888 1795 1094 1851 competit
1143 1793 1321 1836 bonitati
1355 1792 1554 1836 infinitae.

136 1865 277 1909 Maior
306 1865 525 1923 probatur.
550 1865 765 1910 Persectio
799 1865 979 1923 simplex
1004 1865 1237 1924 appellatur
1271 1864 1350 1919 illa,
1376 1880 1482 1923 qnae
1517 1865 1556 1907 in

136 1951 217 1979 suo
252 1950 460 1996 conceptu
495 1938 726 1981 realitatem
763 1954 834 1980 sen
871 1936 1178 1994 perfectionem
1212 1936 1311 1980 dicit
1351 1937 1439 1979 sine
1475 1935 1557 1978 ulla

136 2007 458 2066 imperfectione
491 2021 562 2053 aut
595 2009 755 2067 limite,
804 2009 892 2053 aliis
943 2009 1080 2053 verbis
1108 2027 1128 2048 «
1154 2024 1259 2067 quae
1300 2021 1362 2051 cst
1407 2008 1557 2051 melior

136 2081 225 2138 ipsa
257 2095 386 2139 quam
420 2096 507 2126 non
541 2083 671 2140 ipsa»
702 2082 782 2141 (3).
822 2082 951 2140 Atqui
986 2081 1136 2124 melius
1171 2094 1343 2125 estnon
1369 2079 1552 2123 ordinari

231 2298 282 2342 (1)
313 2297 349 2332 In
384 2308 408 2332 1.
439 2309 472 2343 p.
502 2309 534 2343 q.
562 2307 617 2339 41.
647 2308 678 2332 a.
710 2307 742 2339 ..1.

226 2358 281 2402 (2)
309 2357 360 2392 Ita
387 2357 566 2399 Palmicri,
595 2357 809 2403 Anthropol.
841 2358 930 2391 thes.
959 2355 1087 2390 XLIII.

226 2418 282 2461 (3)
310 2418 427 2451 Verba
454 2427 533 2452 sunt
565 2428 588 2451 s.
619 2416 782 2451 Anselmi
815 2417 846 2450 in
868 2416 1008 2451 Monol.
1031 2427 1055 2449 c.
1086 2425 1135 2456 14.
1163 2414 1334 2448 lituum-m
1367 2415 1552 2447 ηυιῑωηςιιι

123 2465 183 2511 *sic
211 2477 363 2523 explicat
391 2478 533 2519 Suarez,
562 2477 721 2522 Metapli.
751 2477 845 2521 disp.
875 2477 919 2510 X.
951 2485 1037 2510 sect.
1071 2486 1116 2509 ,πῖ
1150 2488 1165 2505 «
1197 2476 1336 2507 Bonum
1368 2485 1426 2506 scu
1470 2485 1550 2518 pcr-

131 2535 242 2570 sectio
269 2535 469 2582 simpliciter
496 2536 623 2570 dicitur
652 2535 790 2570 illam...
819 2547 907 2582 quac*
936 2536 969 2568 in
998 2545 1132 2578 gent-rc·
1162 2534 1251 2567 entis
1283 2531 1391 2565 talc-m
1427 2531 1547 2577 perfe-

132 2595 292 2633 ctionem
320 2595 421 2639 dicit,
444 2604 480 2631 ut
507 2595 644 2630 nullam
674 2597 847 2631 maiorem
877 2596 931 2630 vel
960 2594 1148 2640 aequalem
1180 2593 1344 2627 excludat
1375 2591 1551 2628 Persectio
