1734 2784
665 111 930 155 —123—

83 197 197 241 tias?
230 196 435 251 Breviter,
487 206 549 238 est
583 193 728 238 efficax
776 193 942 248 volitio‚
988 209 1070 251 qua
1111 192 1309 236 voluntas
1357 204 1504 236 movet

81 284 154 311 seu
189 266 370 326 applicat
401 266 501 310 alias
536 266 748 324 potentias
784 264 834 308 ad
869 277 985 308 actus
1021 280 1165 308 earum
1190 264 1389 322 proprios
1424 280 1500 322 po-

83 339 260 383 nendos,

201 409 514 464 Quaerendum
549 409 736 454 secundo
772 422 848 462 est,
885 424 1094 467 quaenam
1123 409 1205 451 sint
1230 408 1305 452 hae
1340 421 1499 465 poten-

81 485 175 542 tiae,
207 485 249 527 in
282 498 386 542 quas
421 482 616 537 voluntas
651 494 792 539 potest
824 482 1057 540 imperium
1090 482 1319 524 exercere?
1361 499 1380 522 «
1413 482 1502 525 Vo-

81 556 236 609 luntas,
272 554 503 613 respondet
551 570 581 598 s,
620 553 816 598 Thomas
862 554 946 613 (1),
997 569 1070 612 per
1115 552 1295 596 modum
1340 553 1502 609 agentis

81 639 228 670 movet
260 641 412 670 omnes
461 626 628 668 animae
662 611 886 683 *potentias
936 625 987 668 ad
1035 639 1135 667 suos
1186 636 1302 667 actus
1336 636 1500 681 praeter

79 700 189 742 vires
224 698 434 742 naturales
467 698 732 755 vegetativae
766 699 895 755 partis
928 698 1004 756 (2),
1028 713 1132 754 quae
1156 709 1304 739 nostro
1329 695 1502 739 arbitrio

80 788 168 816 non
201 771 455 815 subduntur.
494 788 514 811 »
570 772 622 814 Et
656 786 754 813 sane
799 782 939 827 potest
982 770 1177 827 inprimis
1228 784 1336 812 unus
1387 781 1502 812 actus

80 844 315 888 voluntatis
348 843 397 887 ab
431 842 512 886 alio
551 841 743 886 eiusdem
782 841 1014 885 voluntatis
1064 854 1155 884 actu
1204 842 1421 898 imperari,
1458 853 1503 882 ut

80 916 251 975 quando
286 932 321 960 e.
357 931 396 973 g.
434 914 481 958 ab
516 915 754 958 intentione
787 913 881 957 finis
917 915 1181 972 imperantur
1206 913 1354 956 electio
1379 928 1501 955 usus-

79 1003 160 1046 que
195 986 559 1045 niediorU111(3).
610 987 758 1029 Potest
806 987 978 1043 insuper
1027 984 1223 1028 voluntas
1269 986 1500 1042 imperium

81 1075 276 1104 exercere
310 1061 352 1103 in
386 1058 670 1111 intellectum,
706 1058 955 1116 applicando
991 1059 1133 1115 ipsum
1168 1057 1218 1100 ad
1254 1055 1501 1100 considera-

79 1133 244 1176 tionem
279 1132 337 1175 rei
372 1130 546 1174 alicuius
579 1130 645 1174 vel
680 1132 823 1188 ipsum
856 1130 904 1173 ab
938 1129 1084 1173 eadem
1111 1129 1343 1181 avocando‚
1376 1141 1501 1186 atque

80 1215 294 1262 praeterea
327 1204 369 1246 in
404 1203 468 1256 iis,
503 1217 609 1260 quae
658 1217 746 1245 non
779 1203 883 1246 adeo
930 1203 1189 1245 convincunt
1222 1200 1501 1256 intellectum,

77 1291 177 1318 eum
209 1273 419 1318 flectendo
453 1274 502 1317 ad
537 1289 760 1317 assensum
795 1274 867 1330 (4).
905 1275 1051 1317 Potest
1095 1274 1218 1316 etiam
1266 1273 1498 1329 imperium

78 1345 230 1389 habere
264 1347 306 1388 in
339 1347 693 1403 imaginationem
729 1361 800 1389 seu
841 1346 1123 1403 phantasiam,
1170 1360 1260 1387 eam
1313 1358 1495 1386 conver-

76 1417 207 1461 tendo
241 1417 292 1462 ad
326 1417 540 1462 obiectum
575 1418 747 1475 aliquod
780 1418 845 1461 vel
881 1417 927 1461 ab
964 1417 1133 1461 obiecto
1184 1416 1325 1473 aliquo
1362 1427 1498 1458 retra-

171 1631 227 1675 (1)
256 1631 295 1664 In
329 1641 356 1664 1.
385 1640 413 1664 2.
445 1641 477 1676 q.
505 1630 558 1664 82.
591 1640 618 1663 a.
646 1638 679 1670 4.

169 1690 226 1735 (2)
253 1690 331 1725 Nisi
359 1688 450 1724 forte
477 1688 648 1730 indirecta,
680 1687 849 1734 quasdam
880 1687 1091 1731 imperando
1135 1687 1378 1732 operationes,
1409 1698 1498 1732 quae

69 1750 294 1795 -vegetationi
319 1750 527 1784 inserviunt.

170 1809 226 1853 (3)
255 1809 312 1844 Sic
339 1817 437 1843 actus
464 1808 651 1850 habentur,
673 1808 729 1854 qui
752 1807 969 1853 participant
998 1807 1040 1840 de
1069 1806 1199 1840 elicitis
1227 1815 1260 1840 et
1288 1806 1494 1852 imperatis:

74 1875 108 1902 et
134 1867 218 1902 hinc
245 1867 355 1915 aliqui
380 1877 544 1903 auctores
572 1867 739 1901 divisioni
767 1875 912 1900 actuum
943 1867 977 1899 in
1005 1865 1147 1900 elicitos
1175 1873 1279 1911 atque
1301 1865 1497 1910 imperatos

73 1927 210 1962 addunt
236 1928 452 1970 membrum,
482 1927 625 1961 illorum
655 1926 820 1960 videlicet
849 1925 906 1971 qui
935 1924 1045 1959 eliciti
1075 1925 1180 1958 simul
1210 1932 1290 1958 sunt
1320 1933 1353 1958 et
1383 1926 1497 1969 impe-

73 1987 149 2022 rati.
176 1987 268 2022 Vide
294 1989 490 2026 Becanum,
518 1987 560 2021 de
588 1995 655 2020 act.
684 1986 780 2019 lium.
810 1997 839 2019 c.
868 1985 927 2019 111.
956 1997 986 2031 q.
1015 1984 1046 2018 6.

169 2046 224 2091 (4)
250 2045 305 2082 Cf.
334 2058 361 2085 s,
389 2047 474 2088 Th„
508 2057 535 2081 1.
560 2057 589 2080 2.
618 2057 650 2091 q.
674 2056 724 2090 ¹7·
741 2056 768 2078 a.
787 2043 820 2079 6.
844 2045 915 2079 Ubi
936 2044 1022 2078 haec
1042 2044 1161 2078 habet:
1194 2057 1210 2075 ε(
1228 2044 1263 2078 Si
1292 2043 1424 2079 fuerint
1445 2053 1496 2079 ta-

72 2105 117 2140 lia
143 2106 378 2152 apprehensa,
406 2106 534 2153 quibus
559 2105 766 2140 naturaliter
793 2104 995 2139 intellectus
1039 2104 1223 2146 assentiat,
1253 2104 1340 2138 sicut
1383 2104 1495 2150 prima

71 2165 257 2211 principia,
285 2175 450 2199 assensus
478 2165 604 2199 talium
632 2164 687 2198 vel
716 2164 898 2197 dissensus
919 2174 992 2197 non
1014 2172 1064 2197 est
1096 2163 1130 2196 in
1158 2171 1336 2207 potestate
1357 2172 1492 2203 nostra,

71 2224 133 2258 sed
162 2224 196 2258 in
223 2224 348 2258 ordine
387 2232 543 2258 naturae:
572 2232 604 2257 et
646 2223 726 2257 ideo
756 2222 901 2268 proprie
943 2222 1126 2268 loquendo
1158 2231 1304 2256 naturae
1343 2222 1492 2267 irnperio

69 2283 235 2318 subiacet.
264 2284 355 2319 Sunt
382 2293 501 2318 autem
530 2283 704 2329 quaedam
751 2282 986 2327 apprehensa,
1026 2293 1114 2327 quae
1142 2293 1214 2315 non
1237 2282 1324 2315 adeo
1345 2282 1494 2315 convin-

69 2351 152 2377 cunt
179 2342 418 2385 intellectum,
439 2342 523 2388 quin
545 2343 681 2387 possint
709 2342 880 2376 assentire
902 2341 957 2375 vel
989 2341 1186 2381 dissentire,
1216 2342 1269 2374 vel
1292 2341 1416 2374 saltem
1439 2352 1493 2374 as-

70 2411 214 2436 sensum
242 2401 298 2436 vel
327 2402 526 2436 dissensum
556 2401 772 2446 suspendere
793 2410 940 2445 propter
967 2401 1123 2446 aliquam
1153 2411 1309 2434 causam:
1333 2410 1364 2434 et
1385 2401 1419 2434 in
1440 2410 1492 2435 ta—

69 2458 159 2495 libus
187 2471 352 2495 assensus
380 2461 454 2505 ipse
483 2461 537 2494 vel
567 2460 747 2494 dissensus
777 2461 808 2493 in
839 2469 1014 2505 potestate
1045 2469 1163 2494 nostra
1193 2469 1244 2494 est
1274 2470 1306 2495 et
1335 2461 1397 2494 sub
1429 2463 1494 2494 im-

68 2519 168 2563 perio
197 2519 298 2554 cadit⁴
318 2535 333 2550 »
366 2519 457 2553 Hinc
485 2520 619 2565 passim
649 2518 801 2553 dicimus
830 2519 1051 2553 intellectum
1074 2520 1116 2552 ad
1141 2531 1324 2553 assensum
1352 2521 1489 2553 moveri

26 2578 33 2583 ’
70 2577 126 2612 vel
152 2578 195 2613 ab
221 2578 399 2613 evidentia
427 2578 475 2613 rei
496 2578 552 2613 vel
581 2579 622 2613 ab
651 2578 789 2613 influxu
817 2590 878 2613 seu
909 2579 1058 2624 imperio
1088 2579 1297 2614 voluntatis.
