1734 2784
687 122 748 127 —
781 109 865 151 349
905 121 957 127 “-

227 189 282 233 II.
323 189 472 233 Veram
501 189 775 233 contendimus
811 190 1056 233 sanctionem
1089 190 1180 232 haic
1218 188 1385 232 mortali
1427 191 1538 234 vitae

107 259 349 322 attributam
381 275 462 303 non
495 276 573 303 6556
599 261 832 318 perfectam.
867 286 924 294 —
958 261 1083 313 Quae
1116 261 1294 304 assertio
1335 261 1408 303 vix
1441 273 1539 318 eget

109 330 376 393 probatione,
413 331 512 389 quia
546 332 620 374 vix
654 345 732 383 est,
758 333 829 390 qui
854 347 946 375 eam
973 344 1111 389 neget.
1145 331 1271 374 Multi
1295 347 1393 376 sane
1418 333 1539 376 omni

110 414 306 461 tempore
339 404 570 446 extiterunt
596 402 713 446 stulti
748 403 960 457 homines,
984 404 1056 461 qui
1081 403 1350 458 affirmarent,
1376 404 1539 448 nullam

110 490 202 518 esse
235 475 280 518 in
316 474 403 518 :hac
437 475 523 518 vita
570 476 848 532 sanctionem,
883 476 1104 533 improbos
1153 492 1198 519 ac
1241 475 1379 519 bonos
1428 477 1537 520 vitae

111 544 238 588 huius
270 544 392 588 malis
426 561 559 603 aeque
594 545 797 602 divexari‚
820 546 958 589 immo
992 545 1128 590 bonos
1162 546 1211 589 ab
1244 547 1397 590 iisdem
1428 546 1539 590 affii-

112 617 215 659 ctari
249 616 386 674 magis
419 632 548 674 quarn
583 616 735 673 malos,
770 633 899 675 quem
933 633 1127 661 errorem
1163 617 1296 660 modo
1330 617 1540 661 refutavi-

110 701 223 730 mus:
247 686 323 730 sed
354 687 427 730 vix
462 687 572 730 ullus
599 703 806 745 umquam
830 689 984 741 extitit,
1010 690 1085 746 qui
1107 688 1335 732 affirmaret
1359 705 1538 732 omnem

108 757 214 815 legis
247 758 447 801 naturalis
482 761 748 802 sanctionem
784 760 891 802 intra
925 761 1117 803 mortalis
1152 760 1278 802 huius
1307 763 1416 804 vitae
1449 776 1537 803 atn-

108 828 251 872 bitum
286 830 508 873 contineri.
543 831 691 888 Itaque
724 831 869 887 paucis
903 846 1009 887 rem,
1034 847 1140 888 quae
1174 833 1217 874 in
1252 831 1450 874 confesso
1475 844 1537 875 est

109 900 222 958 apud
256 916 424 957 omne5‚
469 901 876 945 demonstrabitmls.
927 903 1167 945 Praesentis
1215 903 1326 946 vitae
1373 904 1539 946 sanctio

111 986 199 1015 non
233 984 298 1015 est
332 972 535 1030 perfecta,
559 974 656 1029 quia
690 988 775 1015 non
801 973 1032 1030 respondet
1056 975 1358 1017 convenienter
1382 975 1540 1018 merito

109 1043 177 1086 vel
210 1043 422 1088 demerito
457 1045 692 1097 actionum,
727 1057 767 1087 et
801 1046 899 1102 quia
947 1061 1034 1088 non
1068 1059 1130 1088 est
1179 1061 1230 1088 ex
1265 1062 1308 1089 se
1346 1059 1439 1104 apta
1487 1046 1537 1090 ad

109 1115 323 1172 homines,
357 1129 566 1173 quantum
601 1129 788 1174 oportet,
824 1117 867 1158 in
901 1116 1047 1159 officio
1083 1117 1380 1160 continendos:
1429 1134 1536 1176 quae

108 1186 211 1245 duo,
234 1188 344 1230 sicut
368 1186 573 1239 diximus,
601 1188 880 1245 requiruntur
905 1199 950 1229 ut
974 1188 1136 1230 sanctio
1160 1189 1212 1230 sit
1235 1188 1418 1245 perfecta
1450 1188 1537 1247 (Ι)

227 1258 363 1311 Quod
396 1258 439 1316 α)
472 1274 560 1301 non
598 1258 703 1301 bene
753 1258 1006 1316 respondeat
1055 1258 1267 1302 demerito
1316 1261 1535 1303 actionum

107 1329 332 1387 malarum,
365 1343 493 1387 patet,
528 1332 561 1373 si
606 1331 670 1373 vel
704 1330 1009 1373 tantummodo
1058 1343 1300 1387 spectemus
1352 1347 1536 1388 poenam

106 1399 237 1457 illam,
271 1416 379 1458 quae
413 1413 554 1444 tamen
592 1401 819 1458 potissima
852 1414 932 1453 est,
969 1401 1010 1443 in
1044 1401 1273 1457 angoribus
1310 1403 1537 1446 conscien-

108 1472 191 1515 tiae
223 1472 364 1516 sitam.
400 1474 517 1515 Haec
551 1488 650 1516 sane
686 1488 840 1530 poena,
877 1473 1009 1516 auctis
1046 1472 1310 1529 criminibus,
1344 1489 1431 1517 non
1465 1490 1538 1517 au-

106 1556 246 1601 getur.
281 1544 582 1587 Conscientiae
617 1545 731 1587 enim
767 1544 941 1600 stimuli,
975 1545 1052 1587 etsi
1087 1560 1326 1602 numquam
1362 1547 1534 1602 penitus

108 1615 434 1672 extinguantur,
460 1628 605 1660 tamen
631 1615 799 1659 retundi
825 1628 1021 1672 possunt,
1044 1631 1182 1672 neque
1206 1632 1257 1659 eo
1282 1617 1418 1673 magis
1444 1632 1532 1660 cre-

48 1683 50 1685 *
106 1698 244 1740 scunt,
278 1702 365 1744 quo
400 1688 536 1743 magis
571 1688 665 1745 quis
700 1688 742 1729 in
777 1687 876 1730 vitia
911 1702 1110 1744 praeceps
1147 1688 1246 1740 ruit,
1283 1687 1356 1730 sed
1390 1688 1536 1745 potius

106 1757 446 1800 imminuuntur:
493 1758 606 1801 unde
650 1773 737 1800 non
786 1773 880 1800 raro
930 1758 1072 1800 minus
1119 1758 1440 1814 persentiuntur
1488 1758 1539 1801 ab

106 1828 207 1883 illis,
242 1829 315 1887 qui
351 1830 559 1872 maiorem
595 1829 648 1871 ob
684 1829 861 1872 crimina
896 1844 1078 1886 poenam
1114 1841 1362 1882 merentur,
1398 1830 1536 1873 maio-

107 1900 228 1958 rique
271 1898 464 1957 indigent
514 1900 652 1953 freno,
688 1916 740 1942 ne
775 1915 885 1943 nova
919 1899 1078 1943 scelera
1126 1899 1334 1944 adiiciant.
1372 1901 1537 1945 Contra

107 1971 141 2014 si
176 1970 227 2014 de
261 1972 417 2015 merito
442 1970 655 2014 bonarum
680 1971 899 2014 actionum
924 1987 1067 2015 sermo
1103 1972 1170 2027 sit,
1200 1972 1241 2013 in
1265 1972 1365 2014 viris
1389 1971 1534 2029 probis

107 2043 261 2087 maiori
292 2044 505 2087 virtutum
539 2043 740 2086 exercitio
774 2057 860 2085 non
900 2058 1070 2101 semper
1119 2042 1348 2100 respondet
1398 2044 1535 2087 maior

106 2114 270 2158 interna
303 2114 556 2172 approbatio
590 2113 885 2171 gaudiumque
909 2114 1207 2157 conscientiae.
1234 2114 1438 2157 Similiter
1468 2113 1534 2157 dic

108 2184 159 2228 de
192 2185 339 2228 ceteris
373 2184 496 2227 bonis
531 2183 596 2227 vel
630 2183 770 2236 malis,
807 2199 912 2241 quae
961 2199 1061 2227 cum
1109 2184 1265 2226 virtute
1313 2183 1378 2226 vel
1426 2184 1532 2226 vitio

107 2254 246 2298 solent
278 2256 513 2299 consociari
562 2256 648 2298 sive
698 2254 941 2298 naturaliter
983 2255 1071 2298 sive
1106 2254 1335 2297 moraliter.
1377 2272 1396 2296 «
1430 2255 1533 2298 Dies

108 2326 290 2381 deficiat,
316 2328 454 2385 inquit
473 2326 646 2370 Tullius
670 2326 758 2385 (2),
783 2327 817 2369 si
842 2325 971 2369 velim
996 2342 1352 2380 commemorare,
1379 2325 1534 2384 quibus

200 2511 256 2557 (1)
285 2510 341 2548 Cf.
372 2511 599 2557 praenotion.
627 2510 717 2545 thes.
745 2511 912 2557 praeced,
942 2522 1040 2546 num.
1074 2521 1148 2556 127.
1177 2523 1257 2557 pag.
1288 2520 1365 2555 342.

203 2570 261 2616 (2)
285 2572 342 2606 De
370 2580 440 2606 nat.
469 2572 579 2606 Deor.
606 2571 628 2605 l.
658 2571 718 2605 111.
748 2581 774 2606 c.
807 2579 861 2614 32.
