1734 2784
753 89 1017 131 —282—

170 188 272 230 citer
307 198 367 229 est
402 185 692 243 metaphorica
725 197 764 227 et
798 184 916 227 valde
950 182 1185 240 analoga...
1221 183 1307 226 Lex
1340 198 1427 241 ergo
1466 190 1590 226 natu-

173 259 270 302 ralis
298 258 484 314 propriu,
530 272 628 314 qiam
677 255 730 298 cni
775 255 967 298 literalem
1019 254 1241 297 doctrinam
1289 263 1324 298 et
1357 255 1593 311 theologiam

165 330 348 387 perunxi,
383 337 437 370 est
473 327 542 369 illa
575 342 676 385 qima
707 327 912 370 inanimatas
952 328 1075 369 utenti
1109 326 1254 369 insidet
1286 326 1340 369 ad
1362 326 1591 369 discernen-

172 400 268 442 dmm
301 400 507 442 honestum
540 414 565 441 a.
599 400 724 456 turpi,
760 399 875 440 iuxta
909 397 1009 440 illud
1044 397 1202 441 Psalmi
1230 412 1285 453 4:
1311 398 1424 450 Quis
1449 409 1591 440 osten-

171 470 229 513 dit
265 469 387 513 nobis
422 469 560 512 bona?
596 470 823 525 Signatum
873 481 934 512 est
969 484 1096 525 super
1146 483 1224 510 nos
1268 467 1415 510 lumen
1447 465 1590 510 vultus

170 542 244 594 tui,
278 541 528 584 Domine....
564 542 679 583 Haec
727 540 792 583 lex
840 540 1047 583 naturalis
1096 539 1267 592 dicitur,
1318 554 1405 581 non
1448 537 1591 581 solum

170 624 299 669 prout
346 612 534 654 naturale
579 628 599 654 a
642 612 952 669 supernaturali
1001 610 1294 668 distinguitur,
1340 609 1415 653 sed
1462 609 1591 652 etiam

168 696 297 740 prout
332 683 521 725 naturale
556 682 833 740 distinguitur
867 700 887 726 a
922 682 1053 726 libero.
1091 684 1190 726 Non
1226 683 1324 740 quia
1365 682 1454 725 eius
1488 696 1590 724 exe-

171 755 285 797 cutio
319 754 518 796 naturalis
554 755 607 796 sit
640 770 712 797 seu
749 771 797 797 ex
831 755 1078 797 necessitate
1126 753 1210 811 fiat,
1244 755 1352 796 sicut
1395 751 1589 795 executio

169 825 371 868 naturalis
416 825 702 868 inclinationis
750 838 813 869 est
856 827 897 868 in
941 825 1074 868 brutis
1118 825 1183 869 vel
1216 824 1339 868 rebus
1375 823 1589 877 inanimis,

169 897 242 940 sed
277 897 374 954 quia
408 896 473 940 lex
507 897 573 940 illa
597 909 659 940 est
682 897 814 941 veluti
839 898 1075 955 proprietas
1100 896 1305 954 quaedam
1330 909 1500 939 naturae
1517 893 1589 953 (Ι)

168 983 208 1012 et
243 970 342 1027 quia
374 970 493 1012 Deus
527 971 617 1028 ipse
650 969 764 1012 illam
798 983 968 1013 naturae
1002 970 1192 1012 inseruit.
1226 986 1246 1008 »

291 1054 384 1096 103.
421 1041 672 1084 ScuomoN.
710 1040 878 1084 Clarius
911 1039 1051 1083 adhuc
1090 1040 1365 1096 intelligetur,
1404 1036 1506 1096 quid
1533 1036 1590 1080 sit

167 1111 231 1154 lex
265 1111 480 1165 naturalis,
523 1112 558 1154 si
593 1127 895 1169 comparemus
947 1111 1086 1169 legem
1130 1110 1365 1154 naturalem
1397 1134 1458 1142 —-
1489 1123 1587 1153 cum

166 1181 260 1239 lege
293 1195 463 1225 aeterna
497 1209 548 1214 —
587 1199 683 1226 cum
717 1182 811 1240 lege
844 1184 1027 1241 positiva
1064 1210 1114 1216 —
1151 1199 1251 1226 cum
1295 1181 1516 1240 synderesi
1548 1193 1590 1224 et

168 1254 427 1296 conscientia
460 1254 626 1297 morali.

285 1325 316 1367 I.
350 1326 413 1368 Ac
444 1326 588 1383 primo
622 1325 797 1383 quidem
832 1325 971 1383 legem
1005 1326 1241 1370 naturalem
1266 1341 1365 1368 cum
1395 1324 1488 1382 lege
1521 1339 1588 1368 ae-

165 1408 283 1439 terna
316 1411 631 1453 comparemus.
666 1422 722 1431 —
751 1398 793 1456 2)
842 1399 937 1441 Una
969 1398 1113 1455 regula
1146 1413 1191 1440 ac
1229 1396 1295 1439 lex
1328 1395 1399 1455 (2)
1432 1395 1589 1439 dicitur

165 1474 345 1519 aeterna,
380 1468 618 1511 secundum
652 1469 769 1526 quod
803 1482 1016 1527 spectatur
1039 1471 1081 1512 in
1107 1471 1218 1526 Deo,
1242 1469 1315 1526 qui
1343 1468 1469 1511 active
1493 1482 1587 1511 eam

165 1535 260 1589 fert,
296 1537 449 1581 dicitur
483 1540 705 1593 naturalis,
738 1540 978 1584 secundum
1002 1541 1119 1599 quod
1149 1552 1362 1598 spectatur
1397 1540 1441 1582 in
1473 1554 1588 1583 crea-

164 1619 258 1650 tura
290 1609 500 1662 rationali,
536 1626 642 1668 quae
669 1614 833 1670 passive
868 1628 961 1656 eam
995 1613 1143 1670 recipit
1176 1611 1261 1671 (3).
1296 1638 1352 1646 —
1385 1610 1487 1655 Inde
1513 1626 1584 1654 au-

164 1690 250 1721 tem
284 1678 329 1722 fit
362 1680 408 1738 (3)
451 1694 497 1724 ut
544 1681 609 1725 lex
657 1683 877 1736 naturalis,
923 1699 1044 1727 secus
1093 1699 1139 1726 ac
1186 1683 1252 1727 lex
1299 1694 1480 1738 aeterna,
1529 1684 1587 1725 sit

260 1839 316 1883 (1)
342 1841 520 1875 Notentur
545 1842 633 1876 haec
660 1845 765 1878 verba
796 1857 813 1875 «
831 1845 883 1878 lex
900 1843 1070 1878 naturalis
1089 1849 1135 1878 est
1150 1843 1255 1877 veluti
1269 1841 1462 1889 proprietas
1479 1852 1587 1887 quae-

163 1896 241 1930 dam
267 1903 453 1933 naturae.»
484 1901 590 1943 Quae
616 1903 722 1935 verba
751 1902 800 1936 sic
828 1902 960 1937 ibidem
989 1902 1095 1948 paulo
1125 1910 1217 1947 post,
1245 1912 1347 1935 num.
1382 1898 1582 1945 14.‚expli-

165 1965 232 1990 cat:
265 1970 281 1987 «
302 1957 375 1991 Lex
401 1959 573 1993 naturalis
600 1972 673 1994 non
701 1960 840 1995 additur
867 1973 885 1995 a
905 1962 984 1996 Deo
1011 1961 1199 2007 specialiter
1218 1960 1282 2006 ipsi
1301 1968 1483 1994 naturae...
1509 1959 1586 1996 Lex

161 2016 333 2050 naturalis
359 2029 433 2051 non
460 2018 648 2053 confertur
674 2032 735 2065 per
762 2032 799 2055 se
838 2021 971 2066 primo,
1000 2030 1037 2055 ut
1065 2021 1206 2067 speciale
1233 2019 1356 2053 donum
1395 2018 1488 2064 legis,
1519 2017 1583 2052 sed

161 2085 325 2110 censetur
352 2076 447 2110 idem
474 2077 613 2112 donum
641 2091 723 2113 cum
753 2081 828 2126 ipsa
855 2090 1029 2116 natura...:
1054 2092 1138 2115 nam
1165 2080 1225 2127 qui
1252 2079 1310 2114 dat
1330 2078 1502 2120 sormam,
1520 2077 1583 2112 dat

163 2136 420 2180 consequentia
446 2136 489 2170 ad
518 2136 719 2172 formanr»
750 2140 843 2173 Hinc
871 2141 918 2174 ait
945 2139 1076 2174 factum
1105 2150 1194 2183 esse,
1221 2148 1258 2174 ut
1286 2139 1321 2172 in
1349 2137 1458 2172 sacris
1483 2135 1583 2171 Scri-

160 2194 269 2238 pturis
297 2194 352 2228 lex
379 2195 498 2230 divina
525 2196 735 2242 simpliciter
762 2198 857 2234 dicta
884 2200 998 2235 soleat
1025 2200 1068 2234 de
1096 2199 1175 2246 lege
1203 2199 1360 2245 positiva
1388 2195 1556 2242 intelligi.

256 2254 312 2298 (2)
341 2254 432 2289 Vide
457 2266 483 2289 s.
515 2255 711 2299 Thomam,
740 2257 775 2291 in
807 2269 836 2293 1.
867 2268 899 2293 2.
930 2270 962 2305 q.
990 2269 1044 2304 91.
1074 2271 1103 2293 a.
1133 2269 1164 2294 2.
1194 2258 1237 2292 ad
1268 2264 1333 2299 1.¹¹‘‚
1364 2258 1424 2291 ubi
1451 2263 1581 2291 monet

161 2310 278 2355 legem
306 2314 507 2348 naturalem
537 2326 609 2348 non
639 2327 716 2350 esse
743 2317 876 2363 aliquid
904 2317 1084 2352 diversum
1114 2317 1234 2363 alege
1261 2326 1419 2351 aeterna:
1452 2313 1581 2349 «ratio

161 2369 220 2402 illa
250 2372 475 2415 procederet,
505 2373 533 2407 si
562 2374 617 2408 lex
644 2376 815 2410 naturalis
843 2386 935 2411 esset
967 2376 1102 2423 aliquid
1130 2376 1312 2410 diversum
1350 2387 1370 2410 a
1396 2375 1475 2421 lege
1512 2383 1577 2407 ae-

158 2437 270 2461 terna:
301 2442 373 2463 non
404 2439 525 2465 autem
553 2442 603 2467 est
631 2434 697 2468 nisi
728 2436 902 2480 quaedam
931 2436 1160 2482 participatio
1190 2436 1307 2470 eius.»

255 2488 311 2531 (3)
340 2489 396 2523 Cf.
428 2502 545 2525 rursus
572 2504 670 2527 num.
696 2504 769 2537 92.,
790 2495 848 2528 ubi
877 2496 921 2530 de
949 2495 1145 2542 multiplici
1172 2503 1264 2530 statu
1282 2495 1371 2541 legis
1389 2494 1501 2529 locuti
1519 2504 1581 2528 su-

159 2557 251 2588 mus,
280 2548 398 2582 activo
425 2549 508 2592 alio,
536 2551 604 2585 alio
632 2553 788 2598 passivo.
