1734 2784
705 102 758 109 “-
794 90 878 133 357
911 101 968 109 —

119 175 223 218 haec
254 187 393 231 poena
424 186 513 215 non
546 184 609 215 est
634 180 764 230 poena
808 185 960 227 sensus,
994 171 1093 228 quia
1140 168 1299 211 malitia
1332 168 1425 210 eius
1459 183 1547 210 non

120 243 275 304 pendet
299 259 350 286 ex
371 258 498 287 sensu
533 255 605 285 aut
641 243 904 300 cognitione.
939 240 1059 284 Talis
1093 253 1156 284 est
1189 241 1232 282 in
1266 237 1548 285 daemonibus

120 315 302 374 privatio
334 313 621 357 beatitudinis.
657 315 778 357 Hanc
810 314 940 370 igitur
981 327 1166 370 poenam
1215 311 1416 354 dicuntur
1449 309 1545 354 dae-

121 402 273 431 mones
307 386 406 445 pati‚
439 401 528 429 non
561 399 770 444 quatenus
805 385 919 428 iilam
953 385 1185 427 sentientes
1209 383 1448 431 tristantur,
1475 382 1549 425 sed

120 471 327 517 quatenus
360 473 408 501 ea
440 458 577 514 reipsa
610 456 843 500 laesionem
867 469 906 500 et
929 455 1137 500 damnum
1160 455 1393 512 patiuntur.
1418 453 1550 497 Aliud

119 541 263 573 autem
296 541 359 572 est
392 528 555 571 malum
590 544 635 571 ea
668 527 813 571 solum
847 529 1014 571 ratione
1064 526 1410 582 disconveniens,
1442 541 1550 583 qua-

120 614 245 645 tenus
293 601 474 644 sentitur
520 616 594 643 seu
645 602 923 657 cognoscitur
972 612 1012 643 et
1058 599 1282 656 cognitum
1329 598 1549 640 tristitiam

119 671 251 717 affert:
285 685 325 715 et
358 671 441 715 hoc
474 671 651 729 malum,
685 672 855 729 quoties
891 671 1099 728 infligitur
1141 682 1317 728 propter
1359 680 1546 726 peccata,

120 745 275 788 dicitur
303 753 434 802 poena
466 758 618 797 sensus,
654 758 742 786 non
775 744 872 801 quia
909 742 954 785 fit
987 758 1062 800 per
1089 757 1265 784 sensum
1291 751 1550 798 corporeum

120 828 303 871 tantum,
339 814 413 858 sed
450 814 569 873 quod
603 813 648 857 fit
682 815 808 858 etiam
843 829 917 872 per
951 814 1262 870 cognitionem,
1296 827 1425 869 quarn
1448 825 1550 854 sen-

123 903 221 931 sum
257 887 549 941 communiter
581 902 811 939 vocamus,
851 887 950 943 quia
985 900 1124 942 poena
1158 899 1308 926 sensus
1352 882 1551 940 corporei

119 961 267 1004 notior
299 972 379 1004 est:
412 975 541 1017 quare
574 974 707 1002 omne
742 958 960 1001 obiectum
995 969 1170 1000 eatenus
1216 955 1372 999 dicitur
1403 953 1552 997 afferre

118 1046 304 1090 poenam
338 1046 506 1088 sensus,
558 1043 766 1088 quatenus
816 1028 932 1072 affert
970 1029 1201 1081 tristitiam,
1246 1039 1287 1070 et
1322 1027 1394 1083 qui
1435 1025 1551 1068 illam

117 1105 288 1162 patitur,
308 1116 480 1146 eatenus
517 1103 600 1160 pati
640 1102 808 1158 dicitur,
833 1113 1041 1158 quatenus
1069 1100 1274 1142 tristatur.
1301 1099 1414 1140 Hinc
1436 1109 1552 1155 patet

115 1190 295 1218 omnem
328 1174 562 1230 tristitiam,
596 1174 725 1216 etiam
760 1172 810 1215 de
843 1187 981 1230 poena
1020 1171 1178 1223 damni,
1214 1186 1263 1212 ex
1299 1169 1552 1225 cognitione

116 1258 271 1299 ortam,
304 1260 396 1289 esse
429 1259 613 1303 poenam
647 1259 813 1287 sensus.
838 1260 857 1283 n
890 1244 1006 1286 Haec
1040 1242 1266 1300 explicatio
1302 1253 1365 1283 est
1398 1239 1554 1298 proba-

118 1316 228 1361 bilis.
257 1317 306 1359 In
331 1316 409 1360 hac
442 1317 583 1374 itaque
618 1315 826 1358 sententia
859 1330 998 1372 poena
1031 1313 1174 1356 damni
1198 1314 1275 1355 sita
1299 1323 1362 1354 est
1395 1311 1437 1354 in
1461 1310 1551 1354 sola

118 1402 321 1448 perpetua
352 1388 589 1446 privatione
622 1386 836 1445 perfectae
884 1385 1160 1429 beatitudinis
1208 1401 1283 1428 seu
1317 1383 1552 1427 amissione

114 1459 210 1503 finis
244 1459 398 1502 ultimi.
434 1458 502 1502 Ad
537 1458 643 1501 hanc
677 1474 861 1516 poenam
911 1457 1056 1500 damni
1109 1457 1388 1514 consequitur
1433 1456 1554 1513 quasi

116 1531 328 1574 intrinsece
360 1529 427 1572 vel
460 1532 677 1573 necessario
716 1545 853 1586 poena
886 1544 1024 1572 sensns
1058 1529 1134 1571 sita
1167 1529 1211 1571 in
1245 1527 1476 1570 afflictione
1510 1537 1551 1569 et

116 1602 284 1645 tristitia
306 1617 356 1645 ex
380 1601 629 1658 cognitione
664 1601 908 1643 amissionis
943 1599 1037 1643 finis
1072 1599 1225 1642 ultimi:
1261 1614 1339 1642 nec
1362 1613 1450 1641 non
1475 1596 1552 1640 alia

115 1687 255 1730 poena
286 1687 423 1715 sensus
458 1672 535 1714 sita
569 1672 611 1713 in
645 1672 838 1730 positivis
886 1671 976 1713 aliis
1025 1671 1296 1714 nocumentis
1343 1685 1364 1711 a
1411 1668 1553 1712 divina

115 1744 274 1787 iustitia
307 1742 358 1786 ad
391 1742 631 1801 puniendos
664 1743 822 1800 impios
856 1741 1138 1799 superadditis
1174 1740 1259 1799 (Ι).

232 1814 316 1858 Alii
350 1827 494 1858 tamen
526 1815 664 1866 aliter,
700 1826 746 1856 ut
779 1814 862 1856 iam
912 1812 1018 1865 dixi,
1064 1813 1170 1855 hanc
1224 1812 1547 1854 distinctionem

115 1886 338 1945 explicant.
387 1887 608 1930 Suaresius
658 1884 728 1944 (2)
778 1885 837 1927 sic
886 1886 1072 1942 exponit:
1136 1902 1156 1925 «
1198 1885 1310 1926 Dico
1361 1897 1548 1941 poenam

117 1957 261 2001 damni
293 1957 555 2001 sufficienter
590 1956 740 1999 salvari
782 1958 825 1998 in
863 1956 952 1998 sola
1002 1956 1253 2013 privatione,
1307 1956 1386 1997 etsi
1439 1965 1549 1996 esset

118 2029 210 2073 sine
242 2030 378 2088 ipsius
412 2030 660 2086 cognitione
695 2041 734 2071 et
767 2041 1080 2086 consequenter
1105 2027 1152 2070 ab
1177 2028 1297 2070 omni
1326 2025 1554 2069 afflictione

215 2249 271 2293 (1)
299 2249 400 2283 Hanc
429 2248 608 2294 duplicem
630 2259 787 2293 poenam
808 2259 933 2283 sensus
953 2248 1192 2294 eamdemque
1223 2255 1435 2293 perpetuam
1459 2246 1554 2280 clare

119 2308 288 2354 exprimit
318 2319 345 2343 s.
371 2308 568 2353 Scriptura.
597 2308 703 2353 Apud
733 2308 774 2342 Is.
804 2319 834 2342 c.
866 2307 994 2342 LXVI.
1030 2320 1059 2342 v,
1092 2317 1165 2349 245
1210 2307 1387 2340 «Vermis
1427 2317 1553 2341 eorum

122 2379 198 2403 non
225 2369 402 2402 morietur
429 2377 461 2402 et
489 2367 585 2413 ignis
613 2378 739 2402 eorum
768 2379 841 2402 non
870 2368 1112 2413 extinguetur.
1135 2382 1151 2397 ⁷·
1194 2367 1283 2401 Item
1311 2366 1404 2412 apud
1445 2366 1552 2400 Marc.

118 2439 150 2463 c.
181 2427 246 2462 IX.
276 2439 308 2462 v,
335 2438 376 2471 45
408 2436 441 2462 et
468 2437 512 2471 47
541 2426 704 2462 Christus
731 2428 914 2462 Dominus
941 2428 993 2461 bis
1021 2427 1173 2473 repetit:
1209 2442 1226 2457 ‹<
1254 2427 1398 2461 Vermis
1426 2437 1554 2460 eorum

127 2498 203 2523 non
233 2488 387 2521 moritur
413 2496 446 2522 et
474 2487 567 2532 ignis
594 2498 666 2521 non
695 2487 924 2533 extinguitur.
947 2501 963 2517 »

177 2541 181 2544 ’
217 2547 273 2591 (2)
303 2546 392 2582 Loc.
423 2547 478 2580 cit.
509 2557 538 2579 c.
571 2556 599 2589 ς.
