1734 2784
687 97 739 102 -
774 84 858 127 445
894 96 951 103 *-

101 161 255 219 cuique
287 162 504 207 reddendo
548 164 785 208 secundum
835 167 1152 211 arithmeticam
1191 170 1304 212 iuter
1354 186 1418 213 res
1457 187 1535 214 ac-r

100 244 239 289 ceptas
273 247 427 291 resque
465 234 649 278 redditas
701 238 1057 294 proportionem:
1109 239 1375 283 distributiva
1424 258 1528 285 vero

98 315 162 346 est
199 319 282 361 qua
313 305 549 362 respublica
583 323 658 349 seu
690 308 888 365 princeps
924 311 1103 367 eiusque
1127 311 1310 354 ministri
1336 324 1447 354 recte
1481 328 1526 355 se

97 370 328 418 habentin
360 378 664 421 communibus
697 379 820 422 bonis
854 396 928 423 seu
963 381 1166 424 oneribus
1200 382 1521 437 distribuendis,

95 445 306 490 servando
339 450 650 505 geometricam
685 453 1014 508 proportionem
1055 454 1165 496 inter
1188 470 1278 497 rem
1302 466 1341 497 et
1366 456 1524 499 merita

96 517 162 561 vel
207 518 477 563 conditiones
509 537 808 579 personarum.
858 524 971 566 Hinc
1009 524 1089 567 dici
1123 538 1278 582 potest,
1313 528 1523 569 iustitiam

95 590 339 647 generalem
387 608 479 636 esse
513 595 699 652 partium
732 594 783 638 ad
817 607 973 652 totum,
1023 598 1377 640 commutativam
1426 615 1522 642 esse

93 663 224 720 partis
258 663 309 706 ad
342 676 505 722 partem
539 681 612 709 seu
649 667 798 724 privati
834 666 884 710 ad
935 668 1164 724 privatum,
1199 668 1532 712 distributivam

92 750 195 777 vero
234 750 326 778 esse
373 737 506 780 totius
540 737 590 780 ad
624 751 776 795 partes.
812 739 873 780 Ex
910 738 975 781 his
1016 740 1177 781 iustitia
1223 743 1524 784 conmzvnftatz‘vcz

94 818 158 848 est
191 822 255 859 ea,
289 807 333 850 in
366 823 448 866 qua
480 808 663 866 perfecta
697 811 880 853 iustitiae
929 811 1035 853 ratio
1084 810 1248 868 (quoad
1287 813 1522 870 aeqitulita-

93 885 185 934 tem,
217 877 476 937 alteritatem,
510 880 704 939 debilium)
738 881 903 939 plenius
937 882 1228 924 inveniuntur.

212 950 358 994 Partes
392 950 570 995 demum
598 953 835 1010 potenficzlcs
868 954 1051 996 iustitiae
1078 969 1099 995 a
1123 969 1154 995 s.
1174 952 1441 1012 Thoma(1)
1462 955 1522 998 sic

91 1020 178 1066 fere
202 1036 519 1067 enumerantur:
542 1025 698 1081 religio,
721 1026 867 1082 pietas,
891 1024 1161 1077 obseruantia,
1185 1024 1425 1082 ohedientia,
1453 1042 1521 1069 ve-

89 1095 209 1147 ritas,
238 1095 459 1152 gratitudo,
490 1095 725 1151 vindicatio,
757 1095 995 1152 liberalitas,
1026 1094 1229 1153 affizbilila
1242 1111 1274 1151 5,
1321 1098 1521 1140 amicitia.

91 1165 261 1223 Religio
295 1178 358 1210 est
388 1167 543 1220 Virtus,
578 1182 660 1224 qua
693 1180 804 1210 recte
846 1166 1055 1210 afficimur
1088 1166 1138 1209 ad
1189 1166 1384 1210 debitum
1419 1169 1519 1211 Deo

91 1237 255 1281 cultum
287 1239 695 1296 venerationemque
742 1238 1040 1296 praebendam.
1075 1239 1213 1281 Pietas
1255 1252 1317 1282 est
1366 1241 1520 1295 virtus,

89 1325 165 1367 per
198 1325 328 1367 quarn
361 1311 568 1367 sanguine
590 1311 742 1353 iunctis
777 1311 1022 1368 patriaeque
1056 1310 1282 1354 benevolis
1318 1311 1456 1354 officia
1481 1324 1521 1355 et

90 1379 255 1424 cultum
289 1380 554 1425 exhibemus.
582 1381 868 1426 Observantia
901 1394 962 1424 est
998 1382 1149 1439 virtus,
1174 1398 1247 1439 per
1280 1399 1406 1440 quam
1434 1382 1519 1426 ho·-

89 1454 228 1496 mines
252 1453 456 1511 dignitate
479 1465 519 1496 et
540 1454 698 1497 virtute
723 1466 981 1511 praestantes
1008 1453 1171 1497 honore
1197 1455 1533 1512 prosequimurs

91 1524 364 1579 Obedientia,
379 1541 487 1583 quae
506 1541 599 1583 pars
617 1538 679 1569 est
698 1525 1064 1584 praecedentium,
1081 1526 1345 1569 voluntatem
1370 1542 1518 1584 prom*

88 1609 205 1656 ptam
240 1597 378 1641 reddit
411 1597 462 1641 ad
486 1599 594 1641 iusta
617 1599 889 1656 superiorum
915 1610 1135 1655 praecepta
1168 1597 1398 1654 implenda.
1424 1599 1516 1641 Ve-

88 1670 188 1713 ritas
222 1681 364 1713 autem
402 1682 465 1713 est
498 1669 567 1712 illa
612 1670 764 1721 virtus,
801 1685 875 1728 per
907 1685 1035 1727 quam
1070 1670 1195 1712 talem
1246 1685 1290 1712 se
1329 1670 1515 1727 quisque

88 1741 260 1800 praebet
291 1742 335 1784 in
371 1743 459 1785 suis
493 1742 627 1799 signis
666 1741 733 1784 vel
765 1740 923 1784 actibus
958 1741 1156 1794 externis,
1191 1739 1324 1798 qualis
1361 1755 1508 1798 reapse

88 1826 152 1858 est
198 1814 242 1856 in
273 1829 331 1857 se.
366 1812 594 1857 Gratitudo
642 1829 721 1856 uos
756 1813 926 1856 inclinat
958 1812 1009 1856 ad
1045 1825 1321 1869 acceptorum
1345 1810 1515 1854 benefi-

88 1885 258 1929 ciorum
290 1886 549 1929 memoriam
581 1884 846 1928 retinendam
883 1897 923 1928 et
957 1884 1006 1927 ad
1040 1885 1196 1941 gratias
1230 1899 1383 1926 eorum
1433 1898 1512 1926 au-

87 1957 278 2001 ctoribus
310 1970 403 2001 tum
428 1957 625 2015 agendaS‚
645 1969 752 2011 tum,
774 1958 806 2000 si
840 1972 1089 2014 possumus,
1115 1955 1368 1999 referendas.
1394 1957 1513 1998 Vin-

84 2029 242 2074 dicatio
275 2042 339 2074 est
370 2030 504 2073 virtus
552 2044 631 2072 nos
666 2030 871 2072 inclinans
905 2027 955 2072 ad
989 2029 1161 2071 iniurias
1198 2026 1339 2070 debito
1376 2026 1510 2069 modo

85 2101 346 2160 repellendas
368 2113 439 2144 aut
463 2102 619 2143 iustam
663 2101 918 2144 iniuriarum
956 2100 1167 2143 illatarum
1194 2099 1509 2156 reparationem

87 2172 356 2231 exigendam.
390 2171 636 2216 Liberalitas
671 2184 927 2230 promptum
954 2172 1090 2215 reddit
1116 2171 1342 2214 hominem
1365 2169 1416 2212 ad
1441 2186 1511 2228 pe-

88 2248 231 2291 eunias
264 2246 448 2305 aliasque
483 2261 547 2288 res
573 2243 879 2302 impendendas
913 2245 954 2287 in
990 2260 1092 2287 usus
1119 2243 1256 2286 bonos
1282 2241 1379 2295 sibi,
1405 2242 1514 2285 suis-

87 2311 168 2377 que
215 2329 256 2362 et
287 2318 394 2361 aliis.
435 2315 668 2360 Affabilitas
707 2327 770 2358 est
807 2316 958 2372 virtus,
994 2330 1075 2372 qua
1108 2315 1203 2372 quis
1250 2314 1293 2356 in
1329 2328 1516 2356 conver-

181 2536 239 2583 (1)
268 2537 307 2572 In
336 2547 367 2573 2.
395 2547 427 2573 2.
454 2549 486 2584 q.
514 2538 668 2574 80-120¹
