1734 2784
767 162 818 168 —
853 150 939 192 470
974 161 1026 167 —

377 235 503 269 latix-us
530 233 599 267 sint
627 232 786 266 diversae
813 232 1007 277 potentiae.
1035 250 1078 256 —
1105 231 1160 264 De
1186 231 1364 264 sensismo
1400 239 1487 262 mo-

379 294 455 327 rali:
487 314 527 317 ψ
557 292 634 326 eius
659 299 870 337 argumenta
901 289 1113 324 refelluntur
1141 310 1183 314 —
1209 289 1385 323 sententia
1414 288 1489 333 ipsa

380 354 611 397 impugnatur
637 359 853 396 argumento
882 349 924 383 ad
951 349 1152 383 hominem.
1182 369 1219 374 —-
1254 348 1353 393 Quid
1382 346 1493 382 intel-

381 412 546 455 ligamus,
575 420 655 443 cum
684 409 817 454 passim
846 408 888 443 de
915 419 1021 442 sensu
1043 407 1171 441 morali
1200 418 1405 441 sermonem
1432 406 1495 439 ha-

379 470 517 503 bemus.
590 491 1490 503 ................
1544 473 1612 509 190

288 541 341 574 72.
371 529 582 564 Scholion.
617 548 659 552 —
700 526 985 573 Cognosccndae
1024 526 1239 561 moralitatis
1280 524 1495 571 principium

384 589 515 634 duplex
544 598 607 624 est:
637 607 680 614 —
709 587 962 629 subiectivum,
1004 586 1208 620 intellectus
1247 585 1426 631 practicus
1454 604 1496 610 —

384 647 615 689 obiectivum‚
642 646 731 680 ordo
758 645 942 680 naturalis.
1010 668 1494 680 .........
1552 648 1613 687 195

194 723 458 763 ARTICULUS
493 719 546 761 V.
579 743 638 749 —-
672 718 732 760 Dc
766 717 999 759 extensione
1033 716 1290 758 moralitatis.
1331 748 1339 757 .
1405 747 1414 756 .
1478 747 1487 756 .
1528 713 1611 766 196

195 803 373 846 Thesis
405 803 569 845 XXIV.
593 827 652 832 —-
682 800 825 843 Plures
866 800 1068 842 humanae
1101 801 1286 851 actiones,
1309 798 1343 841 si
1365 797 1405 839 in
1428 795 1498 838 ab-

373 882 519 916 structo
542 872 858 925 considerentur,
881 879 974 914 sunt
1000 873 1039 914 in
1066 872 1224 914 ratione
1252 868 1499 912 moralitatis

377 942 658 1001 indiffi‘rcntes.
743 976 752 985 .
818 977 827 985 .
891 977 899 985 .
967 976 975 984 .
1039 977 1046 985 .
1113 975 1122 984 .
1189 976 1198 984 .
1262 977 1270 985 .
1338 976 1346 983 .
1415 973 1424 982 .
1489 974 1498 982 .
1563 934 1618 978 ib.

294 1038 348 1071 73.
376 1027 686 1061 Praenotiones.
713 1045 756 1051 —
787 1026 870 1068 Quo
898 1033 1033 1070 spectet
1061 1025 1221 1070 quaestio
1250 1024 1319 1058 hoc
1348 1024 1383 1057 in
1415 1023 1501 1056 arti-

390 1086 470 1120 culo
500 1086 694 1131 proposita.
723 1105 766 1111 —
795 1085 920 1119 Sermo
950 1093 1000 1118 est
1029 1083 1071 1118 de
1100 1085 1236 1118 actibus
1262 1083 1431 1117 humanis
1457 1101 1502 1107 —-

392 1146 449 1192 qui
477 1145 664 1190 dupliciter
690 1144 841 1190 spectari
869 1152 1031 1189 possunt,
1052 1143 1088 1176 in
1108 1144 1287 1177 abstracto
1309 1152 1342 1177 et
1361 1143 1396 1175 in
1417 1153 1502 1176 con-

392 1214 503 1239 creto:
533 1223 577 1228 ——
602 1203 668 1236 hac
696 1204 731 1237 in
758 1202 849 1237 thesi
876 1211 1083 1247 spectantur
1101 1211 1242 1236 tantum
1264 1203 1298 1235 in
1318 1202 1509 1235 abstracto.
1576 1199 1623 1232 ib.

300 1276 354 1309 74.
381 1263 697 1298 Demonstratio.
726 1282 769 1288 ,-
794 1261 918 1295 Plures
945 1270 1044 1295 actus
1070 1261 1268 1295 secundum
1294 1272 1394 1294 suam
1422 1271 1503 1304 spe-

394 1324 484 1357 ciem
511 1322 661 1368 inspecti
691 1333 756 1355 nec
783 1330 864 1356 sunt
894 1320 1099 1355 conformes
1116 1321 1232 1355 ordini
1260 1319 1411 1354 naturali
1438 1330 1502 1352 ne-

395 1394 461 1429 que
488 1383 530 1415 ab
557 1393 599 1415 eo
630 1380 828 1414 difformes
889 1404 1504 1415 ...........
1561 1385 1626 1421 197

204 1455 382 1498 Thesis
414 1454 558 1496 XXV.
595 1477 651 1484 —
684 1450 958 1494 Adlmeremns
990 1450 1203 1493 sententiae
1237 1451 1398 1506 neganti
1421 1449 1502 1491 lm-

385 1538 531 1567 manas
563 1538 642 1565 esse
666 1524 855 1573 actiones,
881 1535 980 1578 quae
1006 1521 1045 1563 in
1070 1520 1285 1563 individuo
1311 1521 1506 1577 inspectae

386 1598 465 1639 sint
501 1598 541 1637 in
570 1609 705 1651 genera
738 1608 895 1635 morum
927 1591 1210 1650 indifferentes.
1276 1626 1285 1635 .
1348 1626 1356 1634 .
1423 1626 1431 1633 .
1494 1624 1504 1634 .
1545 1589 1627 1644 198

304 1690 356 1724 75.
385 1678 702 1712 Demonstratio.
731 1697 771 1700 —
800 1676 926 1710 Sermo
953 1684 1004 1709 est
1033 1675 1075 1708 de
1101 1673 1339 1708 indifferentia
1359 1674 1392 1707 in
1411 1673 1510 1707 boni-

399 1748 470 1772 tate
499 1748 531 1772 et
558 1736 706 1778 malitia,
736 1747 810 1769 non
839 1736 873 1768 in
901 1735 1029 1768 merito
1055 1734 1190 1779 gratiae
1217 1741 1250 1766 et
1286 1732 1437 1778 gloriae.
1464 1752 1504 1757 —

399 1797 541 1842 Duplex
567 1795 755 1829 sententia:
784 1793 968 1828 affirmans
995 1801 1028 1827 et
1056 1804 1204 1838 negans.
1224 1811 1268 1817 —-
1288 1793 1512 1837 Argumenta

402 1854 599 1890 sententiae
619 1853 841 1888 affirmantis:
859 1871 901 1877 —
921 1851 1112 1898 praecipui,
1131 1850 1190 1897 qui
1210 1862 1289 1884 eam
1304 1859 1510 1896 sequuntur,

403 1924 580 1949 auctores.
603 1933 646 1938 —
671 1913 896 1958 Argumenta
923 1911 1122 1945 sententiae
1148 1911 1326 1955 negantis:
1346 1929 1389 1935 —
1412 1920 1512 1955 prae-

404 1975 509 2020 cipui,
537 1974 597 2019 qui
623 1985 700 2007 eam
729 1981 882 2014 tuentur,
909 1979 1083 2005 auctores.
1103 1990 1145 1995 —
1175 1970 1271 2003 Haec
1299 1970 1409 2004 altera
1436 1981 1515 2004 sen-

402 2035 514 2068 tentia
534 2031 729 2078 praefertur
733 2055 1510 2065 ..............
1575 2026 1631 2060 ib.

311 2094 367 2140 76.
396 2093 607 2128 Scholion.
635 2110 679 2116 —
707 2089 955 2124 Difficultates:
983 2109 1026 2114 —
1054 2097 1138 2123 tunc
1177 2088 1272 2123 actio
1313 2096 1366 2122 est
1404 2089 1510 2130 bona,

408 2151 550 2198 quando
578 2149 812 2184 intenduntur
837 2148 928 2182 fines
952 2148 1141 2182 ulteriores
1166 2147 1317 2193 finisque
1350 2146 1512 2180 ultimus:

408 2231 451 2236 —-
478 2220 584 2254 agere
609 2216 756 2254 propter
783 2206 1059 2241 delectationem
1086 2213 1137 2240 est
1163 2204 1300 2239 malum
1326 2204 1383 2238 vel
1411 2202 1516 2238 indif-

410 2270 539 2304 ferens:
561 2287 606 2292 —
625 2268 751 2302 dantur
769 2266 982 2301 omissiones
1001 2266 1184 2300 actionum
1204 2265 1389 2298 moraliter
1409 2262 1516 2297 indif-

409 2329 576 2363 ferentes:
598 2347 642 2353 —-
670 2326 762 2361 dicta
789 2326 919 2360 ludicra
939 2325 995 2359 vel
1022 2324 1113 2359 facta
1132 2325 1252 2358 iocosa
1279 2323 1445 2358 videntur
1462 2323 1516 2356 in-

411 2387 625 2421 differentia:
653 2406 699 2412 —
724 2385 858 2419 multae
884 2385 1043 2419 actiones
1069 2395 1134 2418 nec
1162 2383 1352 2417 laudantur
1373 2393 1438 2416 nec
1464 2382 1516 2415 vi-

411 2456 627 2492 tuperantur.
654 2465 697 2472 —-
735 2445 1015 2489 Responsiones.
1045 2463 1089 2469 —
1116 2442 1204 2478 Utra
1242 2443 1285 2477 sit
1324 2442 1516 2487 benignior

413 2506 588 2540 sententia
594 2525 1516 2540 .................
1539 2537 1542 2540 ,
1569 2507 1637 2541 204
1730 2489 1731 2496 ἵ
