1734 2784
90 179 133 222 in
156 193 242 236 quo
265 178 414 221 onmia
435 177 780 220 eminentissimo
805 176 937 220 modo
962 178 1237 221 continentur
1272 179 1345 238 (1).
1371 179 1517 237 Atqui,

89 260 135 291 ut
166 264 218 292 ex
249 248 451 292 Suaresio
485 247 685 304 diximus,
717 247 945 298 talisvboni
980 249 1227 291 consecutio
1253 250 1410 292 merito
1445 265 1526 292 vo-

89 330 206 362 catur
239 318 428 362 hominis
461 317 679 362 beatitudo
713 318 961 362 essentialis.
997 319 1113 375 Ergo
1172 320 1253 362 Dei
1305 321 1522 377 possessio

87 402 150 433 est
181 389 417 442 essentialis
451 389 669 432 beatitudo
720 389 936 433 hominis:
971 403 1107 433 cetera
1157 407 1258 433 vero
1308 391 1416 433 bona
1466 391 1516 434 ad

87 460 395 504 beatitudinem
427 462 640 517 pertinent
672 476 759 503 non
793 474 879 503 tam
906 461 1212 514 essentialiter,
1239 478 1366 519 quam
1401 471 1519 504 ant-:-

85 531 263 576 cedenter
295 531 362 576 vel
393 541 689 590 consequenter,
724 545 769 574 ut
801 548 833 576 S.
868 532 1065 576 Thomas
1100 534 1160 589 (2)
1196 532 1351 591 pluries
1378 532 1520 576 docet.

205 603 354 661 Itaque
375 618 474 646 cum
498 602 680 645 dicimus
716 605 928 646 essentiam
960 604 1070 646 vitae
1102 603 1244 646 beatae
1274 605 1400 646 sitam
1425 620 1517 647 esse

89 673 131 715 in
165 673 348 731 perfecta
380 674 513 732 ipsius
548 675 629 717 Dei
666 675 955 732 possessione,
991 691 1078 717 non
1112 675 1273 718 idcirco
1308 691 1515 733 negamus

86 743 164 787 alia
189 743 299 788 bona
323 755 487 802 praeter
510 745 833 802 possessionem
860 746 968 788 Boni
995 745 1147 789 infiniti
1187 746 1526 789 cumulatissime

88 816 263 874 reperiri
297 817 338 858 in
371 815 444 859 illo
470 806 750 860 beatitudinis
785 831 896 861 statu
929 819 1167 861 «omnium
1201 818 1419 862 bonorum
1451 834 1528 875 ag-

85 888 334 944 gregatione
368 887 555 945 perfecto
585 905 622 931 n:
661 889 888 945 quomodo
923 892 1037 933 enim
1064 892 1182 933 Deus
1206 903 1419 933 creaturae
1444 889 1517 945 illi,

87 958 154 1000 cui
188 956 310 1015 plene
343 957 413 1001 dat
444 962 633 1016 ςεὶρςιιηι,
674 974 848 1016 negaret
898 963 1009 1004 sita?
1044 964 1209 1006 Verum
1254 961 1519 1004 affirmamus

87 1028 251 1073 bonum
283 1029 388 1074 illud
420 1032 853 1088 praestantissimum,
891 1033 1010 1089 quod
1045 1045 1106 1076 est
1141 1034 1387 1076 coniunctio
1423 1049 1522 1076 cnm

90 1101 203 1155 Deo,
228 1102 548 1158 supereminere
581 1102 690 1144 inter
715 1104 860 1145 omnia
886 1103 951 1145 illa
975 1103 1098 1160 bona,
1123 1120 1214 1147 esse
1243 1103 1519 1146 beatitudinis

87 1170 257 1215 culmen
278 1188 325 1215 ac
347 1171 584 1230 fastigium,
619 1172 670 1216 ad
695 1173 813 1231 quod
841 1187 977 1217 cetera
1003 1176 1147 1217 omnia
1171 1191 1279 1232 quae
1312 1174 1523 1218 habentur

88 1241 198 1287 bona
229 1243 471 1288 referuntur
504 1244 571 1288 vel
593 1261 614 1288 a
638 1260 724 1302 quo
761 1259 1097 1303 consequuntur,
1122 1247 1264 1303 ipsum
1298 1262 1390 1290 esse
1425 1247 1526 1289 sub-

88 1316 287 1359 stantiam
321 1318 431 1360 vitae
463 1316 620 1374 beatae,
654 1317 705 1359 ita
742 1329 786 1360 ut
819 1318 853 1359 si
894 1317 1026 1360 1101110
1066 1317 1156 1360 aliis
1182 1317 1304 1361 bonis
1347 1332 1523 1372 careret,

181 1514 237 1558 (1)
265 1511 319 1548 Cf.
346 1514 487 1556 Suarez,
515 1513 673 1559 Metapli.
706 1513 793 1558 disp.
825 1514 940 1548 XXX.
967 1524 1051 1548 sect.
1083 1525 1126 1556 1.‚
1159 1516 1335 1557 Lessinm,
1357 1516 1401 1549 de
1429 1515 1520 1561 perf.

88 1583 179 1606 mor.
207 1571 276 1605 div.
305 1571 326 1606 1.
359 1583 386 1606 1.
406 1583 437 1607 e.
457 1582 490 1615 4.
518 1573 691 1607 Divinam
719 1582 883 1606 naturam
907 1573 954 1607 ait
985 1575 1135 1615 Dantes,
1159 1576 1235 1609 Par.
1262 1575 1408 1615 XXVI„
1428 1574 1518 1608 adeo

87 1630 166 1664 aliis
191 1631 327 1665 naturis
355 1640 554 1677 praestare,
994 1636 1002 1642 “

372 1702 449 1738 Che
476 1704 620 1738 ciascun
648 1705 728 1745 ben,
757 1703 821 1737 che
851 1703 933 1737 fuor
960 1703 992 1737 di
1023 1704 1068 1738 lei
1097 1706 1125 1738 si
1153 1714 1271 1743 trova,

372 1750 476 1785 Altro
504 1763 576 1786 non
603 1754 635 1793 e,
667 1751 732 1785 che
760 1752 795 1785 di
823 1763 887 1785 suo
918 1751 1014 1785 1111110
1045 1763 1092 1785 1111
1120 1753 1258 1798 raggio.

89 1820 193 1864 Item,
221 1821 299 1856 Par.
324 1822 434 1865 VIII„
461 1823 508 1858 ait
535 1823 657 1857 Deum
687 1834 765 1857 esse
794 1834 980 1857 summum
1009 1823 1095 1856 illud
1129 1824 1282 1866 bonum,

373 1894 443 1930 Ου’
456 1895 543 1941 ogni
571 1896 639 1930 ben
669 1896 695 1929 si
724 1895 877 1929 termina
908 1907 925 1929 e
952 1894 976 1929 s'
996 1895 1112 1930 inizia.

182 1965 238 2010 (2)
265 1966 366 2000 Hanc
394 1965 663 2000 distinctionem
691 1966 797 2000 tradit
825 1977 850 1999 s.
879 1965 960 2005 Th„
988 1966 1022 1999 in
1056 1976 1080 1999 1.
1111 1975 1141 1999 2.
1170 1978 1203 2012 q.
1238 1975 1268 2008 ς,
1293 1978 1325 2000 a.
1360 1966 1524 2009 3.‚l1isce

87 2023 219 2059 verbis:
251 2037 269 2056 «
287 2024 343 2059 Ad
384 2025 645 2060 beatitudinem
673 2033 790 2070 potest
830 2024 965 2070 aliqnid
997 2025 1175 2070 pertinere
1222 2025 1422 2071 tripliciter,
1451 2038 1525 2060 11110

88 2082 201 2118 modo
228 2083 456 2126 essentialiter,
474 2084 546 2119 alio
575 2083 686 2117 modo
716 2082 955 2125 antecedenter,
976 2084 1083 2117 tertio
1104 2083 1215 2117 modo
1255 2090 1522 2130 consequenter.»

88 2141 190 2176 Hanc
217 2153 325 2188 porro
350 2143 622 2177 distinctionem
650 2142 807 2188 applicat
836 2142 877 2175 ad
910 2141 1028 2187 plures
1056 2142 1249 2177 solvendas
1285 2143 1522 2177 obiectiones.

87 2200 144 2235 Sic
173 2201 217 2236 ib.
246 2202 281 2236 in
308 2210 372 2236 art.
399 2211 431 2244 4.
451 2212 561 2246 agens
583 2201 625 2234 de
657 2212 756 2246 pace,
788 2201 822 2234 in
844 2212 909 2246 qna
930 2200 1070 2234 videtur
1096 2199 1281 2235 beatitudo
1315 2203 1526 2244 consistere,

87 2259 174 2294 haec
201 2260 320 2295 habet:
353 2275 369 2292 «
390 2263 461 2296 Pax
500 2261 653 2306 pertinet
680 2260 722 2293 ad
752 2259 919 2294 ultimum
960 2259 1120 2293 hominis
1148 2259 1274 2302 finem,
1313 2272 1385 2294 non
1427 2259 1525 2306 quasi

85 2320 308 2355 essentialiter
333 2322 378 2355 sit
406 2321 481 2366 ipsa
509 2320 708 2362 beatitudo,
736 2319 796 2353 sed
843 2319 924 2365 qnia
952 2319 1182 2354 antecedenter
1216 2328 1248 2353 et
1290 2324 1526 2365 consequenter

87 2379 195 2415 habet
234 2391 272 2415 se
310 2380 354 2414 ad
394 2380 517 2426 ipsam.
559 2380 825 2414 Antecedenter
864 2379 1022 2425 quidem,
1054 2389 1228 2426 qnatenus
1255 2389 1337 2414 sunt
1379 2388 1517 2414 remota

85 2440 211 2474 omnia
238 2440 486 2485 perturbantia
508 2449 541 2474 et
562 2438 793 2485 impedientia
815 2439 857 2472 ab
879 2438 1006 2473 ultimo
1027 2438 1109 2474 line:
1139 2448 1404 2484 consequenter
1423 2450 1526 2490 vero¹

88 2496 124 2531 in
152 2507 325 2544 quantum
356 2499 426 2533 iam
453 2497 579 2537 1101110,
607 2497 737 2543 adepto
765 2497 895 2531 ultimo
922 2496 1004 2538 sine,
1022 2508 1181 2532 remanet
1210 2506 1366 2543 pacatus,
1388 2497 1524 2532 deside-

89 2556 142 2592 rio
171 2557 347 2604 quietam.
368 2571 386 2590 »

1377 2616 1399 2649 4
