1734 2784
715 149 772 158 ·“·
807 138 886 180 343
923 140 985 158 -’

119 235 167 263 ac
198 219 414 277 superior,
449 230 576 276 atque
599 219 688 276 ipsa
711 219 918 277 sapientia
941 231 1004 262 est
1027 219 1203 276 ipsaque
1227 218 1401 261 iustitia.
1427 219 1545 275 Ergo

119 291 236 334 viros
254 290 412 349 probos
430 289 665 348 legumque
685 289 885 334 custodes
906 291 1106 348 congruis
1123 289 1311 332 cumulat
1330 291 1532 347 praemiis
1546 327 1557 344 ‚

122 362 320 405 homines
353 376 455 405 Vero
489 362 649 418 impios
682 362 917 419 legumque
965 375 1304 418 transgressores
1351 362 1554 418 congruis

122 432 250 476 afficit
283 433 449 490 poenis,
483 433 629 489 sicque
664 433 800 490 palam
835 431 948 489 facit,
973 444 1132 490 quanto
1157 447 1305 474 amore
1328 433 1551 488 virtutem,

123 515 285 561 quanto
319 503 420 546 odio
455 503 606 545 vitium
642 516 926 561 prosequatur
960 503 1044 562 (Ι).

245 575 298 618 ΙΙ.
332 575 395 617 Ex
418 573 582 617 infinita
604 575 683 616 Dei
708 575 940 617 sanctitate.
963 600 1019 607 —
1038 573 1207 631 Duplex
1231 586 1293 616 est
1321 575 1553 628 motivum,

125 644 243 703 quod
277 644 511 688 humanam
546 640 814 688 Voluntatem
849 647 1075 704 praecipue
1124 645 1302 703 impellit
1350 644 1400 688 ad
1444 644 1550 702 legis

125 715 381 773 custodiam,
413 715 608 759 videlicet
641 717 857 759 motivum
892 715 1020 759 officii
1044 729 1083 759 et
1119 716 1392 773 obligationis
1427 727 1554 773 atque

125 799 341 845 praeterea
374 789 589 830 motivum
626 788 801 844 praemii
827 803 899 845 per
933 787 1039 845 legis
1065 787 1408 831 observationem
1434 787 1553 830 obti-

124 857 252 901 nendi
287 870 327 901 et
361 873 523 916 poenae
557 857 610 901 ob
642 858 747 915 legis
782 859 1064 902 violationem
1112 858 1290 902 luendae
1333 858 1418 917 (2).
1457 860 1555 901 Hoc

123 928 237 972 aliud
258 930 475 973 motivum
498 931 696 988 propriae
720 929 927 987 utilitatis,
963 931 1040 973 etsi
1077 931 1220 973 minus
1254 929 1394 973 nobile
1426 945 1556 987 quam

122 1001 227 1044 illud
252 1003 459 1060 primum,
486 1014 548 1044 est
570 1014 715 1044 tamen
749 1002 1124 1045 accommodatum
1150 1002 1283 1045 indoli
1308 1019 1353 1045 ac
1378 1014 1553 1045 naturae

123 1073 334 1116 humanae
367 1073 613 1130 voluntatis,
649 1075 784 1116 immo
835 1075 961 1116 etiam
1011 1074 1273 1131 generalitati
1318 1075 1551 1117 hominum

122 1146 441 1188 necessarium:
477 1144 786 1203 quamplurimi
822 1146 937 1187 enim
971 1158 1085 1198 sunt,
1121 1146 1194 1203 qui
1228 1145 1436 1188 nobiliore
1473 1144 1549 1187 illo

121 1215 250 1259 officii
284 1229 324 1260 et
358 1215 634 1273 obligationis
670 1217 835 1259 motivo
872 1218 1067 1271 minime,
1105 1229 1313 1274 quantum
1362 1228 1547 1274 oportet,

123 1300 470 1344 commoventur,
503 1289 546 1330 in
579 1289 628 1331 iis
663 1289 913 1345 praesertim
949 1287 1183 1342 adiunctis,
1218 1289 1260 1331 in
1311 1287 1466 1346 quibus
1500 1287 1551 1330 ad

121 1359 260 1416 legem
294 1358 607 1403 observandam
641 1360 801 1402 iactura
834 1358 1024 1402 facienda
1048 1371 1110 1402 est
1134 1358 1351 1402 bonorum
1375 1372 1552 1417 tempo-

120 1431 272 1474 ralium
307 1433 528 1490 ipsiusque
561 1432 669 1474 vitae
703 1431 788 1490 (3).
816 1432 920 1484 Quo
954 1432 1164 1489 principio
1200 1433 1359 1489 posito,
1384 1433 1443 1474 sic
1487 1447 1550 1474 ar-

214 1628 271 1672 (1)
300 1628 355 1662 Ad
384 1639 459 1662 rem
487 1640 514 1662 s.
546 1627 705 1673 Cyrillus
746 1627 924 1661 Hierosol.
967 1627 1139 1672 archiep,
1181 1627 1318 1662 catech.
1346 1628 1479 1662 XVIII.
1511 1627 1554 1662 de

118 1687 232 1722 carnis
261 1696 459 1721 resurrect.:
494 1687 678 1732 «Respice
707 1687 814 1721 etiam
843 1686 884 1719 ad
915 1686 1029 1731 ipsam
1059 1686 1212 1720 iustitiae
1230 1686 1423 1728 rationem,
1442 1694 1548 1733 atque

117 1747 153 1780 in
181 1746 340 1792 teipsum
369 1746 524 1780 reflecte.
554 1746 728 1780 Diversos
756 1745 868 1778 habes
898 1745 1063 1786 famulos,
1093 1756 1245 1791 quorum
1264 1744 1322 1778 alii
1349 1745 1434 1779 boni
1454 1754 1546 1787 sunt,

117 1806 178 1840 alii
207 1806 320 1852 pravi.
349 1807 471 1840 Bonos
500 1816 585 1839 sane
613 1805 647 1838 in
678 1805 796 1850 pretio
828 1804 938 1839 habes
966 1813 999 1838 et
1041 1804 1158 1838 caedis
1198 1804 1325 1839 malos.
1366 1804 1478 1847 Quod
1517 1805 1546 1838 si

119 1865 227 1900 etiam
256 1862 363 1898 iudex
390 1863 513 1906 fueris,
541 1864 658 1898 bonos
688 1863 809 1897 laudas
838 1873 870 1898 et
898 1863 1083 1908 improbos
1111 1865 1232 1908 punis.
1255 1864 1310 1897 An
1330 1876 1415 1898 vero
1451 1864 1547 1910 apud

115 1932 152 1960 te
181 1923 375 1959 mortalem
403 1924 593 1959 hominem
622 1924 722 1969 aequi
750 1924 839 1957 ratio
869 1923 1082 1965 custoditur,
1113 1923 1204 1968 apud
1233 1924 1352 1957 Deum
1379 1936 1462 1958 vero
1492 1936 1551 1958 re-

115 1996 199 2031 gem
226 1985 406 2026 omnium,
427 1984 481 2017 cui
511 1995 529 2017 a
558 1983 658 2017 nullo
689 1983 900 2023 succeditur,
921 1993 994 2015 non
1016 1983 1081 2017 erit
1111 1982 1329 2027 respondens
1349 1984 1547 2029 unicuique

115 2044 270 2080 iustitiae
297 2043 458 2077 modus?
485 2043 593 2088 Atqui
624 2043 776 2087 impium
805 2052 855 2076 est
882 2041 951 2075 hoc
979 2041 1142 2075 inficiari.
1164 2057 1180 2072 »

212 2103 269 2147 (2)
297 2103 438 2137 Bonum
466 2110 519 2136 est
546 2101 591 2142 id,
620 2100 714 2147 quod
742 2101 935 2134 humanam
958 2100 1182 2134 voluntatem
1214 2110 1335 2134 movet
1365 2100 1406 2133 ad
1438 2112 1543 2145 opus.

115 2160 264 2205 Triplex
289 2168 411 2194 autem
439 2169 491 2194 est
517 2160 666 2193 bonum.
693 2159 863 2192 lwnesmm
892 2158 972 2192 utils
999 2157 1215 2193 deleclrtbile..
1246 2159 1335 2193 Hinc
1365 2160 1433 2192 tria
1463 2167 1546 2193 sunt

116 2220 258 2262 motiva,
289 2231 377 2266 quae
404 2219 602 2253 humanam
632 2218 856 2252 voluntatem
886 2218 1076 2264 impellunt
1106 2218 1148 2251 ad
1184 2218 1376 2263 agendum.
1416 2219 1543 2253 Voluit

117 2288 236 2314 autem
263 2280 372 2321 Deus,
401 2279 466 2313 tria
494 2278 581 2312 haec
610 2279 746 2311 motiva
774 2277 879 2311 simul
912 2289 1125 2312 concurrere
1158 2277 1199 2311 ad
1236 2278 1432 2312 humanam
1472 2290 1542 2312 vo-

116 2338 291 2373 luntatem
319 2337 573 2383 impellendam
601 2336 643 2370 ad
672 2337 760 2382 legis
789 2337 1006 2378 custodiam,
1038 2337 1218 2370 motivum
1251 2336 1452 2371 honestatis
1480 2348 1542 2371 seu

117 2398 307 2445 obligatio,
336 2397 516 2432 motivum
543 2396 707 2431 utilitatis
735 2408 795 2430 seu
824 2397 976 2430 sanctio.
1006 2396 1182 2430 motivum
1213 2396 1298 2429 boni
1319 2396 1542 2430 delectabilis

118 2456 214 2504 quod
240 2457 274 2490 in
302 2457 481 2503 praesenti
511 2456 576 2489 hac
616 2456 687 2489 vita
716 2456 749 2488 in
779 2467 866 2500 pace
893 2466 931 2488 ac
961 2454 1220 2500 tranquillitate
1249 2455 1361 2488 animi
1391 2456 1550 2489 maxime

117 2517 295 2551 consistit.

214 2577 270 2621 (3)
297 2575 429 2610 Referri
457 2575 524 2609 huc
546 2585 695 2619 possunt
717 2587 826 2620 pauca
848 2575 934 2609 haec
965 2576 1068 2609 verba
1092 2586 1116 2608 s.
1139 2574 1316 2613 Thorium,
1342 2586 1366 2608 1.
1391 2585 1421 2608 2.
1444 2586 1476 2620 q.
1494 2583 1553 2619 95-
