1734 2784
756 141 1024 184 —472—

274 226 329 259 82.
359 224 567 259 Scholion.
595 243 638 249 —
664 222 930 258 Difficultates:
953 243 997 249 —
1025 224 1187 258 actiones
1204 223 1380 259 honestae
1399 233 1481 259 sunt

370 282 508 318 debitae
535 284 684 317 Deoz—
713 283 913 317 actionibus
939 282 1100 318 honestis
1127 283 1336 329 proficimus
1363 283 1482 324 nobis,

371 353 443 375 non
473 342 563 376 Deo:
579 362 623 367 ——
650 342 708 388 qui
735 351 891 377 merctur
905 343 997 389 apud
1017 342 1180 383 alterum,
1200 342 1295 377 hunc
1314 343 1382 378 sibi
1401 342 1484 379 facit

373 402 584 436 debitorem.
611 422 653 427 ——
683 403 950 448 Responsiones
955 429 1485 439 ..........

181 485 382 530 CAPUT
416 487 489 529 IV.
523 511 579 519 —
615 488 675 530 De
708 487 785 543 lege
818 488 976 532 morali.
1026 523 1033 531 .

278 570 334 613 83.
362 569 447 604 Non
474 570 603 604 eodem
631 579 735 616 pacto
762 572 796 605 in
840 572 1044 606 actionibus
1085 572 1176 606 inest
1211 571 1412 606 moralitas:
1441 589 1485 597 —-

371 630 482 663 modo
503 630 595 665 inest
614 641 885 678 consequenter,
897 632 1007 667 modo
1027 632 1283 667 antecedenter
1301 632 1345 666 ad
1366 631 1486 678 legem

373 688 580 733 positivam,
607 709 644 714 —-
676 691 769 725 Hinc
808 691 991 728 distinctio
1028 691 1244 726 moralitatis
1285 691 1317 724 in
1357 689 1487 724 extrin-

372 757 492 781 secam
520 757 552 782 et
580 750 805 784 intrinsecam
813 777 1177 785 .......

281 807 336 848 84.
363 807 560 842 Intrinseca
587 809 715 844 dicitur
740 802 846 844 ctiam
867 809 1148 844 fundamentalis
1164 819 1197 844 et
1217 809 1415 844 obiectiva:
1442 827 1486 834 —

375 867 465 900 ratio
493 867 596 902 huius
624 868 880 914 appellationis
886 896 1302 904 ........

283 926 338 967 85.
366 927 502 968 Quanti
531 929 708 962 momenti
737 929 779 962 sit
806 928 894 963 haec
923 929 964 962 de
992 928 1132 974 legibus
1159 928 1402 974 pertractatio.

282 984 334 1019 86.
362 986 466 1027 Quos
493 986 600 1021 duces
626 999 825 1034 sequamur.
877 1018 882 1022 .
936 1019 940 1024 .
997 1014 1480 1027 ..........

283 1048 336 1090 87.
367 1046 468 1081 Ordo
495 1047 607 1082 totius
633 1048 886 1094 disputationis
891 1075 1492 1084 ...........

187 1120 454 1162 ARTICULUS
489 1121 521 1162 I.
558 1147 610 1151 —
646 1122 708 1164 De
742 1129 894 1164 παίωνα
927 1122 1019 1179 legis
1052 1123 1091 1164 in
1125 1122 1341 1164 communi.

289 1204 343 1238 88.
370 1205 638 1249 Argumentum
665 1206 771 1240 huius
799 1206 954 1241 articuli.

196 1275 375 1320 Thesis
406 1277 612 1319 XXVIII.
652 1277 767 1331 Quid
799 1279 848 1319 sit
882 1277 945 1319 lex
979 1277 1020 1318 in
1050 1290 1198 1332 genere.

287 1359 343 1403 89.
371 1360 683 1394 Praenotiones.
709 1379 752 1385 —
796 1360 955 1405 Etymon
999 1359 1100 1404 legis.
1143 1377 1186 1383 --
1224 1358 1280 1392 De
1314 1356 1494 1390 divisione

381 1418 502 1464 legum
529 1421 563 1453 in
592 1419 768 1465 physicas,
795 1420 923 1453 artium
954 1427 987 1453 et
1006 1429 1149 1452 morum
1167 1430 1172 1451 :
1193 1436 1236 1443 —
1256 1417 1358 1451 nobis
1377 1427 1495 1450 sermo

384 1487 436 1512 est
464 1479 507 1512 de
533 1478 614 1525 lege
633 1479 761 1513 morali
769 1506 1013 1513 .....
1022 1470 1025 1472 v
1066 1502 1491 1512 ........

286 1548 343 1584 90.
370 1539 611 1574 Declaratio.
640 1559 683 1564 —
714 1551 741 1573 1.
763 1539 859 1583 Quid
887 1540 931 1572 sit
957 1538 1013 1572 lex
1041 1537 1188 1571 moralis
1208 1536 1242 1570 in
1258 1548 1322 1570 suo
1350 1547 1498 1580 genera-

384 1597 523 1631 lissimo
552 1607 742 1643 conceptu.
770 1617 813 1623 —
843 1597 943 1638 Quid
971 1596 1027 1631 lex
1056 1607 1163 1630 sensu
1190 1595 1310 1629 minus
1353 1594 1497 1640 proprio

383 1659 573 1704 minusque
599 1657 760 1704 perfecto
787 1677 830 1682 --
859 1656 943 1703 quid
970 1667 1075 1690 sensu
1101 1655 1215 1701 magis
1242 1653 1389 1699 proprio
1416 1664 1498 1686 ma-

383 1718 509 1763 gisque
535 1718 710 1763 perfecto.
737 1737 776 1741 —-
809 1727 838 1751 2.
859 1715 1031 1750 Definitio
1052 1726 1077 1749 S.
1097 1715 1275 1749 Thomae.
1295 1733 1338 1738 —
1358 1713 1419 1747 Est
1437 1724 1500 1747 ον’-

385 1778 535 1814 dinatio
563 1798 605 1803 -
633 1777 801 1811 directim
829 1785 862 1810 et
901 1775 1097 1821 obligativa
1127 1795 1164 1799 -
1197 1773 1332 1807 stabilis
1366 1782 1399 1807 et
1439 1771 1500 1806 du-

384 1848 523 1874 ratura:
551 1857 595 1863 -
622 1837 708 1870 hinc
735 1837 803 1878 lex,
834 1847 922 1882 quae
948 1834 1142 1881 praecipiat
1163 1833 1345 1867 evidenter
1363 1832 1499 1878 iniqua,

385 1898 530 1931 abusive
557 1896 686 1930 dicitur
704 1895 771 1929 lex:
790 1914 833 1919 --
855 1894 957 1928 valde
984 1892 1156 1927 differunt
1175 1891 1297 1936 regula
1324 1899 1358 1924 et
1387 1891 1443 1925 lex
1459 1910 1500 1915 —

387 1959 442 1992 lex
470 1967 503 1992 et
532 1955 736 1991 consilium.
765 1973 806 1978 ——
834 1952 1100 1989 Est-ordinatio
1138 1950 1329 1987 sationis:
1358 1969 1402 1976 -
1431 1959 1500 1996 quo

386 2028 492 2052 sensu
519 2017 589 2051 sint
613 2017 680 2050 hac
705 2026 814 2049 voces
842 2012 1088 2059 accipiendae:
1113 2032 1155 2036 -—
1175 2022 1236 2044 cur
1256 2020 1421 2055 expressa
1442 2008 1502 2042 fiat

388 2080 525 2111 mentio
553 2086 652 2110 actus
679 2075 829 2110 rationis
842 2087 910 2108 z-—-
931 2073 1014 2118 quid
1041 2073 1083 2106 sit
1110 2069 1316 2119 imperinm
1336 2069 1378 2102 ad
1397 2079 1504 2102 men-

386 2145 459 2170 tem
488 2147 514 2169 s.
533 2134 723 2169 Thornae:
746 2155 785 2159 -—
806 2144 903 2167 mera
921 2132 1091 2166 voluntas
1109 2141 1168 2164 seu
1190 2129 1375 2163 arbitrium
1394 2137 1503 2172 supe-

387 2196 491 2229 rioris
516 2207 591 2229 non
621 2204 670 2229 est
697 2193 766 2228 lex.
794 2213 838 2217 -—
864 2193 937 2226 Lex
964 2191 1067 2225 debet
1093 2189 1240 2224 tendere
1282 2186 1323 2222 in
1364 2185 1504 2221 bonum

390 2267 601 2291 commune:
627 2275 671 2280 —-
692 2266 753 2287 cur
779 2253 850 2288 lioc
877 2253 920 2286 sit
947 2249 1250 2285 necessarium:—-
1275 2245 1356 2293 quid
1374 2244 1506 2280 adhoc

389 2314 554 2349 sufficiat.
591 2335 619 2339 —
649 2314 723 2348 Lex
750 2313 854 2347 debet
882 2321 960 2345 esse
987 2310 1033 2346 ab
1061 2320 1115 2350 eo,
1139 2306 1206 2354 qui
1230 2315 1369 2342 curam
1410 2314 1507 2339 com-

393 2373 598 2410 munitatis
625 2373 750 2409 habet:
770 2391 812 2398 —
833 2372 913 2417 quia
940 2371 997 2403 lex
1015 2377 1068 2402 est
1085 2366 1292 2411 obligativa:
1315 2385 1350 2389 ——
1376 2362 1506 2408 duplex

393 2435 656 2469 communitas:
683 2431 840 2479 perfecta
868 2439 901 2465 et
928 2427 1208 2474 imperfectaz—
1226 2424 1358 2470 duplex
1377 2421 1507 2458 modus

392 2493 539 2539 regendi
566 2491 887 2527 communitatem:
916 2487 1027 2522 modo
1055 2484 1318 2530 independente
1341 2490 1376 2516 et
1395 2480 1507 2515 modo

388 2552 647 2586 subordinato:
674 2571 717 2577 —
745 2549 829 2596 quid
855 2548 898 2583 ad
923 2548 1042 2592 legem
1071 2544 1215 2591 proptie
1232 2543 1365 2577 dictam
1391 2540 1512 2586 requiss
