1734 2784
708 67 976 123 -187-

132 176 440 217 creaturarum,
475 179 550 207 seu
584 162 755 207 deberet
797 177 954 220 negare
1000 159 1205 218 seipsum.
1252 160 1399 217 Itaque
1433 159 1558 201 Deus

129 234 209 279 fuit
243 234 421 293 quidem
453 233 559 277 liber
607 234 649 277 in
685 232 870 277 creando
908 231 1151 283 hominem,
1200 245 1251 273 eo
1285 229 1433 284 modo,
1468 245 1555 287 quo

130 307 235 351 liber
268 306 347 350 fuit
379 307 422 350 in
455 305 652 350 faciendo
707 305 1027 349 revelationem.
1076 305 1132 347 At
1181 301 1552 361 quemadmodum

131 379 292 438 posito,
328 379 446 437 quod
477 379 597 421 Deus
629 377 759 421 libere
792 376 893 420 velit
926 375 1061 419 facere
1109 374 1428 427 revelationem,
1468 389 1558 416 non

130 462 274 508 potest
305 466 391 493 non
428 449 612 493 revelare
645 464 796 492 verum
831 448 925 507 (1);
960 449 1015 491 ita
1062 448 1220 505 posito,
1271 446 1388 505 quod
1423 445 1555 489 libere

132 521 234 565 velit
266 520 490 564 hominem
526 536 679 575 creare,
730 535 817 563 non
850 531 991 578 potest
1040 520 1269 562 immutare
1312 517 1558 561 essentiales

131 593 321 636 hominis
360 592 411 635 ad
442 593 587 636 Deum
630 592 890 644 relationes,
926 606 1110 648 cumque
1158 589 1201 633 id
1250 605 1339 632 non
1387 589 1556 647 possit,

131 666 309 724 ipsaque
342 665 395 707 sit
428 662 655 721 rectitudo,
689 664 838 721 nequit
873 663 1039 705 homini
1074 679 1162 705 non
1206 660 1434 719 prohibere
1467 659 1560 702 bla-

133 736 374 795 sphemiam
399 736 484 795 (2)
509 737 647 793 Igitur
681 735 757 778 alia
806 736 980 793 quidem
1028 736 1147 777 Deus
1196 733 1315 777 libere
1359 732 1560 790 praecipit

134 809 202 854 vel
233 808 431 867 prohibet
464 808 539 868 (en
573 807 639 851 lex
672 808 813 851 divina
848 807 1064 865 positiva),
1098 805 1175 849 alia
1206 821 1309 849 vero
1359 805 1559 862 praecipit

133 881 199 925 vel
232 880 430 939 prohibet
464 881 703 923 necessario
752 880 824 938 (en
860 878 925 922 lex
979 878 1120 921 divina
1166 876 1368 920 naturalis
1390 912 1402 928 ,
1438 877 1560 918 cuius

137 953 352 997 obiectum
403 965 465 996 est
515 952 731 995 moralitas
782 952 1054 1008 intrinseca):
1090 950 1231 1007 priora
1279 948 1345 991 illa
1376 947 1562 1005 pendent

135 1042 156 1068 a
189 1025 409 1068 voluntate
442 1025 523 1067 Dei
559 1024 702 1076 libera,
741 1023 842 1066 haec
876 1035 1019 1065 autem
1056 1021 1241 1078 pendent
1275 1037 1295 1063 a
1342 1019 1561 1062 voluntate

137 1098 219 1140 Dei
253 1097 490 1141 massaria.
516 1097 627 1139 Hinc
667 1095 742 1138 alia
786 1095 884 1138 ideo
918 1107 1017 1136 sunt
1039 1093 1160 1146 mala,
1194 1093 1292 1150 quia
1326 1091 1560 1149 prohibita:

136 1168 212 1211 alia
232 1168 527 1226 prohibentur,
545 1168 642 1225 quia
667 1168 842 1223 exigunt
867 1165 1216 1223 prohibitionem,
1235 1180 1308 1206 seu
1339 1164 1436 1220 quia
1460 1175 1559 1205 sunt

137 1239 492 1283 mala.—Porro
527 1239 627 1282 haec
652 1254 759 1296 quae
795 1238 846 1280 de
870 1239 965 1280 Deo
990 1236 1187 1289 dicimus,
1223 1251 1243 1278 a
1274 1234 1440 1278 fortiori
1480 1234 1562 1277 dici

138 1311 292 1354 debent
333 1311 384 1354 de
429 1311 627 1354 humanis
676 1308 1032 1367 legumlatoribus
1054 1345 1065 1361 ,
1101 1309 1172 1365 qui
1207 1323 1306 1350 sane
1341 1318 1560 1364 nequeunt

138 1381 344 1441 quasdam
378 1382 580 1439 actiones,
605 1398 640 1425 e.
666 1397 706 1438 g.
732 1379 1029 1438 parricidium,
1053 1395 1158 1436 quae
1183 1377 1234 1421 de
1270 1394 1314 1421 se
1341 1391 1381 1421 et
1414 1390 1563 1419 natura

137 1469 212 1496 sua
245 1464 343 1496 sunt
376 1453 526 1506 malae,
562 1453 802 1510 praecipere
836 1464 906 1493 aut
947 1450 1196 1502 concedere,
1217 1461 1434 1507 nequeunt
1463 1448 1562 1490 alias

138 1527 341 1580 actiones,
377 1542 411 1569 e.
441 1541 479 1582 g,
516 1524 679 1567 cultum
702 1524 797 1576 Dei,
818 1539 922 1580 quae
952 1523 1002 1565 de
1036 1539 1079 1565 se
1114 1536 1153 1565 et
1176 1535 1324 1565 natura
1358 1538 1431 1565 sua
1466 1533 1564 1564 sunt

138 1597 288 1655 bonae,
322 1596 549 1654 prohibere
568 1595 651 1653 (3).
674 1596 787 1637 Hinc
820 1593 884 1644 fit,
916 1607 961 1636 ut
998 1593 1047 1636 de
1082 1595 1239 1636 iustitia
1263 1594 1327 1637 vel
1356 1594 1565 1636 iniustitia

139 1669 285 1726 legum
318 1668 602 1711 humanarum
647 1665 946 1718 diiudicemus,
981 1678 1105 1722 atque
1156 1666 1280 1708 etiam
1330 1664 1564 1708 diiudicare

140 1739 384 1783 debeamus.

261 1813 315 1856 V.
351 1811 549 1868 Denique
585 1812 741 1868 quinto,
777 1810 811 1851 si
845 1809 983 1852 nullae
1026 1809 1178 1852 dantur
1225 1809 1413 1852 actiones
1452 1809 1496 1851 dc
1530 1824 1568 1851 sc

144 1883 295 1940 bonae,
329 1882 465 1926 nullae
514 1882 558 1925 de
591 1898 629 1925 se
663 1881 810 1934 malac,
862 1894 961 1924 tunc
1006 1882 1038 1923 si
1074 1882 1168 1939 quis
1218 1880 1328 1923 foret
1368 1882 1408 1923 in
1453 1892 1564 1923 statu

143 1955 457 2008 extra-sociali,
494 1971 630 2013 neque
681 1954 810 1996 ullam
860 1954 1088 2011 positivam
1137 1955 1218 1996 Dei
1260 1953 1567 1996 revelationem

142 2027 329 2081 haberet,
363 2026 463 2070 huic
511 2026 677 2069 homini
727 2025 818 2081 lege
868 2026 1049 2083 positiva
1098 2024 1285 2068 humana
1331 2040 1377 2068 ac
1426 2024 1568 2067 divina

240 2188 296 2233 (1)
325 2187 418 2223 Vide
445 2198 560 2232 super.
593 2196 693 2219 num.
725 2185 756 2219 8.
784 2196 863 2230 pag.
898 2194 948 2226 14.

238 2247 292 2292 (2)
320 2245 376 2281 Ad
405 2258 480 2280 rem
509 2247 650 2285 Suarez,
678 2244 719 2277 de
747 2244 817 2289 hg,
850 2242 871 2277 l.
903 2244 948 2278 II.
979 2255 1008 2278 e.
1036 2242 1069 2278 6.
1100 2256 1134 2278 n.
1167 2253 1237 2286 23.:
1270 2257 1282 2272 τι
1303 2244 1460 2277 Absoluta
1480 2256 1567 2289 pos-

142 2314 195 2341 set
222 2306 319 2340 Deus
346 2305 436 2339 nihil
463 2306 668 2351 praecipere
696 2304 751 2338 vel
781 2302 983 2348 prohibere:
1014 2313 1133 2337 tamen
1162 2315 1201 2337 ex
1218 2303 1451 2349 suppositione,
1471 2302 1568 2349 quod

143 2365 259 2401 voluit
286 2366 418 2400 habere
449 2365 611 2399 subditos
638 2364 778 2398 ratione
805 2372 958 2404 utentes,
989 2375 1061 2396 non
1091 2363 1208 2407 potuit
1228 2374 1302 2396 non
1331 2374 1407 2397 esse
1426 2362 1570 2408 legisla—

144 2432 201 2459 tor
227 2435 365 2467 eorum,
391 2424 516 2458 saltem
546 2423 579 2456 in
607 2423 673 2464 his,
701 2434 790 2467 quae
809 2422 851 2454 ad
872 2421 1101 2455 honestatem
1130 2421 1325 2455 naturalem
1347 2421 1567 2466 pertinent.»

241 2484 298 2529 (3)
329 2484 515 2519 Praeclara
543 2483 608 2516 hac
636 2482 678 2516 de
706 2494 741 2516 re
770 2481 876 2516 habet
903 2481 1062 2522 Tullius,
1085 2481 1128 2514 de
1149 2481 1215 2527 leg.
1250 2490 1278 2515 1.
1309 2480 1358 2515 16.
1393 2491 1454 2525 17„
1474 2489 1569 2515 orat.

145 2553 210 2589 pro
238 2542 314 2581 Mil.
347 2554 426 2588 cap.
456 2552 500 2585 4.,
529 2542 571 2576 dc
600 2541 663 2577 off.
695 2541 716 2576 l.
745 2541 806 2576 III.
842 2552 891 2585 17.
