1734 2784
744 110 915 152 -473
958 121 1015 129 -

348 199 457 225 ratur.
497 211 540 216 —
581 192 655 226 Lex
699 191 804 226 debet
845 202 922 226 esse
965 192 1197 237 promulgata:
1241 213 1263 216 —
1297 192 1380 238 quid
1421 193 1467 227 sit

348 249 622 296 promulgatio:
649 270 692 276 —
720 251 754 284 in
784 262 854 297 quo
894 249 1036 285 differat
1063 263 1081 284 a
1120 250 1392 296 divulgatione:
1428 271 1472 276 —

348 308 592 354 promulgatio
621 310 808 344 cuiusnam
833 318 995 355 respectu
1023 311 1112 356 legis
1139 311 1279 356 proprie
1318 310 1468 346 dicatur:

347 386 390 392 ———
417 376 537 401 utrum
564 369 609 403 sit
637 369 679 403 de
707 370 861 403 essentia
890 369 994 414 Iegis,
1034 381 1079 403 an
1109 370 1230 416 potius
1270 371 1466 416 proprietas

346 424 462 460 fluens
488 428 529 460 ab
557 428 723 462 essentia.
761 448 790 452 -
826 437 855 471 3.
885 428 1056 463 Definitio
1076 429 1233 463 Suaresii
1251 449 1294 455 —
1311 429 1465 464 aliorum

352 493 543 519 auctorum
623 515 629 520 .
683 515 688 520 .
744 516 750 521 .
807 516 812 521 .
866 515 870 521 .
927 516 1406 523 .........
1459 517 1467 536 :
1521 490 1588 532 238

251 554 305 590 91.
333 545 543 580 Scholion.
573 566 609 571 —-
651 547 852 582 Discrirnen
880 548 974 582 inter
1000 547 1118 583 leoem
1163 557 1196 582 et
1233 557 1466 594 praeceptum

351 623 395 629 —
423 605 562 640 ratione
590 606 746 647 iubentis
773 627 816 632 —
845 608 995 642 subiecti
1023 628 1067 633 —
1086 607 1167 641 finis
1195 628 1227 632 —-
1251 607 1322 641 loci
1360 629 1383 632 «
1407 607 1468 642 du-

350 664 510 699 rationis.
539 685 582 691 —
610 667 668 700 An
698 676 924 711 praeceptum
966 676 999 701 et
1036 667 1092 701 lex
1133 676 1396 702 convertantur.
1424 687 1468 692 —

348 723 433 764 Quo
460 735 567 758 sensu
592 735 730 758 nomen
760 726 941 771 praecepti
970 726 1105 759 dicatur
1125 737 1202 759 esse
1232 727 1489 772 aequivocum‘
1519 725 1587 768 246

148 794 336 837 'Thesis
369 794 537 838 XXIX.
574 819 631 827 —
666 797 726 838 De
760 796 973 853 ηιῐιῖίῖρῖῐεὶ
1022 806 1134 839 ςῑῖῐιι
1188 799 1227 838 in
1276 813 1350 854 qno
1400 797 1464 840 Iex

341 865 592 909 considerari
621 875 793 924 potest..
860 902 868 911 .
930 903 938 911 .
1004 902 1013 911 .
1082 903 1091 911 .
1157 904 1164 910 .
1229 903 1238 912 .
1305 903 1314 911 .
1378 903 1386 911 .
1451 902 1462 913 .
1498 869 1580 923 248

254 958 311 994 92.
339 949 583 984 Declaratio.
611 970 654 975 —
682 951 755 985 Lex
784 951 939 996 spectari
967 959 1085 995 potest
1117 971 1158 976 —
1187 952 1387 985 secundum
1427 963 1464 986 se

347 1028 389 1033 —-
419 1017 455 1042 ut
483 1018 534 1042 est
561 1009 674 1043 active
704 1010 737 1043 in
766 1018 887 1044 mente
916 1010 1085 1055 principis
1113 1030 1156 1035 —
1184 1019 1221 1044 ut
1249 1020 1299 1044 est
1327 1011 1466 1056 passive

349 1066 385 1100 in
414 1067 601 1102 intellectu
629 1068 760 1102 subditi
787 1087 830 1093 —
859 1077 896 1102 ut
926 1078 977 1102 est
1005 1069 1244 1113 significative
1276 1070 1309 1102 in
1337 1069 1464 1103 codice

346 1126 402 1160 vel
430 1126 560 1161 labula.
594 1147 629 1151 —
660 1128 741 1162 Non
770 1127 896 1161 eodem
924 1136 1029 1173 pacto
1059 1128 1095 1161 in
1121 1129 1233 1162 tribus
1260 1129 1358 1162 hisce
1387 1128 1465 1162 exi-

346 1185 416 1220 stit.
443 1205 486 1211 -
515 1185 613 1229 Quid
640 1187 686 1221 sit
714 1187 770 1221 lex
799 1188 957 1233 inspecta
978 1188 1011 1220 in
1033 1196 1125 1221 statu
1145 1188 1302 1222 interiori
1319 1209 1361 1213 —
1381 1189 1464 1235 quid

346 1245 380 1278 in
397 1253 491 1278 statu
518 1245 684 1279 exteriori
691 1272 1459 1282 ..............
1537 1248 1583 1280 ib.

152 1315 423 1358 ‚ARTICULUS
456 1315 509 1357 Π.
545 1342 600 1346 -—
635 1317 696 1358 De
745 1315 978 1358 diversitate
1017 1315 1157 1372 legum.
1223 1352 1231 1360 .
1299 1352 1307 1360 .
1374 1353 1380 1360 .
1446 1353 1455 1362 .
1493 1330 1576 1372 249

250 1406 307 1444 93.
335 1397 439 1440 Quae
466 1398 556 1443 logis
583 1398 781 1432 divisiones
809 1399 878 1432 hoc
922 1398 1003 1432 loco
1033 1399 1228 1434 tradendae
1256 1402 1335 1435 sint.
1388 1431 1393 1436 .
1450 1428 1457 1435 .
1531 1400 1576 1434 ib.

150 1472 338 1515 ‘TheSiS
371 1471 516 1513 XXX.
552 1496 607 1503 —
645 1470 865 1525 Quaenam
887 1472 967 1513 sint
997 1475 1235 1529 praecipuas
1267 1474 1358 1529 legis
1393 1474 1452 1516 di-

334 1544 518 1586 visiones.
556 1579 562 1585 .
630 1579 638 1586 .
704 1579 711 1585 .
780 1579 786 1586 .
853 1579 860 1586 .
928 1579 935 1586 .
1000 1578 1008 1587 .
1078 1579 1085 1586 .
1152 1580 1160 1587 .
1228 1581 1235 1588 .
1302 1581 1309 1588 .
1377 1582 1384 1589 .
1449 1583 1458 1591 .
1524 1548 1579 1593 ib.

254 1637 311 1673 941.
338 1627 581 1661 Declaratio.
613 1647 647 1651 —
680 1638 705 1660 1.
724 1627 796 1660 Lex
826 1627 994 1660 dividitur
1014 1628 1047 1661 in
1068 1636 1251 1662 aeternam
1271 1639 1303 1663 ct
1325 1638 1465 1676 tempo—

345 1686 454 1720 ralem
505 1708 510 1709 ν
554 1686 751 1720 naturalem
773 1695 805 1720 et
825 1686 1015 1731 positivam
1037 1707 1080 1712 -—
1096 1687 1256 1721 divinam
1277 1697 1309 1722 et
1334 1689 1458 1724 huma-

347 1757 432 1779 nam
468 1764 498 1770 ff
531 1745 811 1780 ecclesiasticam
841 1754 873 1780 et
902 1745 1057 1780 civilem.
1085 1766 1128 1771 —
1157 1748 1242 1788 Quo
1270 1760 1374 1781 sensu
1404 1748 1460 1783 lex

345 1805 559 1851 temporalis
585 1805 832 1839 subdividatur
861 1806 895 1839 in
926 1805 1082 1839 divinam
1112 1815 1145 1840 et
1173 1807 1384 1842 humanam:
1416 1829 1458 1834 --

345 1866 378 1898 in
400 1876 469 1910 quo
488 1864 586 1909 leges
601 1864 781 1898 humanae
798 1864 961 1898 differant
979 1876 997 1898 a
1014 1864 1092 1911 lege
1108 1874 1262 1900 aeterna.
1279 1887 1322 1892 —
1345 1878 1373 1902 2.
1390 1868 1463 1902 Di-

343 1925 432 1959 visio
462 1925 551 1969 legis
578 1924 610 1957 in
640 1923 890 1957 affirnmtivum
920 1932 952 1957 et
980 1925 1184 1970 negativam
1219 1947 1255 1950 ——
1285 1927 1319 1959 in
1340 1926 1459 1972 prohi-

345 1985 491 2022 bentem
519 1982 731 2028 simpliciter
764 1991 800 2016 et
832 1982 1083 2027 prohibentem
1115 1983 1221 2017 simul
1250 1994 1355 2031 atque
1387 1985 1463 2019 irri-

344 2052 492 2077 tantem.
553 2070 1388 2079 ...............
1445 2072 1452 2079 .
1530 2045 1575 2079 ib.

249 2114 306 2149 95.
335 2103 545 2138 Scholion.
576 2123 616 2127 -
645 2101 699 2135 Dc
728 2101 874 2147 proprio
902 2101 990 2148 legis
1018 2102 1157 2136 effectu:
1180 2123 1219 2127 ——
1241 2103 1285 2137 de
1305 2104 1460 2150 propriis

344 2163 434 2207 lchs
465 2162 610 2196 actibus.
667 2190 1146 2196 .........
1203 2190 1209 2197 .
1262 2191 1269 2198 .
1326 2192 1332 2198 .
1386 2192 1392 2198 .
1445 2176 1453 2184 ·
1507 2174 1568 2207 251

147 2233 418 2276 ,ARTICULUs
453 2233 526 2275 HI.
562 2233 698 2275 -De
733 2234 809 2287 lega
843 2241 1021 2274 aeterna.
1077 2267 1086 2275 .
1153 2268 1159 2274 .
1226 2268 1234 2276 .
1303 2268 1310 2277 .
1376 2268 1385 2277 .
1450 2269 1459 2278 .
1524 2234 1579 2278 ib.

250 2316 305 2364 96.
335 2317 407 2352 Cur
434 2317 550 2362 primo
580 2316 662 2349 ioco
690 2316 867 2360 agendum
889 2316 931 2349 sit
955 2316 997 2349 dc
1018 2316 1096 2360 lege
1116 2326 1270 2351 aeterna:
1293 2338 1332 2342 -
1354 2329 1464 2363 quae-

344 2376 480 2410 stiones
507 2376 548 2410 dc
577 2387 616 2410 ea
643 2376 850 2410 solvendae:
882 2397 913 2401 —
948 2388 1009 2410 cur
1037 2377 1178 2411 brevius
1199 2378 1240 2411 de
1263 2378 1328 2412 hac
1349 2390 1456 2424 quam

342 2436 385 2469 dc
413 2435 489 2469 aliis
516 2434 654 2480 legibus
681 2435 871 2470 disseratur
874 2462 1452 2473 ...........
1531 2439 1579 2473 ib.

147 2508 334 2553 Thesis
367 2507 535 2551 XXXI.
571 2511 711 2550 -Αιι
746 2508 794 2550 sit
829 2507 889 2550 Iex
921 2515 1091 2551 aeterna.
1154 2543 1161 2551 .
1228 2544 1236 2552 .
1301 2543 1309 2552 .
1377 2543 1387 2553 .
1453 2542 1462 2552 .
1499 2523 1573 2565 253
