1734 2784
285 181 452 223 Scilicet
488 182 530 223 in
562 180 795 237 voluntate,
828 198 934 240 quae
969 200 1018 225 ex
1053 195 1168 226 metu
1194 184 1374 240 imperat
1397 183 1582 242 aliquam

166 253 379 294 actionem
413 252 470 310 (e.
505 270 544 309 g.
580 255 888 310 proiectionem
926 255 1135 297 mercium
1170 271 1219 297 ex
1254 267 1370 298 metu
1416 255 1582 299 naufra-

166 324 262 379 gii),
289 337 349 366 cst
375 324 529 381 duplex
562 324 727 368 affectio
761 341 833 368 seu
870 326 1118 383 propensio,
1153 325 1279 369 altera
1311 327 1519 369 intensior
1541 339 1582 370 et

166 394 406 450 praevalens
441 411 514 438 seu
550 397 698 437 victrix
731 396 986 453 (propensio
1012 397 1053 438 in
1077 397 1447 439 conservationem
1471 397 1583 440 vitae

166 478 204 507 et
239 465 416 521 proinde
451 467 576 508 etiam
613 467 652 508 in
689 468 998 523 proiectionem
1035 467 1242 510 mercium
1277 466 1325 509 ad
1349 468 1456 510 vitae
1481 483 1584 510 con-

165 537 450 578 servationem
499 539 829 594 necessariam),
861 537 990 579 altera
1038 538 1260 580 remissior
1309 551 1348 581 et
1393 537 1583 582 inefficax

164 606 421 663 (propensio
456 608 496 648 in
531 609 898 650 conservationem
935 608 1179 666 mercium).
1216 610 1328 651 Hinc
1373 608 1439 651 illa
1471 610 1581 652 actio

165 694 215 720 ex
249 690 362 719 metu
390 679 526 734 posita
550 678 781 736 (mercium
809 679 1038 737 proiectio)
1062 692 1125 721 est
1146 680 1383 722 voluntaria
1418 681 1582 723 ratione

164 750 317 804 prioris
351 749 462 790 illius
498 751 827 806 propensionis,
863 751 1024 793 ratione
1058 766 1158 793 vero
1202 750 1370 793 alm-ins
1416 764 1477 794 est
1511 752 1580 793 in-

163 820 414 873 voluntaria,
464 822 517 862 ita
550 834 693 863 tamen
739 835 783 863 nt
833 823 992 865 ratione
1041 823 1196 879 prioris
1244 824 1298 865 sit
1342 822 1581 865 voluntaria

165 892 427 949 simpliciter,
460 905 499 935 et
532 894 694 936 ratione
727 893 898 936 alterius
933 895 985 936 sit
1019 893 1300 937 involuntaria
1324 907 1490 937 tantum
1515 910 1580 938 se·

163 963 350 1006 cundum
370 963 485 1021 quid.
501 989 557 996 ——
576 966 658 1007 Hic
676 978 820 1008 autem
841 964 1066 1021 diligenter
1089 964 1394 1009 animadvertas
1415 979 1579 1009 metum

165 1035 420 1093 quandoque
453 1035 602 1079 tollere
648 1052 720 1079 seu
756 1037 980 1080 excludere
1029 1036 1148 1079 illum
1196 1041 1323 1080 etiam
1371 1037 1578 1080 actualem

163 1105 373 1162 affectum,
391 1123 519 1164 quem
541 1107 741 1161 diximus,
762 1108 1037 1163 inefficacem,
1059 1124 1132 1151 seu
1155 1108 1265 1151 illam
1293 1125 1389 1165 erga
1406 1110 1581 1167 opposi-

161 1190 250 1219 tum
271 1178 539 1221 velleitatem.
562 1180 657 1221 Hoc
682 1181 911 1237 contingit,
933 1180 1104 1237 quando
1129 1180 1303 1223 affectus
1327 1180 1578 1233 illiusmodi,

160 1260 205 1290 ut
225 1260 269 1290 ut
287 1248 492 1306 inefficax,
513 1265 648 1307 eaque
676 1250 864 1293 velleitas
893 1251 1119 1308 impediret
1142 1252 1430 1295 remotionem
1450 1250 1578 1308 illam,

160 1334 264 1376 quae
313 1320 563 1375 intenditur,
599 1322 864 1364 imminentis
915 1321 1027 1365 mali.
1079 1323 1206 1365 Tunc
1249 1335 1393 1365 autem
1441 1334 1577 1365 cessat

157 1389 494 1433 involuntarium
528 1393 765 1435 secundum
801 1393 902 1451 quid
936 1409 1010 1436 seu
1045 1395 1227 1436 mixtum
1261 1411 1311 1436 ex
1333 1393 1577 1436 voluntario

157 1475 195 1504 et
230 1463 529 1517 involuntario,
563 1477 603 1506 et
636 1464 812 1508 habetur
839 1474 939 1522 pure
974 1465 1274 1509 voluntarium.
1302 1467 1371 1509 Sic
1395 1467 1437 1508 in
1472 1481 1577 1523 pec-

158 1546 311 1586 catore,
347 1536 417 1591 qui
453 1551 596 1592 reapse
630 1537 751 1579 timet
800 1537 1012 1579 infernum
1047 1550 1087 1579 et
1120 1553 1170 1579 ex
1205 1537 1287 1579 hoc
1320 1538 1478 1580 timore
1512 1538 1575 1579 in-

157 1603 261 1646 ferni
296 1604 409 1648 dolet
443 1605 493 1648 de
528 1608 709 1663 peccatis
745 1609 988 1649 commissis
1035 1621 1073 1650 et
1116 1623 1203 1650 non
1252 1607 1343 1650 vult
1391 1606 1592 1664 amplius

157 1691 341 1731 peccare,
378 1690 516 1719 metus
564 1678 782 1734 gehennae
814 1678 923 1720 tollit
967 1691 1006 1721 et
1040 1677 1222 1721 excludit
1255 1693 1575 1735 quemcumque

156 1746 360 1788 actualem
396 1747 604 1801 affectum,
639 1750 767 1791 etiam
817 1749 1094 1801 inefficacem,
1126 1749 1176 1792 ad
1219 1761 1456 1806 peccatum.
1493 1750 1575 1791 Hic

155 1818 270 1858 eniin
305 1817 490 1870 affectus,
525 1820 602 1861 etsi
637 1819 844 1871 inefficax,
870 1819 1043 1877 eoquod
1073 1821 1157 1863 iam
1191 1833 1300 1863 esset
1336 1832 1573 1878 peccatum,

155 1886 339 1930 obstaiet
387 1890 577 1931 xitationi
613 1889 795 1942 inferni,
831 1907 959 1947 quam
993 1903 1189 1947 peccator
1225 1890 1329 1934 vult.
1367 1892 1464 1933 Hoc
1496 1906 1574 1932 au-

157 1970 244 2000 tem
278 1975 363 2001 non
398 1959 572 2002 liabe·tui
607 1963 647 2003 in
683 1961 765 2004 ilio
801 1962 1035 2019 exemplo,
1070 1962 1187 2019 quod
1232 1962 1334 2004 alittu
1341 1963 1482 2013 i,mus
1522 1960 1574 2004 de

154 2042 418 2073 mercatore:
455 2031 533 2072 xita
569 2033 683 2073 enim
713 2047 889 2074 conseri
894 2046 1000 2089 atur,
1026 2032 1271 2075 dummodo
1294 2032 1574 2089 proiiciantur

155 2115 316 2142 merces
352 2102 391 2142 in
427 2117 554 2153 mare,
591 2104 675 2145 sive
710 2116 891 2159 maneat,
941 2105 1029 2146 sive
1061 2119 1149 2147 non
1183 2116 1351 2146 maneat
1384 2102 1571 2145 velleitas

155 2171 325 2214 easdem
359 2173 565 2215 servandi.
593 2174 739 2225 Quare
767 2176 806 2216 in
836 2174 1032 2231 exemplo
1060 2174 1233 2232 quidem
1254 2174 1304 2217 de
1338 2186 1572 2217 mercatore

156 2242 360 2285 habemus
395 2243 684 2286 voluntarium
715 2246 961 2302 simpliciter
990 2258 1030 2288 et
1058 2245 1399 2289 involuntarium
1422 2261 1572 2288 secun-

154 2312 257 2355 dum
284 2313 386 2370 quid
406 2330 478 2356 seu
500 2313 704 2357 habemus
732 2318 928 2360 multtum:
949 2318 989 2358 in
1025 2316 1220 2374 exemplo
1242 2329 1382 2359 autem
1397 2317 1447 2359 de
1471 2332 1570 2373 pec-

154 2397 294 2427 catore
337 2385 503 2429 nullum
551 2385 754 2429 habemus
800 2387 1135 2430 involuntarium
1167 2387 1404 2431 secundum
1443 2385 1568 2444 quid,
