1734 2784
781 99 840 105 -
875 85 956 128 350
990 96 1044 104 -

207 172 329 216 bonis
364 169 470 213 male
505 169 705 224 evenerit,
739 183 815 210 nec
848 168 990 210 minus
1013 168 1046 209 si
1084 180 1444 218 commemorem,
1469 163 1622 223 quibus

209 241 418 300 improbis
453 241 615 296 optime
648 256 686 280 ».
724 237 976 294 Quodnam,
1010 253 1183 296 quaeso,
1218 236 1474 279 conveniens
1508 250 1625 293 prae-

208 315 343 355 mium
380 312 453 353 hac
489 312 529 352 in
562 310 645 352 vita
681 310 889 367 recipiunt
923 307 1146 352 fortissimi
1180 307 1238 350 illi
1271 306 1440 362 heroes,
1465 307 1537 364 qui
1571 321 1623 350 ne

206 385 345 440 legem
379 381 540 424 violent
575 381 773 422 omnium
807 381 949 437 potius
983 379 1200 423 bonorum
1249 379 1466 436 ipsiusque
1513 378 1623 421 vitae

206 456 410 497 iacturam
446 451 635 495 faciunt?

327 522 462 576 Quod
497 534 637 565 autem
666 523 704 579 β)
738 537 826 564 11011
860 522 913 564 sit
944 537 994 564 ex
1028 537 1070 564 se
1104 520 1256 564 idonea
1299 519 1349 562 ad
1397 519 1623 575 homines,

205 608 413 653 quantum
448 606 638 651 oportet,
658 595 698 635 in
735 593 876 636 officio
911 605 950 636 et
983 593 1087 650 legis
1106 592 1302 635 naturalis
1326 591 1622 635 observatione

207 665 502 718 continendos,
537 682 587 708 ex
634 681 685 708 eo
720 678 845 722 patet,
879 664 995 722 quod
1030 663 1214 717 deberet,
1263 676 1308 706 ut
1350 663 1444 706 talis
1479 678 1622 720 reapse

207 737 331 793 foret,
379 735 532 779 liberae
582 735 790 778 humanae
839 735 1047 778 voluntati
1097 734 1294 792 praebere
1348 747 1621 778 momentum

200 817 272 867 per
304 823 340 850 se
375 807 579 849 excedens
615 819 762 849 cuncta
797 806 873 849 alia
917 820 1138 849 momenta
1187 823 1259 850 seu
1304 805 1620 859 emolumenta,

206 878 359 937 quibus
383 877 533 922 eadem
558 877 754 921 voluntas
789 877 974 920 humana
1008 877 1056 920 ad
1091 877 1231 934 legem
1267 875 1621 920 contemnendam

204 950 313 994 solet
330 950 559 993 sollicitari.
578 951 709 1007 Atqui
731 962 774 991 ut
794 948 1028 1006 plurimum
1049 963 1134 991 non
1158 947 1343 1005 praebet,
1363 949 1471 990 sicut
1489 948 1622 1005 liquet

206 1038 241 1064 e.
276 1037 314 1079 g.
351 1022 393 1063 in
428 1037 497 1074 eo,
548 1021 618 1078 qui
670 1020 941 1063 mendacium
990 1018 1248 1076 proferendo
1296 1017 1362 1061 vel
1411 1031 1622 1061 secretum

206 1092 430 1135 revelando
463 1091 658 1147 libertati,
692 1090 841 1147 famae,
873 1091 982 1133 vitae
1016 1106 1114 1132 suae
1149 1089 1370 1133 consulere
1405 1103 1559 1147 potest.

324 1165 395 1206 HI.
432 1163 535 1219 Ergo
569 1164 719 1206 sanctio
754 1163 844 1219 Iegis
879 1162 1082 1205 naturalis
1109 1162 1288 1220 perfecta
1312 1163 1506 1220 futuram
1537 1178 1623 1207 res-

201 1236 299 1294 picit
334 1236 475 1277 vitam.
502 1260 555 1266 -
581 1233 815 1277 Conclusio
850 1233 951 1276 baec
985 1250 1033 1275 ex
1056 1232 1134 1274 illis
1159 1233 1373 1287 omnibus,
1408 1250 1514 1292 quae
1537 1235 1620 1279 huc

206 1322 342 1364 usque
377 1306 577 1362 diximus,
611 1304 718 1347 clare
753 1306 1041 1363 consequitur.

326 1377 439 1420 Cum
474 1378 609 1431 Deus,
645 1389 690 1418 ut
723 1376 950 1434 probatum
983 1390 1045 1420 est
1080 1379 1121 1419 in
1168 1377 1276 1420 thesi
1321 1377 1620 1435 praecedente,

206 1448 343 1505 legem
377 1448 609 1490 naturalem
646 1448 847 1491 munierit
881 1449 1097 1491 sanctione
1131 1447 1341 1506 perfecta,
1393 1448 1621 1500 dicendum

205 1535 304 1562 sane
339 1532 413 1572 est,
447 1520 712 1562 sanctionem
746 1518 853 1562 hanc
886 1518 1114 1576 perfectam
1147 1520 1359 1577 pertinere
1408 1519 1458 1563 ad
1489 1521 1620 1564 vitam

206 1590 407 1645 futuram,
444 1592 478 1633 si
511 1592 554 1633 in
586 1590 758 1634 mortali
790 1590 867 1634 hac
898 1591 983 1633 vita
1016 1592 1178 1634 sanctio
1212 1591 1384 1649 quidem
1432 1591 1622 1647 habetur,

205 1676 292 1704 non
324 1673 465 1704 tamen
501 1662 609 1704 iusta
643 1677 719 1704 nec
753 1660 980 1704 sufficiens.
1016 1662 1146 1719 Atqui
1181 1662 1236 1704 ita
1279 1677 1342 1705 res
1392 1677 1436 1705 se
1468 1661 1620 1717 habet,

206 1744 250 1774 ut
283 1731 358 1774 hac
394 1733 434 1774 in
468 1731 577 1775 thesi
603 1732 922 1776 declaravimus,
958 1734 1074 1790 Ergo
1109 1745 1206 1789 post
1253 1733 1359 1776 hanc
1393 1733 1620 1778 mortalem

205 1816 337 1845 exstat
360 1803 483 1846 altera
506 1805 603 1860 vita,
627 1804 667 1846 in
693 1820 824 1862 eaque
847 1803 990 1847 locum
1016 1803 1181 1847 habebit
1204 1804 1388 1862 perfecta
1410 1804 1493 1857 illa,
1514 1821 1621 1864 quae

207 1874 353 1917 deesse
387 1876 548 1932 nequit,
571 1876 732 1918 sanctio
766 1875 871 1932 legis
904 1875 1117 1918 naturalis.
1149 1877 1359 1929 «Nonne,
1389 1877 1450 1919 sic
1482 1878 1621 1935 arguit

203 1962 236 1989 s,
270 1948 448 1990 Ioannes
484 1948 637 2005 Chrys
672 1948 756 2006 (1),
789 1947 907 1991 vides
956 1949 1145 2001 multos,
1194 1949 1266 2006 qui
1315 1964 1413 1991 cum
1460 1950 1618 1994 virtute

205 2018 401 2077 vixerunt
449 2019 758 2077 innumeraque
792 2019 899 2062 mala
933 2021 1043 2077 passi
1078 2032 1177 2063 sunt
1198 2055 1208 2072 ‚
1245 2020 1473 2064 decessisse
1506 2020 1619 2065 nulla

206 2105 247 2132 re
278 2088 390 2131 bona
421 2091 646 2147 percepta?
681 2090 783 2134 alios
819 2104 963 2134 contra
998 2106 1095 2133 cum
1140 2090 1317 2134 multam
1365 2093 1616 2148 pravitatem

206 2161 516 2217 commiserint,
544 2160 696 2204 alienas
732 2161 943 2204 facultates
970 2162 1202 2218 rapuerint,
1226 2161 1374 2204 viduas
1400 2174 1438 2204 et
1462 2161 1616 2219 orpha-

205 2245 283 2273 nos
317 2231 589 2288 spoliaverint
636 2233 1039 2289 oppresserintque,
1091 2231 1244 2289 opibus
1288 2231 1533 2289 deliciisque
1578 2246 1619 2276 et

205 2302 439 2344 innumeris
474 2302 595 2345 bonis
630 2302 744 2345 fruiti
791 2302 979 2355 fuerint,
1031 2303 1262 2346 decessisse
1305 2317 1357 2346 ne
1404 2303 1616 2346 tantulum

298 2518 353 2561 (1)
384 2518 436 2552 De
463 2519 595 2552 Lazaro
625 2530 726 2553 conc.
756 2519 816 2553 IV.
