1734 2784
725 130 989 184 -328—

148 227 261 269 lianc
297 238 464 268 exercet
489 236 741 282 potestatem
766 235 805 266 et
838 224 1047 265 actionem
1082 238 1179 265 cum
1214 221 1366 265 ultimo
1399 220 1481 265 fine
1513 222 1564 266 de

152 298 259 340 sacto
300 297 524 339 connectit.
560 294 799 338 Illiusmodi
823 295 951 352 igitur
975 295 1083 337 entis
1107 294 1320 337 ordinatio
1344 294 1421 337 erit
1444 296 1564 352 prin-

159 371 321 426 cipium
356 367 520 425 aliquod
556 366 842 423 obligationis).

277 440 388 482 Dico
424 438 589 496 aliquod
622 437 891 495 obligationis
924 438 1200 495 principium,
1235 437 1259 480 i.
1285 452 1318 479 e.
1353 435 1417 480 vel
1449 437 1564 494 prin-

154 513 317 569 cipium
347 512 528 567 primum
574 509 639 552 vel
682 509 938 566 principium
976 509 1258 552 secundarium
1291 524 1364 551 seu
1397 507 1565 551 deriva-

156 597 268 638 tum,
304 594 429 638 prout
463 597 552 637 ens,
585 595 606 621 a
639 581 758 622 cuius
792 579 1003 623 intellectu
1039 595 1083 623 ac
1105 579 1321 623 voluntate
1354 579 1565 622 ordinatio

154 653 455 712 proficiscitur,
489 651 612 694 habet
646 653 686 693 in
720 668 762 694 se
797 664 835 695 et
868 668 916 695 ex
948 668 985 696 se
1011 664 1260 710 potestatem
1285 650 1564 694 connectendi

154 726 342 767 actiones
378 740 474 766 cum
508 722 605 777 fine,
631 721 695 765 vel
729 739 821 765 eam
844 738 931 766 non
964 722 1088 766 habet
1121 739 1169 767 ex
1201 739 1253 776 se,
1286 722 1360 765 sed
1381 735 1564 765 tantum-

162 796 296 839 modo
330 795 455 839 habet
489 796 539 837 ab
571 796 651 838 alio
685 807 899 852 acceptam
932 807 1057 852 atque
1091 795 1392 852 participatam.

267 868 412 923 ltaque
446 868 636 922 quaestio
672 866 720 909 de
754 867 894 923 primo
929 865 1203 922 obligationis
1237 865 1445 922 principio
1480 864 1563 907 huc

157 938 280 981 redit:
316 937 551 990 Quodnam
586 939 640 980 sit
663 953 736 980 ens
759 937 877 993 illud,
896 937 1011 994 quod
1034 953 1082 980 ex
1103 952 1139 979 se
1164 935 1287 979 habet
1311 947 1565 993 potestatem

154 1009 463 1065 praestituendi
484 1009 610 1052 finem
631 1009 812 1062 homini,
830 1025 994 1052 necnon
1014 1020 1268 1066 potestatem
1288 1006 1565 1050 connectendi

156 1082 346 1123 actiones
381 1082 470 1123 eius
506 1096 601 1122 cum
636 1080 732 1137 fine,
765 1096 838 1122 seu
873 1080 988 1137 quod
1022 1078 1134 1122 idem
1159 1091 1235 1135 est,
1259 1077 1567 1122 determinandi

160 1152 339 1194 modum
358 1153 642 1194 necessarimm
663 1150 861 1193 tendendi
887 1151 926 1193 in
950 1151 1247 1208 praestitutum
1271 1148 1414 1192 finem.
1433 1149 1565 1206 Atqui

157 1222 270 1274 dico,
307 1224 387 1265 tale
422 1238 494 1265 ens
520 1238 605 1265 non
630 1238 719 1265 esse
743 1223 823 1264 nisi
843 1223 982 1279 ipsum
1007 1223 1163 1264 Deum.
1187 1221 1355 1263 Etenim
1380 1232 1564 1277 potestas

159 1294 463 1351 praestituendi
497 1294 625 1337 finem
660 1295 717 1336 rei
751 1295 873 1336 alicui
907 1309 951 1335 ac
985 1292 1293 1336 determinandi
1336 1293 1377 1334 in
1427 1292 1565 1348 specie

153 1365 334 1407 modum
368 1365 567 1408 tendendi
601 1367 642 1408 in
677 1366 974 1423 praestitutum
1007 1363 1136 1407 finem
1154 1364 1249 1422 (seu
1283 1375 1471 1421 potestas
1506 1362 1567 1405 di-

151 1436 360 1494 sponendi
396 1437 444 1480 de
478 1437 560 1495 re),
596 1453 680 1479 non
715 1438 897 1493 pertinet
929 1452 975 1478 ex
1007 1451 1042 1478 se
1074 1451 1120 1477 ac
1152 1437 1292 1478 nativo
1338 1437 1451 1487 iure,
1486 1435 1565 1476 nisi

156 1508 205 1551 ad
240 1508 374 1565 illum,
408 1509 480 1566 qui
514 1521 576 1550 est
608 1521 755 1550 auctor
789 1523 832 1550 ac
866 1523 988 1549 causa
1035 1520 1075 1549 et
1128 1518 1436 1563 consequenter
1484 1505 1567 1549 do-

157 1581 301 1621 minus
338 1581 468 1636 ipsius
504 1581 561 1622 rei
597 1580 669 1636 (Ι).
705 1580 835 1636 Atqui
869 1580 986 1621 Deus
1020 1578 1135 1621 solus
1169 1591 1230 1620 est
1263 1589 1409 1620 auctor
1443 1590 1566 1634 atque

153 1652 288 1707 prima
323 1667 444 1693 causa
496 1651 697 1694 hominis,
747 1651 859 1707 Ergo
894 1650 1104 1707 praedicta
1152 1662 1336 1707 potestas
1373 1666 1421 1692 ex
1452 1665 1488 1692 se
1522 1664 1567 1691 ac

148 1724 285 1764 nuti-vu
322 1725 405 1764 inre
440 1738 525 1764 non
561 1723 740 1779 pertinet
772 1723 850 1763 nisi
884 1721 934 1764 ad
967 1723 1122 1764 Deum.

279 1794 426 1850 Itaque
461 1794 673 1836 ordinatio
708 1793 839 1836 divini
872 1793 1107 1836 intellectus
1131 1793 1382 1850 divinaeque
1409 1792 1567 1835 volun-

154 1864 249 1905 tatis
287 1877 348 1906 est
383 1865 572 1921 primum
607 1865 863 1922 principium
896 1865 1035 1907 omnis
1068 1863 1240 1907 moralis
1279 1863 1564 1920 obligationis.

162 1962 212 1965 —
252 1936 365 1977 Haec
398 1948 544 1978 autem
578 1935 791 1978 ordinatio
825 1935 955 1978 divini
981 1935 1218 1979 intellectus
1242 1948 1280 1978 et
1305 1935 1468 1978 divinae
1491 1950 1565 1977 vo-

158 2005 330 2048 luntatis
365 2020 426 2049 est
459 2008 547 2064 ipsa
581 2007 645 2049 lex
677 2020 855 2050 aeterna.
893 2008 1006 2064 Ergo
1040 2010 1107 2049 lex
1130 2020 1298 2050 aeterna
1319 2019 1381 2050 est
1403 2007 1566 2064 primus

168 2077 261 2120 fons
294 2079 515 2135 primaque
549 2079 672 2133 origo
706 2079 846 2121 omnis
880 2077 1168 2135 obligationis,
1207 2079 1394 2135 primum
1428 2077 1560 2120 cuius-

163 2165 344 2205 cumque
378 2149 482 2205 legis
516 2150 786 2206 principium.

271 2222 322 2264 H.
364 2221 445 2264 Sed
479 2219 682 2277 obligatio
715 2221 819 2277 legis
852 2220 1052 2263 naturalis
1097 2232 1160 2263 est
1206 2236 1302 2263 veta
1349 2218 1564 2275 obligatiO.

159 2294 273 2347 Ergo
310 2305 348 2335 et
380 2293 470 2350 ipsa
504 2307 629 2334 suum
665 2293 853 2349 primum
888 2292 1145 2349 principium
1193 2290 1316 2334 habet
1362 2291 1403 2333 in
1452 2290 1565 2332 ordi-

155 2363 325 2405 natione
359 2363 488 2406 divini
523 2363 756 2406 intellectus
791 2362 1041 2420 divinaeque
1073 2361 1314 2406 voluntatis.
1351 2363 1448 2404 Hoc
1474 2373 1563 2403 tan-

253 2599 309 2643 (1)
335 2598 394 2633 Cf.
421 2600 640 2642 Liberatore,
663 2600 742 2634 Eth.
769 2612 802 2633 n.
834 2610 907 2634 101.
