<?xml version="1.0" encoding="UTF-8"?>
<!DOCTYPE html PUBLIC "-//W3C//DTD XHTML 1.0 Transitional//EN"
    "http://www.w3.org/TR/xhtml1/DTD/xhtml1-transitional.dtd">
<html xmlns="http://www.w3.org/1999/xhtml" xml:lang="en" lang="en">
 <head>
  <title>
</title>
<meta http-equiv="Content-Type" content="text/html;charset=utf-8" />
  <meta name='ocr-system' content='tesseract 3.04.00' />
  <meta name='ocr-capabilities' content='ocr_page ocr_carea ocr_par ocr_line ocrx_word'/>
</head>
<body>
  <div class='ocr_page' id='page_1' title='image "./institutionesphi01ferr_0244.png"; bbox 0 0 1734 2784; ppageno 0'>
   <div class='ocr_carea' id='block_1_1' title="bbox 203 171 1620 1656">
    <p class='ocr_par' dir='ltr' id='par_1_1' title="bbox 205 171 1616 290">
     <span class='ocr_line' id='line_1_1' title="bbox 206 171 1616 232; baseline -0.002 -15"><span class='ocrx_word' id='word_1_1' title='bbox 206 175 286 232; x_wconf 90' lang='lat' dir='ltr'>ipsi</span> <span class='ocrx_word' id='word_1_2' title='bbox 320 190 494 232; x_wconf 87' lang='lat' dir='ltr'>quoque</span> <span class='ocrx_word' id='word_1_3' title='bbox 532 174 641 216; x_wconf 84' lang='lat' dir='ltr'>inest</span> <span class='ocrx_word' id='word_1_4' title='bbox 688 173 899 230; x_wconf 76' lang='lat' dir='ltr'>exigentia</span> <span class='ocrx_word' id='word_1_5' title='bbox 946 172 996 215; x_wconf 90' lang='lat' dir='ltr'>ad</span> <span class='ocrx_word' id='word_1_6' title='bbox 1045 171 1370 215; x_wconf 88' lang='lat' dir='ltr'>retributionem</span> <span class='ocrx_word' id='word_1_7' title='bbox 1420 173 1616 230; x_wconf 87' lang='lat' dir='ltr'>praemii,</span> 
     </span>
     <span class='ocr_line' id='line_1_2' title="bbox 205 246 782 290; baseline -0.003 0"><span class='ocrx_word' id='word_1_8' title='bbox 205 262 278 290; x_wconf 88' lang='lat' dir='ltr'>seu</span> <span class='ocrx_word' id='word_1_9' title='bbox 313 246 421 288; x_wconf 90' lang='lat' dir='ltr'>actio</span> <span class='ocrx_word' id='word_1_10' title='bbox 456 258 517 287; x_wconf 89' lang='lat' dir='ltr'>est</span> <span class='ocrx_word' id='word_1_11' title='bbox 552 246 782 288; x_wconf 87' lang='lat' dir='ltr'>meritoria.</span> 
     </span>
    </p>

    <p class='ocr_par' dir='ltr' id='par_1_2' title="bbox 204 314 1619 728">
     <span class='ocr_line' id='line_1_3' title="bbox 326 314 1615 373; baseline -0.002 -14"><span class='ocrx_word' id='word_1_12' title='bbox 326 315 616 369; x_wconf 83' lang='lat' dir='ltr'>Quandonam</span> <span class='ocrx_word' id='word_1_13' title='bbox 652 328 794 358; x_wconf 87' lang='lat' dir='ltr'>autem</span> <span class='ocrx_word' id='word_1_14' title='bbox 828 315 936 358; x_wconf 87' lang='lat' dir='ltr'>actio</span> <span class='ocrx_word' id='word_1_15' title='bbox 970 327 1031 358; x_wconf 87' lang='lat' dir='ltr'>est</span> <span class='ocrx_word' id='word_1_16' title='bbox 1065 314 1172 371; x_wconf 86' lang='lat' dir='ltr'>talis,</span> <span class='ocrx_word' id='word_1_17' title='bbox 1206 326 1252 357; x_wconf 91' lang='lat' dir='ltr'>ut</span> <span class='ocrx_word' id='word_1_18' title='bbox 1285 315 1365 373; x_wconf 90' lang='lat' dir='ltr'>ipsi</span> <span class='ocrx_word' id='word_1_19' title='bbox 1398 315 1496 357; x_wconf 90' lang='lat' dir='ltr'>insit</span> <span class='ocrx_word' id='word_1_20' title='bbox 1522 314 1615 357; x_wconf 86' lang='lat' dir='ltr'>exi-</span> 
     </span>
     <span class='ocr_line' id='line_1_4' title="bbox 204 384 1617 445; baseline -0.002 -14"><span class='ocrx_word' id='word_1_21' title='bbox 204 389 345 445; x_wconf 75' lang='lat' dir='ltr'>gentia</span> <span class='ocrx_word' id='word_1_22' title='bbox 361 387 411 431; x_wconf 88' lang='lat' dir='ltr'>ad</span> <span class='ocrx_word' id='word_1_23' title='bbox 431 386 755 429; x_wconf 84' lang='lat' dir='ltr'>retributionem</span> <span class='ocrx_word' id='word_1_24' title='bbox 779 386 972 443; x_wconf 84' lang='lat' dir='ltr'>poenae?</span> <span class='ocrx_word' id='word_1_25' title='bbox 991 412 1048 417; x_wconf 93' lang='grc'><strong>-</strong></span> <span class='ocrx_word' id='word_1_26' title='bbox 1066 385 1255 437; x_wconf 81' lang='lat' dir='ltr'>Quando</span> <span class='ocrx_word' id='word_1_27' title='bbox 1284 384 1362 443; x_wconf 82' lang='lat'>1.⁰)</span> <span class='ocrx_word' id='word_1_28' title='bbox 1386 398 1448 428; x_wconf 91' lang='lat' dir='ltr'>est</span> <span class='ocrx_word' id='word_1_29' title='bbox 1477 400 1617 428; x_wconf 88' lang='lat' dir='ltr'>mora-</span> 
     </span>
     <span class='ocr_line' id='line_1_5' title="bbox 204 455 1615 516; baseline -0.004 -13"><span class='ocrx_word' id='word_1_30' title='bbox 204 461 297 503; x_wconf 82' lang='lat' dir='ltr'>liter</span> <span class='ocrx_word' id='word_1_31' title='bbox 329 460 435 502; x_wconf 87' lang='lat' dir='ltr'>mala</span> <span class='ocrx_word' id='word_1_32' title='bbox 470 458 551 516; x_wconf 82' lang='lat'>2.⁰)</span> <span class='ocrx_word' id='word_1_33' title='bbox 568 457 806 501; x_wconf 76' lang='lat' dir='ltr'>voluntarie</span> <span class='ocrx_word' id='word_1_34' title='bbox 829 473 874 500; x_wconf 89' lang='lat' dir='ltr'>ac</span> <span class='ocrx_word' id='word_1_35' title='bbox 906 456 1035 500; x_wconf 84' lang='lat' dir='ltr'>libere</span> <span class='ocrx_word' id='word_1_36' title='bbox 1068 469 1303 514; x_wconf 88' lang='lat' dir='ltr'>perpetrata</span> <span class='ocrx_word' id='word_1_37' title='bbox 1327 456 1406 515; x_wconf 80' lang='lat'><strong>3.⁰)</strong></span> <span class='ocrx_word' id='word_1_38' title='bbox 1439 455 1615 499; x_wconf 84' lang='lat' dir='ltr'>afferens</span> 
     </span>
     <span class='ocr_line' id='line_1_6' title="bbox 206 527 1617 584; baseline -0.002 -11"><span class='ocrx_word' id='word_1_39' title='bbox 206 531 319 573; x_wconf 89' lang='lat' dir='ltr'>alteri</span> <span class='ocrx_word' id='word_1_40' title='bbox 369 530 674 573; x_wconf 76' lang='lat' dir='ltr'>detrimentum</span> <span class='ocrx_word' id='word_1_41' title='bbox 723 527 788 570; x_wconf 80' lang='lat' dir='ltr'>vel</span> <span class='ocrx_word' id='word_1_42' title='bbox 822 527 992 572; x_wconf 84' lang='lat' dir='ltr'>malum.</span> <span class='ocrx_word' id='word_1_43' title='bbox 1031 529 1146 570; x_wconf 88' lang='lat' dir='ltr'>Haec</span> <span class='ocrx_word' id='word_1_44' title='bbox 1193 529 1226 570; x_wconf 88' lang='lat' dir='ltr'>si</span> <span class='ocrx_word' id='word_1_45' title='bbox 1274 528 1431 570; x_wconf 90' lang='lat' dir='ltr'>actioni</span> <span class='ocrx_word' id='word_1_46' title='bbox 1474 529 1617 584; x_wconf 82' lang='lat' dir='ltr'>insint,</span> 
     </span>
     <span class='ocr_line' id='line_1_7' title="bbox 205 598 1619 651; baseline -0.002 -6"><span class='ocrx_word' id='word_1_47' title='bbox 205 618 253 645; x_wconf 86' lang='lat' dir='ltr'>ea</span> <span class='ocrx_word' id='word_1_48' title='bbox 284 613 348 645; x_wconf 89' lang='lat' dir='ltr'>est</span> <span class='ocrx_word' id='word_1_49' title='bbox 382 600 667 644; x_wconf 84' lang='lat' dir='ltr'>demeritoria.</span> <span class='ocrx_word' id='word_1_50' title='bbox 723 599 846 651; x_wconf 82' lang='lat' dir='ltr'>Quae</span> <span class='ocrx_word' id='word_1_51' title='bbox 896 599 1041 641; x_wconf 84' lang='lat' dir='ltr'>omnia</span> <span class='ocrx_word' id='word_1_52' title='bbox 1089 611 1185 641; x_wconf 89' lang='lat' dir='ltr'>sunt</span> <span class='ocrx_word' id='word_1_53' title='bbox 1233 616 1284 642; x_wconf 86' lang='lat' dir='ltr'>ex</span> <span class='ocrx_word' id='word_1_54' title='bbox 1326 598 1449 641; x_wconf 89' lang='lat' dir='ltr'>dictis</span> <span class='ocrx_word' id='word_1_55' title='bbox 1496 611 1535 642; x_wconf 89' lang='lat' dir='ltr'>et</span> <span class='ocrx_word' id='word_1_56' title='bbox 1566 614 1619 642; x_wconf 82' lang='lat' dir='ltr'>ex</span> 
     </span>
     <span class='ocr_line' id='line_1_8' title="bbox 205 672 857 728; baseline -0.006 -11"><span class='ocrx_word' id='word_1_57' title='bbox 205 690 332 717; x_wconf 85' lang='lat' dir='ltr'>sensu</span> <span class='ocrx_word' id='word_1_58' title='bbox 366 672 588 715; x_wconf 87' lang='lat' dir='ltr'>communi</span> <span class='ocrx_word' id='word_1_59' title='bbox 625 683 857 728; x_wconf 82' lang='lat' dir='ltr'>perspecta.</span> 
     </span>
    </p>

    <p class='ocr_par' dir='ltr' id='par_1_3' title="bbox 203 740 1620 1656">
     <span class='ocr_line' id='line_1_9' title="bbox 324 740 1617 800; baseline -0.002 -14"><span class='ocrx_word' id='word_1_60' title='bbox 324 746 471 787; x_wconf 80' lang='lat' dir='ltr'>Unutu</span> <span class='ocrx_word' id='word_1_61' title='bbox 525 756 718 800; x_wconf 73' lang='lat' dir='ltr'>superest</span> <span class='ocrx_word' id='word_1_62' title='bbox 771 741 1084 800; x_wconf 84' lang='lat' dir='ltr'>explicandum,</span> <span class='ocrx_word' id='word_1_63' title='bbox 1130 740 1328 784; x_wconf 81' lang='lat' dir='ltr'>videlicet</span> <span class='ocrx_word' id='word_1_64' title='bbox 1379 741 1617 784; x_wconf 84' lang='lat' dir='ltr'>secundum</span> 
     </span>
     <span class='ocr_line' id='line_1_10' title="bbox 205 813 1617 875; baseline -0.003 -15"><span class='ocrx_word' id='word_1_65' title='bbox 205 832 333 875; x_wconf 88' lang='lat' dir='ltr'>quam</span> <span class='ocrx_word' id='word_1_66' title='bbox 367 831 612 859; x_wconf 88' lang='lat' dir='ltr'>mensuram</span> <span class='ocrx_word' id='word_1_67' title='bbox 646 830 719 857; x_wconf 89' lang='lat' dir='ltr'>seu</span> <span class='ocrx_word' id='word_1_68' title='bbox 755 830 885 871; x_wconf 86' lang='lat' dir='ltr'>quem</span> <span class='ocrx_word' id='word_1_69' title='bbox 913 814 1095 857; x_wconf 88' lang='lat' dir='ltr'>modum</span> <span class='ocrx_word' id='word_1_70' title='bbox 1119 813 1340 857; x_wconf 83' lang='lat' dir='ltr'>retributio</span> <span class='ocrx_word' id='word_1_71' title='bbox 1378 815 1430 857; x_wconf 92' lang='lat' dir='ltr'>sit</span> <span class='ocrx_word' id='word_1_72' title='bbox 1463 815 1617 857; x_wconf 89' lang='lat' dir='ltr'>merito</span> 
     </span>
     <span class='ocr_line' id='line_1_11' title="bbox 205 884 1616 943; baseline -0.003 -12"><span class='ocrx_word' id='word_1_73' title='bbox 205 904 250 931; x_wconf 85' lang='lat' dir='ltr'>ac</span> <span class='ocrx_word' id='word_1_74' title='bbox 298 887 507 930; x_wconf 88' lang='lat' dir='ltr'>demerito</span> <span class='ocrx_word' id='word_1_75' title='bbox 556 885 859 943; x_wconf 86' lang='lat' dir='ltr'>rependenda?</span> <span class='ocrx_word' id='word_1_76' title='bbox 907 884 1154 929; x_wconf 88' lang='lat' dir='ltr'>Secundum</span> <span class='ocrx_word' id='word_1_77' title='bbox 1202 884 1387 942; x_wconf 83' lang='lat' dir='ltr'>aliquem</span> <span class='ocrx_word' id='word_1_78' title='bbox 1435 884 1616 929; x_wconf 88' lang='lat' dir='ltr'>modum</span> 
     </span>
     <span class='ocr_line' id='line_1_12' title="bbox 204 956 1618 1014; baseline -0.002 -12"><span class='ocrx_word' id='word_1_79' title='bbox 204 960 399 1002; x_wconf 86' lang='lat' dir='ltr'>iustitiae.</span> <span class='ocrx_word' id='word_1_80' title='bbox 434 959 509 1000; x_wconf 87' lang='lat' dir='ltr'>Est</span> <span class='ocrx_word' id='word_1_81' title='bbox 543 969 683 999; x_wconf 85' lang='lat' dir='ltr'>autem</span> <span class='ocrx_word' id='word_1_82' title='bbox 719 956 874 1014; x_wconf 78' lang='lat' dir='ltr'>duplex</span> <span class='ocrx_word' id='word_1_83' title='bbox 908 957 1079 1009; x_wconf 89' lang='lat' dir='ltr'>iustitia,</span> <span class='ocrx_word' id='word_1_84' title='bbox 1111 957 1397 999; x_wconf 68' lang='lat' dir='ltr'>comminativa</span> <span class='ocrx_word' id='word_1_85' title='bbox 1420 969 1460 999; x_wconf 91' lang='lat' dir='ltr'>et</span> <span class='ocrx_word' id='word_1_86' title='bbox 1483 956 1618 1000; x_wconf 80' lang='lat' dir='ltr'>distri-</span> 
     </span>
     <span class='ocr_line' id='line_1_13' title="bbox 205 1027 1618 1087; baseline -0.003 -14"><span class='ocrx_word' id='word_1_87' title='bbox 205 1030 350 1073; x_wconf 74' lang='lat' dir='ltr'>butiva</span> <span class='ocrx_word' id='word_1_88' title='bbox 373 1029 457 1087; x_wconf 59' lang='grc' dir='ltr'>(Ι)</span> <span class='ocrx_word' id='word_1_89' title='bbox 484 1028 552 1070; x_wconf 86' lang='lat' dir='ltr'>illa</span> <span class='ocrx_word' id='word_1_90' title='bbox 578 1029 770 1085; x_wconf 89' lang='lat' dir='ltr'>sequitur</span> <span class='ocrx_word' id='word_1_91' title='bbox 794 1027 974 1070; x_wconf 86' lang='lat' dir='ltr'>modum</span> <span class='ocrx_word' id='word_1_92' title='bbox 1000 1028 1292 1084; x_wconf 84' lang='lat' dir='ltr'>proportionis</span> <span class='ocrx_word' id='word_1_93' title='bbox 1325 1027 1618 1080; x_wconf 76' lang='lat' dir='ltr'>arithmeticae,</span> 
     </span>
     <span class='ocr_line' id='line_1_14' title="bbox 205 1096 1618 1156; baseline -0.002 -14"><span class='ocrx_word' id='word_1_94' title='bbox 205 1101 306 1144; x_wconf 86' lang='lat' dir='ltr'>haec</span> <span class='ocrx_word' id='word_1_95' title='bbox 334 1100 600 1156; x_wconf 68' lang='lat' dir='ltr'>geometricae.</span> <span class='ocrx_word' id='word_1_96' title='bbox 638 1098 734 1141; x_wconf 88' lang='lat' dir='ltr'>Hoc</span> <span class='ocrx_word' id='word_1_97' title='bbox 767 1113 896 1154; x_wconf 89' lang='lat' dir='ltr'>porro</span> <span class='ocrx_word' id='word_1_98' title='bbox 930 1110 992 1140; x_wconf 88' lang='lat' dir='ltr'>est</span> <span class='ocrx_word' id='word_1_99' title='bbox 1027 1097 1255 1140; x_wconf 84' lang='lat' dir='ltr'>discrimen</span> <span class='ocrx_word' id='word_1_100' title='bbox 1288 1099 1397 1140; x_wconf 87' lang='lat' dir='ltr'>inter</span> <span class='ocrx_word' id='word_1_101' title='bbox 1437 1096 1618 1140; x_wconf 89' lang='lat' dir='ltr'>modum</span> 
     </span>
     <span class='ocr_line' id='line_1_15' title="bbox 204 1168 1618 1230; baseline -0.003 -15"><span class='ocrx_word' id='word_1_102' title='bbox 204 1172 497 1230; x_wconf 86' lang='lat' dir='ltr'>proportionis</span> <span class='ocrx_word' id='word_1_103' title='bbox 540 1169 830 1213; x_wconf 76' lang='lat' dir='ltr'>arithmeticae</span> <span class='ocrx_word' id='word_1_104' title='bbox 874 1182 913 1211; x_wconf 92' lang='lat' dir='ltr'>et</span> <span class='ocrx_word' id='word_1_105' title='bbox 946 1168 1128 1211; x_wconf 87' lang='lat' dir='ltr'>modum</span> <span class='ocrx_word' id='word_1_106' title='bbox 1177 1169 1469 1226; x_wconf 85' lang='lat' dir='ltr'>proportionis</span> <span class='ocrx_word' id='word_1_107' title='bbox 1517 1183 1618 1225; x_wconf 85' lang='lat' dir='ltr'>geo—</span> 
     </span>
     <span class='ocr_line' id='line_1_16' title="bbox 206 1239 1618 1299; baseline -0.002 -14"><span class='ocrx_word' id='word_1_108' title='bbox 206 1244 422 1294; x_wconf 81' lang='lat' dir='ltr'>metricae,</span> <span class='ocrx_word' id='word_1_109' title='bbox 458 1241 573 1299; x_wconf 82' lang='lat' dir='ltr'>quod</span> <span class='ocrx_word' id='word_1_110' title='bbox 608 1242 723 1298; x_wconf 91' lang='lat' dir='ltr'>prior</span> <span class='ocrx_word' id='word_1_111' title='bbox 757 1240 825 1282; x_wconf 86' lang='lat' dir='ltr'>illa</span> <span class='ocrx_word' id='word_1_112' title='bbox 858 1252 995 1283; x_wconf 82' lang='lat' dir='ltr'>servat</span> <span class='ocrx_word' id='word_1_113' title='bbox 1035 1240 1330 1297; x_wconf 86' lang='lat' dir='ltr'>aequalitatem</span> <span class='ocrx_word' id='word_1_114' title='bbox 1369 1241 1478 1283; x_wconf 87' lang='lat' dir='ltr'>inter</span> <span class='ocrx_word' id='word_1_115' title='bbox 1514 1239 1618 1283; x_wconf 80' lang='lat' dir='ltr'>duas</span> 
     </span>
     <span class='ocr_line' id='line_1_17' title="bbox 205 1311 1618 1373; baseline -0.003 -16"><span class='ocrx_word' id='word_1_116' title='bbox 205 1316 474 1373; x_wconf 83' lang='lat' dir='ltr'>quantitates,</span> <span class='ocrx_word' id='word_1_117' title='bbox 517 1312 642 1355; x_wconf 87' lang='lat' dir='ltr'>altera</span> <span class='ocrx_word' id='word_1_118' title='bbox 685 1327 787 1355; x_wconf 79' lang='lat' dir='ltr'>vero</span> <span class='ocrx_word' id='word_1_119' title='bbox 836 1324 973 1354; x_wconf 80' lang='lat' dir='ltr'>servat</span> <span class='ocrx_word' id='word_1_120' title='bbox 1021 1312 1317 1368; x_wconf 86' lang='lat' dir='ltr'>aequalitatem</span> <span class='ocrx_word' id='word_1_121' title='bbox 1364 1312 1472 1354; x_wconf 92' lang='lat' dir='ltr'>inter</span> <span class='ocrx_word' id='word_1_122' title='bbox 1514 1311 1618 1354; x_wconf 86' lang='lat' dir='ltr'>duas</span> 
     </span>
     <span class='ocr_line' id='line_1_18' title="bbox 206 1382 1620 1444; baseline -0.003 -15"><span class='ocrx_word' id='word_1_123' title='bbox 206 1387 522 1444; x_wconf 86' lang='lat' dir='ltr'>proportiones.</span> <span class='ocrx_word' id='word_1_124' title='bbox 557 1385 603 1427; x_wconf 81' lang='lat' dir='ltr'>E.</span> <span class='ocrx_word' id='word_1_125' title='bbox 638 1400 677 1440; x_wconf 78' lang='lat' dir='ltr'>g.</span> <span class='ocrx_word' id='word_1_126' title='bbox 713 1383 930 1434; x_wconf 85' lang='lat' dir='ltr'>dominus,</span> <span class='ocrx_word' id='word_1_127' title='bbox 966 1383 1038 1440; x_wconf 89' lang='lat' dir='ltr'>qui</span> <span class='ocrx_word' id='word_1_128' title='bbox 1072 1382 1239 1425; x_wconf 82' lang='lat' dir='ltr'>famulis</span> <span class='ocrx_word' id='word_1_129' title='bbox 1289 1398 1367 1440; x_wconf 90' lang='lat' dir='ltr'>pro</span> <span class='ocrx_word' id='word_1_130' title='bbox 1400 1398 1482 1425; x_wconf 88' lang='lat' dir='ltr'>una</span> <span class='ocrx_word' id='word_1_131' title='bbox 1514 1382 1620 1425; x_wconf 82' lang='lat' dir='ltr'>hora</span> 
     </span>
     <span class='ocr_line' id='line_1_19' title="bbox 203 1453 1619 1511; baseline -0.003 -12"><span class='ocrx_word' id='word_1_132' title='bbox 203 1457 356 1500; x_wconf 85' lang='lat' dir='ltr'>laboris</span> <span class='ocrx_word' id='word_1_133' title='bbox 393 1456 460 1498; x_wconf 85' lang='lat' dir='ltr'>dat</span> <span class='ocrx_word' id='word_1_134' title='bbox 494 1455 641 1498; x_wconf 86' lang='lat' dir='ltr'>decem</span> <span class='ocrx_word' id='word_1_135' title='bbox 684 1470 903 1507; x_wconf 87' lang='lat' dir='ltr'>nummos,</span> <span class='ocrx_word' id='word_1_136' title='bbox 949 1468 1027 1510; x_wconf 87' lang='lat' dir='ltr'>pro</span> <span class='ocrx_word' id='word_1_137' title='bbox 1079 1453 1238 1496; x_wconf 85' lang='lat' dir='ltr'>duabus</span> <span class='ocrx_word' id='word_1_138' title='bbox 1287 1453 1403 1496; x_wconf 90' lang='lat' dir='ltr'>horis</span> <span class='ocrx_word' id='word_1_139' title='bbox 1449 1453 1619 1511; x_wconf 85' lang='lat' dir='ltr'>viginti,</span> 
     </span>
     <span class='ocr_line' id='line_1_20' title="bbox 204 1524 1618 1586; baseline -0.002 -15"><span class='ocrx_word' id='word_1_140' title='bbox 204 1543 282 1586; x_wconf 90' lang='lat' dir='ltr'>pro</span> <span class='ocrx_word' id='word_1_141' title='bbox 315 1527 448 1570; x_wconf 89' lang='lat' dir='ltr'>tribus</span> <span class='ocrx_word' id='word_1_142' title='bbox 481 1527 655 1583; x_wconf 81' lang='lat' dir='ltr'>triginta</span> <span class='ocrx_word' id='word_1_143' title='bbox 688 1538 727 1568; x_wconf 90' lang='lat' dir='ltr'>et</span> <span class='ocrx_word' id='word_1_144' title='bbox 759 1526 814 1568; x_wconf 87' lang='lat' dir='ltr'>ita</span> <span class='ocrx_word' id='word_1_145' title='bbox 847 1540 995 1583; x_wconf 86' lang='lat' dir='ltr'>porro,</span> <span class='ocrx_word' id='word_1_146' title='bbox 1030 1524 1220 1568; x_wconf 84' lang='lat' dir='ltr'>retribuit</span> <span class='ocrx_word' id='word_1_147' title='bbox 1253 1524 1490 1568; x_wconf 84' lang='lat' dir='ltr'>secundum</span> <span class='ocrx_word' id='word_1_148' title='bbox 1522 1540 1618 1568; x_wconf 92' lang='lat' dir='ltr'>mo-</span> 
     </span>
     <span class='ocr_line' id='line_1_21' title="bbox 205 1596 1618 1656; baseline -0.003 -14"><span class='ocrx_word' id='word_1_149' title='bbox 205 1599 308 1642; x_wconf 89' lang='lat' dir='ltr'>durn</span> <span class='ocrx_word' id='word_1_150' title='bbox 342 1599 634 1656; x_wconf 86' lang='lat' dir='ltr'>proportionis</span> <span class='ocrx_word' id='word_1_151' title='bbox 667 1597 952 1640; x_wconf 78' lang='lat' dir='ltr'>aritlmteticae:</span> <span class='ocrx_word' id='word_1_152' title='bbox 986 1612 1057 1639; x_wconf 82' lang='lat' dir='ltr'>rex</span> <span class='ocrx_word' id='word_1_153' title='bbox 1089 1608 1246 1652; x_wconf 86' lang='lat' dir='ltr'>autem,</span> <span class='ocrx_word' id='word_1_154' title='bbox 1280 1596 1352 1653; x_wconf 91' lang='lat' dir='ltr'>qui</span> <span class='ocrx_word' id='word_1_155' title='bbox 1384 1608 1482 1653; x_wconf 89' lang='lat' dir='ltr'>post</span> <span class='ocrx_word' id='word_1_156' title='bbox 1514 1610 1618 1653; x_wconf 83' lang='lat' dir='ltr'>par-</span> 
     </span>
    </p>
   </div>
   <div class='ocr_carea' id='block_1_2' title="bbox 201 1828 1620 2470">
    <p class='ocr_par' dir='ltr' id='par_1_4' title="bbox 201 1828 1620 2470">
     <span class='ocr_line' id='line_1_22' title="bbox 300 1828 1616 1875; baseline -0.002 -10"><span class='ocrx_word' id='word_1_157' title='bbox 300 1832 356 1875; x_wconf 87' lang='lat'>(1)</span> <span class='ocrx_word' id='word_1_158' title='bbox 387 1845 403 1860; x_wconf 81' lang='lat'>«</span> <span class='ocrx_word' id='word_1_159' title='bbox 431 1830 567 1865; x_wconf 89' lang='lat' dir='ltr'>Iustitia</span> <span class='ocrx_word' id='word_1_160' title='bbox 594 1830 841 1863; x_wconf 78' lang='lat' dir='ltr'>commutati-va</span> <span class='ocrx_word' id='word_1_161' title='bbox 868 1837 920 1863; x_wconf 90' lang='lat' dir='ltr'>est</span> <span class='ocrx_word' id='word_1_162' title='bbox 948 1829 1080 1864; x_wconf 78' lang='lat' dir='ltr'>iustitia</span> <span class='ocrx_word' id='word_1_163' title='bbox 1109 1829 1213 1862; x_wconf 88' lang='lat' dir='ltr'>unius</span> <span class='ocrx_word' id='word_1_164' title='bbox 1251 1828 1295 1862; x_wconf 84' lang='lat' dir='ltr'>ad</span> <span class='ocrx_word' id='word_1_165' title='bbox 1321 1828 1497 1862; x_wconf 86' lang='lat' dir='ltr'>alterum:</span> <span class='ocrx_word' id='word_1_166' title='bbox 1527 1828 1616 1863; x_wconf 86' lang='lat' dir='ltr'>haec</span> 
     </span>
     <span class='ocr_line' id='line_1_23' title="bbox 205 1886 1620 1934; baseline -0.005 -9"><span class='ocrx_word' id='word_1_167' title='bbox 205 1893 296 1925; x_wconf 84' lang='lat' dir='ltr'>inter</span> <span class='ocrx_word' id='word_1_168' title='bbox 321 1890 513 1924; x_wconf 79' lang='lat' dir='ltr'>utilitatem</span> <span class='ocrx_word' id='word_1_169' title='bbox 542 1898 721 1934; x_wconf 80' lang='lat' dir='ltr'>receptam</span> <span class='ocrx_word' id='word_1_170' title='bbox 746 1888 890 1923; x_wconf 84' lang='lat' dir='ltr'>alterius</span> <span class='ocrx_word' id='word_1_171' title='bbox 917 1900 1026 1933; x_wconf 86' lang='lat' dir='ltr'>opere</span> <span class='ocrx_word' id='word_1_172' title='bbox 1052 1898 1085 1923; x_wconf 88' lang='lat' dir='ltr'>et</span> <span class='ocrx_word' id='word_1_173' title='bbox 1104 1888 1378 1923; x_wconf 86' lang='lat' dir='ltr'>retributionem</span> <span class='ocrx_word' id='word_1_174' title='bbox 1402 1899 1443 1922; x_wconf 86' lang='lat' dir='ltr'>ex</span> <span class='ocrx_word' id='word_1_175' title='bbox 1461 1886 1620 1933; x_wconf 34' lang='lat' dir='ltr'>propriis⁸</span> 
     </span>
     <span class='ocr_line' id='line_1_24' title="bbox 204 1945 1613 1994; baseline -0.003 -10"><span class='ocrx_word' id='word_1_176' title='bbox 204 1950 308 1984; x_wconf 90' lang='lat' dir='ltr'>bonis</span> <span class='ocrx_word' id='word_1_177' title='bbox 335 1948 588 1994; x_wconf 81' lang='lat' dir='ltr'>aequalitatem</span> <span class='ocrx_word' id='word_1_178' title='bbox 615 1949 734 1982; x_wconf 85' lang='lat' dir='ltr'>statuit</span> <span class='ocrx_word' id='word_1_179' title='bbox 760 1948 1027 1982; x_wconf 73' lang='lat' dir='ltr'>arithmeticam:</span> <span class='ocrx_word' id='word_1_180' title='bbox 1054 1957 1090 1982; x_wconf 89' lang='lat' dir='ltr'>ut</span> <span class='ocrx_word' id='word_1_181' title='bbox 1116 1958 1226 1993; x_wconf 87' lang='lat' dir='ltr'>quum</span> <span class='ocrx_word' id='word_1_182' title='bbox 1253 1945 1388 1981; x_wconf 83' lang='lat' dir='ltr'>famulo</span> <span class='ocrx_word' id='word_1_183' title='bbox 1406 1946 1613 1982; x_wconf 85' lang='lat' dir='ltr'>mercedem-</span> 
     </span>
     <span class='ocr_line' id='line_1_25' title="bbox 203 2005 1612 2053; baseline -0.003 -9"><span class='ocrx_word' id='word_1_184' title='bbox 203 2010 317 2044; x_wconf 84' lang='lat' dir='ltr'>labori</span> <span class='ocrx_word' id='word_1_185' title='bbox 344 2007 499 2042; x_wconf 83' lang='lat' dir='ltr'>debitam</span> <span class='ocrx_word' id='word_1_186' title='bbox 526 2007 766 2053; x_wconf 84' lang='lat' dir='ltr'>rependimus.</span> <span class='ocrx_word' id='word_1_187' title='bbox 794 2008 929 2042; x_wconf 82' lang='lat' dir='ltr'>Iustitia</span> <span class='ocrx_word' id='word_1_188' title='bbox 954 2007 1169 2041; x_wconf 75' lang='lat' dir='ltr'>distributiva</span> <span class='ocrx_word' id='word_1_189' title='bbox 1197 2015 1247 2041; x_wconf 83' lang='lat' dir='ltr'>est</span> <span class='ocrx_word' id='word_1_190' title='bbox 1276 2006 1542 2040; x_wconf 88' lang='lat' dir='ltr'>communitatis</span> <span class='ocrx_word' id='word_1_191' title='bbox 1566 2005 1612 2040; x_wconf 76' lang='lat' dir='ltr'>ad</span> 
     </span>
     <span class='ocr_line' id='line_1_26' title="bbox 203 2066 1615 2114; baseline -0.002 -12"><span class='ocrx_word' id='word_1_192' title='bbox 203 2068 344 2114; x_wconf 84' lang='lat' dir='ltr'>singula</span> <span class='ocrx_word' id='word_1_193' title='bbox 372 2068 443 2102; x_wconf 89' lang='lat' dir='ltr'>eius</span> <span class='ocrx_word' id='word_1_194' title='bbox 470 2068 630 2100; x_wconf 79' lang='lat' dir='ltr'>membra</span> <span class='ocrx_word' id='word_1_195' title='bbox 658 2076 690 2101; x_wconf 89' lang='lat' dir='ltr'>et</span> <span class='ocrx_word' id='word_1_196' title='bbox 719 2067 809 2101; x_wconf 77' lang='lat' dir='ltr'>inter</span> <span class='ocrx_word' id='word_1_197' title='bbox 842 2066 1069 2113; x_wconf 83' lang='lat' dir='ltr'>singulorum</span> <span class='ocrx_word' id='word_1_198' title='bbox 1110 2066 1234 2101; x_wconf 83' lang='lat' dir='ltr'>merita</span> <span class='ocrx_word' id='word_1_199' title='bbox 1274 2077 1313 2100; x_wconf 85' lang='lat' dir='ltr'>ac</span> <span class='ocrx_word' id='word_1_200' title='bbox 1343 2066 1543 2110; x_wconf 83' lang='lat' dir='ltr'>praemium</span> <span class='ocrx_word' id='word_1_201' title='bbox 1569 2077 1615 2100; x_wconf 79' lang='lat' dir='ltr'>ex</span> 
     </span>
     <span class='ocr_line' id='line_1_27' title="bbox 201 2125 1612 2171; baseline -0.003 -9"><span class='ocrx_word' id='word_1_202' title='bbox 201 2127 458 2162; x_wconf 86' lang='lat' dir='ltr'>communibus</span> <span class='ocrx_word' id='word_1_203' title='bbox 476 2127 579 2160; x_wconf 86' lang='lat' dir='ltr'>bonis</span> <span class='ocrx_word' id='word_1_204' title='bbox 598 2126 881 2168; x_wconf 85' lang='lat' dir='ltr'>retribuendum,</span> <span class='ocrx_word' id='word_1_205' title='bbox 904 2126 1179 2171; x_wconf 87' lang='lat' dir='ltr'>proportionem</span> <span class='ocrx_word' id='word_1_206' title='bbox 1197 2134 1311 2160; x_wconf 80' lang='lat' dir='ltr'>servat</span> <span class='ocrx_word' id='word_1_207' title='bbox 1331 2125 1576 2170; x_wconf 82' lang='lat' dir='ltr'>geometricam.</span> <span class='ocrx_word' id='word_1_208' title='bbox 1595 2140 1612 2153; x_wconf 76' lang='lat' dir='ltr'><em>n</em></span> 
     </span>
     <span class='ocr_line' id='line_1_28' title="bbox 203 2185 1617 2234; baseline -0.004 -11"><span class='ocrx_word' id='word_1_209' title='bbox 203 2189 259 2224; x_wconf 89' lang='lat' dir='ltr'>Sic</span> <span class='ocrx_word' id='word_1_210' title='bbox 284 2186 499 2232; x_wconf 74' lang='lat' dir='ltr'>Tongiorgi,</span> <span class='ocrx_word' id='word_1_211' title='bbox 528 2186 604 2221; x_wconf 35' lang='lat' dir='ltr'>Ethi</span> <span class='ocrx_word' id='word_1_212' title='bbox 625 2198 722 2220; x_wconf 91' lang='lat' dir='ltr'>num.</span> <span class='ocrx_word' id='word_1_213' title='bbox 749 2196 804 2232; x_wconf 84' lang='lat'>99.</span> <span class='ocrx_word' id='word_1_214' title='bbox 835 2186 906 2220; x_wconf 85' lang='lat' dir='ltr'>Ubi</span> <span class='ocrx_word' id='word_1_215' title='bbox 932 2186 1105 2228; x_wconf 84' lang='lat' dir='ltr'>advertas,</span> <span class='ocrx_word' id='word_1_216' title='bbox 1137 2186 1232 2234; x_wconf 87' lang='lat' dir='ltr'>quod</span> <span class='ocrx_word' id='word_1_217' title='bbox 1256 2194 1293 2220; x_wconf 92' lang='lat' dir='ltr'>ut</span> <span class='ocrx_word' id='word_1_218' title='bbox 1319 2185 1517 2232; x_wconf 83' lang='lat' dir='ltr'>aequalitas</span> <span class='ocrx_word' id='word_1_219' title='bbox 1541 2195 1617 2220; x_wconf 87' lang='lat' dir='ltr'>ser-</span> 
     </span>
     <span class='ocr_line' id='line_1_29' title="bbox 203 2245 1615 2293; baseline -0.002 -11"><span class='ocrx_word' id='word_1_220' title='bbox 203 2257 300 2282; x_wconf 79' lang='lat' dir='ltr'>vetur</span> <span class='ocrx_word' id='word_1_221' title='bbox 326 2249 417 2282; x_wconf 86' lang='lat' dir='ltr'>inter</span> <span class='ocrx_word' id='word_1_222' title='bbox 443 2257 532 2292; x_wconf 88' lang='lat' dir='ltr'>opus</span> <span class='ocrx_word' id='word_1_223' title='bbox 558 2247 694 2280; x_wconf 87' lang='lat' dir='ltr'>bonum</span> <span class='ocrx_word' id='word_1_224' title='bbox 722 2254 755 2280; x_wconf 87' lang='lat' dir='ltr'>et</span> <span class='ocrx_word' id='word_1_225' title='bbox 783 2247 992 2292; x_wconf 79' lang='lat' dir='ltr'>praemium,</span> <span class='ocrx_word' id='word_1_226' title='bbox 1020 2257 1125 2293; x_wconf 78' lang='lat' dir='ltr'>quarn</span> <span class='ocrx_word' id='word_1_227' title='bbox 1152 2247 1287 2281; x_wconf 84' lang='lat' dir='ltr'>iustitia</span> <span class='ocrx_word' id='word_1_228' title='bbox 1314 2245 1437 2291; x_wconf 84' lang='lat' dir='ltr'>exigit,</span> <span class='ocrx_word' id='word_1_229' title='bbox 1461 2256 1535 2279; x_wconf 87' lang='lat' dir='ltr'>non</span> <span class='ocrx_word' id='word_1_230' title='bbox 1561 2253 1615 2279; x_wconf 91' lang='lat' dir='ltr'>est</span> 
     </span>
     <span class='ocr_line' id='line_1_30' title="bbox 205 2302 1612 2353; baseline -0.003 -12"><span class='ocrx_word' id='word_1_231' title='bbox 205 2319 364 2349; x_wconf 79' lang='lat' dir='ltr'>necesse,</span> <span class='ocrx_word' id='word_1_232' title='bbox 392 2316 429 2342; x_wconf 90' lang='lat' dir='ltr'>ut</span> <span class='ocrx_word' id='word_1_233' title='bbox 455 2305 541 2340; x_wconf 86' lang='lat' dir='ltr'>nihil</span> <span class='ocrx_word' id='word_1_234' title='bbox 569 2306 723 2350; x_wconf 82' lang='lat' dir='ltr'>amplius</span> <span class='ocrx_word' id='word_1_235' title='bbox 749 2306 966 2348; x_wconf 87' lang='lat' dir='ltr'>conferatur,</span> <span class='ocrx_word' id='word_1_236' title='bbox 995 2318 1101 2353; x_wconf 85' lang='lat' dir='ltr'>quam</span> <span class='ocrx_word' id='word_1_237' title='bbox 1126 2305 1222 2352; x_wconf 85' lang='lat' dir='ltr'>quod</span> <span class='ocrx_word' id='word_1_238' title='bbox 1248 2306 1337 2340; x_wconf 81' lang='lat' dir='ltr'>alter</span> <span class='ocrx_word' id='word_1_239' title='bbox 1363 2314 1530 2347; x_wconf 87' lang='lat' dir='ltr'>meretur,</span> <span class='ocrx_word' id='word_1_240' title='bbox 1550 2302 1612 2338; x_wconf 88' lang='lat' dir='ltr'>sed</span> 
     </span>
     <span class='ocr_line' id='line_1_31' title="bbox 205 2362 1613 2412; baseline -0.004 -12"><span class='ocrx_word' id='word_1_241' title='bbox 205 2367 290 2400; x_wconf 81' lang='lat' dir='ltr'>satis</span> <span class='ocrx_word' id='word_1_242' title='bbox 317 2375 368 2401; x_wconf 86' lang='lat' dir='ltr'>est</span> <span class='ocrx_word' id='word_1_243' title='bbox 397 2366 493 2412; x_wconf 86' lang='lat' dir='ltr'>quod</span> <span class='ocrx_word' id='word_1_244' title='bbox 518 2377 592 2400; x_wconf 90' lang='lat' dir='ltr'>non</span> <span class='ocrx_word' id='word_1_245' title='bbox 617 2365 719 2399; x_wconf 85' lang='lat' dir='ltr'>detur</span> <span class='ocrx_word' id='word_1_246' title='bbox 745 2366 874 2400; x_wconf 89' lang='lat' dir='ltr'>minus.</span> <span class='ocrx_word' id='word_1_247' title='bbox 901 2367 953 2400; x_wconf 80' lang='lat' dir='ltr'>Ex</span> <span class='ocrx_word' id='word_1_248' title='bbox 979 2377 1046 2411; x_wconf 81' lang='lat' dir='ltr'>qua</span> <span class='ocrx_word' id='word_1_249' title='bbox 1073 2374 1172 2411; x_wconf 88' lang='lat' dir='ltr'>parte</span> <span class='ocrx_word' id='word_1_250' title='bbox 1198 2365 1234 2399; x_wconf 88' lang='lat' dir='ltr'>in</span> <span class='ocrx_word' id='word_1_251' title='bbox 1260 2363 1495 2400; x_wconf 86' lang='lat' dir='ltr'>retributione</span> <span class='ocrx_word' id='word_1_252' title='bbox 1524 2362 1613 2396; x_wconf 87' lang='lat' dir='ltr'>boni</span> 
     </span>
     <span class='ocr_line' id='line_1_32' title="bbox 205 2422 1609 2470; baseline -0.002 -12"><span class='ocrx_word' id='word_1_253' title='bbox 205 2426 354 2460; x_wconf 80' lang='lat' dir='ltr'>habetur</span> <span class='ocrx_word' id='word_1_254' title='bbox 397 2437 576 2469; x_wconf 76' lang='lat' dir='ltr'>excessus,</span> <span class='ocrx_word' id='word_1_255' title='bbox 612 2426 768 2460; x_wconf 82' lang='lat' dir='ltr'>liberalis</span> <span class='ocrx_word' id='word_1_256' title='bbox 810 2437 851 2460; x_wconf 78' lang='lat' dir='ltr'>ex</span> <span class='ocrx_word' id='word_1_257' title='bbox 893 2435 990 2470; x_wconf 82' lang='lat' dir='ltr'>parte</span> <span class='ocrx_word' id='word_1_258' title='bbox 1032 2425 1256 2461; x_wconf 89' lang='lat' dir='ltr'>retributoris</span> <span class='ocrx_word' id='word_1_259' title='bbox 1296 2423 1441 2469; x_wconf 85' lang='lat' dir='ltr'>largitio</span> <span class='ocrx_word' id='word_1_260' title='bbox 1484 2422 1609 2456; x_wconf 86' lang='lat' dir='ltr'>locum</span> 
     </span>
    </p>
   </div>
   <div class='ocr_carea' id='block_1_3' title="bbox 204 2481 1619 2579">
    <p class='ocr_par' dir='ltr' id='par_1_5' title="bbox 204 2481 1619 2579">
     <span class='ocr_line' id='line_1_33' title="bbox 205 2481 1619 2531; baseline -0.001 -14"><span class='ocrx_word' id='word_1_261' title='bbox 205 2484 322 2527; x_wconf 86' lang='lat' dir='ltr'>habet,</span> <span class='ocrx_word' id='word_1_262' title='bbox 350 2489 470 2531; x_wconf 86' lang='lat' dir='ltr'>potius</span> <span class='ocrx_word' id='word_1_263' title='bbox 496 2497 601 2531; x_wconf 81' lang='lat' dir='ltr'>quam</span> <span class='ocrx_word' id='word_1_264' title='bbox 629 2486 828 2531; x_wconf 85' lang='lat' dir='ltr'>praemium</span> <span class='ocrx_word' id='word_1_265' title='bbox 855 2494 913 2520; x_wconf 83' lang='lat' dir='ltr'>aut</span> <span class='ocrx_word' id='word_1_266' title='bbox 939 2496 1087 2520; x_wconf 87' lang='lat' dir='ltr'>merces.</span> <span class='ocrx_word' id='word_1_267' title='bbox 1115 2484 1170 2520; x_wconf 87' lang='lat' dir='ltr'>Cf.</span> <span class='ocrx_word' id='word_1_268' title='bbox 1197 2484 1374 2525; x_wconf 86' lang='lat' dir='ltr'>Palmieri,</span> <span class='ocrx_word' id='word_1_269' title='bbox 1401 2481 1508 2517; x_wconf 90' lang='lat' dir='ltr'>theol.</span> <span class='ocrx_word' id='word_1_270' title='bbox 1537 2489 1619 2516; x_wconf 60' lang='lat' dir='ltr'>nat.&gt;</span> 
     </span>
     <span class='ocr_line' id='line_1_34' title="bbox 204 2542 424 2579; baseline 0.014 -3"><span class='ocrx_word' id='word_1_271' title='bbox 204 2542 254 2579; x_wconf 85' lang='lat' dir='ltr'>th.</span> <span class='ocrx_word' id='word_1_272' title='bbox 280 2544 424 2579; x_wconf 84' lang='lat' dir='ltr'><strong>XLVII.</strong></span> 
     </span>
    </p>
   </div>
   <div class='ocr_carea' id='block_1_4' title="bbox 1681 2435 1734 2784">
    <p class='ocr_par' dir='ltr' id='par_1_6' title="bbox 1681 2435 1734 2784">
     <span class='ocr_line' id='line_1_35' title="bbox 1681 2435 1734 2784; textangle 90"><span class='ocrx_word' id='word_1_273' title='bbox 1681 2585 1734 2784; x_wconf 47' lang='lat' dir='ltr'>thQ«.</span> <span class='ocrx_word' id='word_1_274' title='bbox 1714 2557 1723 2567; x_wconf 52' lang='grc' dir='ltr'>ι,</span> <span class='ocrx_word' id='word_1_275' title='bbox 1703 2435 1726 2479; x_wconf 55' lang='lat' dir='ltr'>..s&#39;</span> 
     </span>
    </p>
   </div>
   <div class='ocr_carea' id='block_1_5' title="bbox 1732 2698 1734 2784">
    <p class='ocr_par' dir='ltr' id='par_1_7' title="bbox 1732 2698 1734 2784">
     <span class='ocr_line' id='line_1_36' title="bbox 1732 2698 1734 2784; baseline 0 0"><span class='ocrx_word' id='word_1_276' title='bbox 1732 2698 1734 2784; x_wconf 95' lang='lat' dir='ltr'> </span> 
     </span>
    </p>
   </div>
  </div>
 </body>
</html>
