1734 2784
676 129 910 172 ‚93-

653 321 821 364 Tnsssis
858 321 934 363 XI.

81 443 274 486 Praesens
306 443 396 485 vita
428 450 481 484 est
515 450 644 484 status
678 442 785 492 victe,
822 442 863 483 in
897 456 972 498 qao
1002 440 1202 498 perfectae
1238 440 1505 483 bertilindinis

197 515 505 558 consecutionem
538 512 830 570 nobismetipsis
858 514 1086 571 promereri
1119 512 1302 556 dehemus
1333 521 1404 570 per
1438 512 1503 554 di-

198 587 317 629 vinae
349 585 441 643 legis
472 585 695 629 custodiam
729 600 797 628 seu»
822 593 894 642 per
928 585 1157 628 exercitimn
1191 585 1372 628 virtutis.

198 718 264 760 31.
300 705 679 749 DEMONSTRATIO.
702 705 802 747 Duo
827 716 1057 763 supersunt
1093 704 1362 762 inquirenda,
1387 704 1503 747 vide-

75 775 189 830 licet,
224 791 431 834 quaenam
481 776 533 819 sit
576 775 721 818 relatio
772 777 880 819 inter
931 775 1156 819 mortalem
1209 776 1315 819 hanc
1361 789 1401 819 et
1435 776 1499 819 fu-

75 860 214 891 turam
246 848 394 900 vitam,
430 859 469 890 et
503 848 676 905 quinam
710 849 762 890 sit
797 847 954 890 modus
979 847 1288 905 promerendae
1313 847 1497 891 beatitu—

76 919 198 962 dinis.
233 918 464 976 Duplicem
499 918 605 962 hanc
638 920 934 976 quaestionem
981 919 1056 961 hac
1101 919 1142 961 in
1176 919 1285 962 thesi
1333 931 1500 976 pertra-

79 1002 256 1034 ctamuS.

194 1063 225 1104 Ι.
260 1063 374 1105 Haec
407 1064 493 1105 vita
527 1078 564 1106 sa
598 1062 712 1105 habet
746 1062 800 1105 ad
822 1062 1036 1119 futuram,
1074 1071 1115 1105 nt
1148 1071 1273 1104 stains
1323 1065 1415 1106 viae
1448 1063 1501 1105 ad

74 1143 230 1178 statum
263 1135 436 1187 termini,
472 1143 513 1177 ut
547 1142 673 1177 stallis
705 1135 934 1177 certaminis
970 1150 1014 1177 ac
1043 1143 1204 1192 pugnae
1248 1135 1303 1177 ad
1349 1145 1502 1179 statam

75 1206 264 1248 victoriae
297 1220 342 1249 ac
376 1206 585 1263 triumphi.
622 1206 767 1257 Quam
802 1206 1025 1248 veritatem
1060 1205 1194 1248 tribus
1236 1207 1503 1262 argumentis

75 1276 484 1320 demonstrabimus.

193 1349 431 1392 Possumus
448 1350 579 1407 primo
603 1364 778 1405 arguere
801 1364 852 1391 ex
876 1348 985 1391 thesi
1011 1349 1301 1406 praecedente.
1324 1351 1494 1404 Quum,

74 1433 119 1463 ut
153 1421 194 1462 in
228 1435 273 1463 ea
307 1419 533 1478 probatum
569 1433 645 1477 est,
681 1420 869 1463 mortalis
906 1420 1007 1463 haec
1041 1421 1123 1463 vita
1162 1436 1249 1462 non
1284 1421 1336 1463 sit
1371 1434 1502 1465 status

72 1491 283 1550 perfectae
316 1491 602 1545 beatitudinis,
635 1494 893 1549 quaerimus,
919 1492 1121 1549 quidnam
1148 1492 1317 1535 tandem
1345 1509 1390 1536 ea
1414 1494 1501 1536 sit?

73 1563 153 1608 Vel
186 1564 289 1607 dicis
323 1580 415 1608 esse
448 1577 605 1607 statum
641 1565 889 1622 privationis
923 1564 1197 1607 beatitudinis
1233 1566 1274 1607 in
1311 1581 1494 1622 poenam

73 1637 262 1679 criminis
297 1635 344 1679 ab
379 1636 556 1680 homine
591 1638 673 1678 iam
709 1638 952 1694 perpetrati,
977 1636 1042 1679 vel
1080 1636 1184 1679 dicis
1219 1652 1310 1679 esse
1344 1649 1499 1679 statum

71 1708 179 1760 viae,
214 1708 256 1750 in
290 1723 376 1765 quo
411 1707 545 1750 homo
580 1708 838 1750 constitutus
883 1707 1007 1750 debet
1054 1706 1194 1750 liberis
1245 1708 1403 1750 actibus
1455 1724 1498 1751 se

72 1779 215 1836 ipsum
249 1778 298 1822 ad
333 1778 604 1822 beatitudinis
640 1780 874 1822 terminum
900 1778 1121 1822 adducere.
1148 1781 1278 1837 Atqui
1306 1782 1495 1837 primum

72 1849 151 1893 dici
187 1851 352 1909 nequit:
388 1851 721 1909 supponendum
757 1853 870 1894 enim
907 1851 1043 1908 foret,
1079 1851 1177 1894 huic
1219 1853 1329 1895 vitae
1373 1852 1496 1895 aliam

71 1923 349 1979 praecessisse
382 1923 527 1979 vitam,
562 1923 603 1964 in
638 1938 719 1979 qua
754 1922 888 1964 homo
924 1923 1083 1980 positas
1110 1938 1129 1965 a
1151 1923 1246 1965 Deo
1270 1923 1383 1979 leges
1406 1924 1496 1966 vio-

70 1990 230 2049 laverit,
263 1993 408 2050 sicque
442 2008 623 2050 poenam
660 1992 773 2034 illam
808 1992 884 2035 sibi
920 1994 1220 2050 promeruerit.
1256 1994 1325 2038 Ne
1370 1994 1498 2051 igitur

71 2062 188 2121 haec,
221 2079 327 2121 quae
361 2076 501 2121 aperte
536 2077 633 2106 sunt
670 2062 784 2117 falsa,
821 2063 1114 2121 admittamus,
1149 2064 1493 2108 concludendum

69 2146 146 2190 est,
181 2134 408 2178 mortalem
444 2134 548 2177 hanc
583 2136 713 2178 vitam
739 2150 828 2178 esse
854 2148 1010 2178 statum
1035 2137 1150 2193 viae,
1175 2138 1216 2179 in
1253 2153 1338 2195 quo
1361 2137 1495 2181 homo

69 2204 191 2249 debet
222 2205 354 2250 libero
379 2222 422 2249 se
456 2222 499 2249 se
535 2220 655 2249 motu
692 2206 797 2249 ferre
831 2206 880 2249 ad
915 2206 1120 2264 perfectae
1154 2207 1366 2251 felicitatis
1404 2221 1491 2252 ter-

69 2277 251 2331 minum,
284 2278 338 2320 ita
372 2289 415 2319 ut
451 2278 540 2333 ipse
573 2293 668 2320 vere
702 2276 777 2319 sibi
803 2279 855 2319 sit
880 2292 978 2320 suae
1002 2291 1148 2320 auctor
1179 2278 1384 2321 beatitatis
1409 2279 1496 2338 (1).

163 2478 218 2522 (1)
246 2477 422 2524 Apposite
449 2476 608 2521 Segneri,
635 2476 832 2511 l'z'ncredulo
858 2488 953 2522 senza
992 2489 1095 2519 seusa,
1124 2488 1222 2524 parte
1251 2489 1280 2513 2.
1309 2491 1383 2525 cap.
1414 2479 1490 2514 ult:

71 2549 88 2566 «
116 2528 142 2570 E
170 2537 326 2581 piaciuto
355 2548 371 2569 a
400 2535 485 2573 Dio,
516 2534 580 2568 che
616 2534 664 2579 gli
703 2535 811 2570 adulti
853 2538 922 2570 mai
964 2548 1035 2571 non
1080 2549 1311 2584 pervengan)
1340 2551 1355 2571 a
1387 2538 1489 2585 quel-

67 2594 215 2631 l‘eterno
243 2596 366 2642 riposo
393 2606 494 2629 senza
521 2594 670 2640 qualche
699 2596 822 2640 prex-io
852 2597 1040 2643 travagliof
1071 2598 1105 2631 in
1137 2598 1225 2631 virtu
1255 2598 1286 2632 di
1316 2599 1369 2631 cui
1397 2610 1487 2645 pos—
