1734 2784
701 89 756 97 -
793 76 873 120 375
909 90 968 96 ’-

108 159 500 215 Quemadmodum
535 161 666 218 igitur
700 171 1014 219 consequenter
1060 160 1111 204 ad
1158 161 1419 206 creationem
1452 161 1538 206 ho-

109 234 239 277 minis
273 233 417 276 existit
450 233 519 276 lex
554 232 696 277 divina
744 232 961 287 naturalis,
1012 234 1069 278 ita
1116 235 1357 279 necessario
1400 235 1541 281 existit

101 305 168 349 lex
200 304 343 349 divina
376 305 567 364 positiva
600 317 914 364 consequenter
945 305 997 350 ad
1021 306 1157 365 ipsius
1182 306 1370 350 hominis
1403 308 1538 352 eleva-

103 379 266 422 tionem
301 376 354 421 ad
387 377 584 421 ordinem
617 390 657 422 et
691 377 821 422 finem
855 378 1224 437 supernaturalem
1260 378 1345 438 (1).

222 450 278 492 At
300 457 445 508 quarto
478 460 622 508 potest
644 449 763 493 Deus
799 449 997 493 homines
1033 465 1187 508 regere
1220 466 1294 508 per
1326 450 1431 495 alios
1460 451 1532 495 ho-

104 522 255 575 mines,
279 536 389 579 quos
410 521 488 564 sibi
513 520 714 579 adiungat
738 533 957 580 tamquam
982 535 1295 581 cooperatores
1320 524 1360 566 in
1384 522 1535 568 mundi

103 593 231 636 huius
265 592 666 650 administratione„
693 606 816 652 atque
851 594 1080 637 constituat
1113 593 1298 638 visibiles
1332 594 1537 639 humana-

106 680 203 708 rum
236 666 492 709 societatum
527 676 732 720 rectores,
769 664 1012 724 quibusque
1046 678 1263 725 tamquam
1291 667 1379 710 suis
1402 666 1536 710 mini-

104 736 199 779 stris
251 747 390 779 certos
440 737 550 780 intra
593 735 751 780 limites
806 737 1101 780 communicet
1149 753 1270 780 suam
1318 736 1536 795 obligandi

103 818 372 865 potestatem.
409 807 512 865 Cur,
547 823 720 866 quaeso,
764 807 806 851 id
838 824 927 852 non
961 821 1106 866 posset
1150 809 1270 853 Deus
1309 807 1531 852 absolutus

102 876 291 922 hominis
316 878 535 937 dominus,
570 880 820 937 praesertim
857 896 956 923 cum
1001 880 1172 923 suavior
1207 881 1261 923 sit
1295 878 1536 924 illiusmodi

103 950 427 1008 gubernationis
453 950 625 1005 modus,
656 951 961 1010 humanaeque
996 964 1170 996 naturae
1204 952 1341 1010 magis
1364 968 1538 997 accom-

103 1022 340 1067 modatus?
378 1024 506 1068 Tunc
540 1036 682 1067 autem
718 1040 769 1068 en
811 1024 896 1068 iam
930 1026 998 1068 lex
1033 1024 1235 1069 humana,
1262 1026 1386 1082 Quae
1420 1026 1536 1070 enim

103 1095 409 1155 dispositiones
457 1094 505 1139 ab
554 1097 604 1139 iis
653 1097 733 1139 Dei
769 1097 976 1140 ministris
1009 1110 1245 1141 statuantur
1291 1098 1334 1141 in
1368 1097 1531 1141 bonum

102 1183 348 1225 commune,
372 1180 413 1212 et
446 1168 555 1211 intra
589 1183 812 1212 concessae
846 1170 1069 1227 potestatis
1094 1168 1317 1225 ambitum,
1347 1185 1418 1214 eae
1446 1171 1533 1214 vim

101 1240 258 1284 habent
305 1240 592 1298 obligativam:
638 1240 854 1299 siquidem
905 1242 1102 1285 ministro
1138 1243 1268 1299 Regis
1313 1242 1456 1299 iniis,
1492 1242 1534 1285 in

101 1312 255 1371 quibus
290 1325 352 1357 est
385 1312 593 1366 minister,
628 1312 1015 1372 obtemperandum
1043 1328 1120 1367 est,
1145 1315 1253 1357 sicut
1296 1314 1377 1373 ipsi
1414 1314 1532 1371 Regi.

102 1384 185 1427 Eae
216 1384 350 1441 igitur
383 1393 508 1428 erunt
541 1399 663 1427 verae
688 1385 822 1442 leges,
849 1401 1034 1443 cumque
1059 1385 1107 1428 ab
1131 1385 1315 1429 homine
1340 1386 1534 1443 proxime

103 1457 418 1500 constituantur
450 1467 490 1499 et
525 1455 773 1513 procedant,
822 1472 894 1500 eae
944 1469 1067 1500 erunt
1116 1472 1237 1501 verae
1285 1457 1400 1515 leges
1441 1457 1525 1499 hu-

102 1542 267 1572 manae.

220 1600 272 1643 II.
307 1598 558 1644 Videndum
591 1600 674 1642 iam
709 1611 785 1652 est,
821 1611 965 1642 utrum
1000 1615 1144 1658 reapse
1169 1600 1286 1643 Deus
1311 1599 1410 1653 hoc,
1436 1615 1523 1658 quo

101 1671 294 1715 absolute
327 1671 472 1730 pollet,
508 1673 572 1714 ius
606 1670 788 1714 voluerit
813 1686 1019 1715 exercere.
1054 1675 1117 1716 Ac
1137 1673 1270 1730 primo
1304 1683 1526 1730 praecepta

101 1742 152 1788 ad
185 1743 420 1788 naturalem
455 1743 722 1787 honestatem
760 1744 1010 1801 pertinentia
1043 1745 1162 1802 prius
1187 1744 1361 1803 quidem
1386 1744 1527 1788 homi-

101 1967 259 2002 manitus
286 1966 456 2013 positam,
486 1977 573 2012 quae
601 1967 643 2001 ab
671 1977 711 2000 ea
739 1967 937 2002 derivatur.
979 1966 1048 2001 Sed
1076 1966 1156 2012 quia
1191 1966 1306 2001 homo
1347 1966 1532 2001 ordinatur

101 2026 143 2060 ad
171 2025 280 2061 finem
308 2024 539 2060 beatitudinis
567 2035 744 2068 aeternae,
774 2037 862 2072 quae
892 2026 1036 2060 excedit
1065 2026 1339 2072 proportionem
1358 2027 1531 2061 naturalis

100 2085 275 2120 facultatis
302 2086 494 2127 humanae,
516 2085 596 2119 ideo
625 2088 867 2121 necessarium
898 2086 974 2129 fuit,
996 2096 1155 2132 utsupra
1182 2086 1302 2133 legem
1325 2087 1529 2121 naturalem

100 2155 132 2180 et
160 2146 357 2180 humanam
385 2144 595 2190 dirigeretur
623 2146 728 2179 etiam
759 2145 800 2179 ad
828 2157 931 2180 suum
961 2146 1070 2180 tinem
1091 2147 1169 2191 lege
1197 2146 1366 2179 divinitus
1395 2146 1524 2180 data.»

194 2204 250 2248 (1)
279 2204 419 2245 Suarez,
443 2204 484 2237 <le
507 2203 578 2250 leg.
600 2203 624 2237 l.
650 2215 676 2238 1.
698 2216 727 2238 c.
756 2214 782 2247 3.
803 2216 899 2239 num.
926 2216 962 2239 11
982 2234 988 2247 ,
1010 2204 1188 2251 duplicem
1209 2217 1313 2250 saepe
1342 2205 1529 2251 distinguit

100 2264 219 2309 legem
246 2263 446 2298 naturalem
477 2282 520 2288 —
548 2275 656 2297 unam
685 2275 770 2309 pure
799 2264 994 2299 naturale-n
1024 2285 1068 2290 -——
1096 2265 1203 2299 aliam
1231 2265 1441 2311 simpliciter
1468 2277 1524 2299 su-

99 2322 373 2369 pernaturalem,
403 2322 602 2356 naturalem
631 2333 750 2357 autem
780 2325 980 2368 respective
1022 2336 1084 2369 per
1126 2324 1441 2369 comparationem
1484 2324 1527 2358 ad

100 2383 265 2427 gratiam,
286 2393 373 2428 quae
402 2382 513 2428 gratia
541 2381 646 2416 habet
676 2391 708 2416 et
738 2383 811 2428 ipsa
842 2394 940 2417 suam
970 2384 1152 2429 propriam
1182 2383 1373 2418 essentiam
1402 2394 1435 2419 et
1466 2397 1527 2419 na-

100 2450 228 2476 turam.
257 2440 348 2475 Vide
376 2442 483 2475 etiam
513 2441 534 2476 l.
568 2442 607 2475 II.
638 2442 670 2475 in
702 2444 906 2487 prooemio.
948 2443 1017 2477 Sed
1056 2442 1143 2477 haec
1182 2443 1365 2478 distinctio
1406 2444 1525 2489 potius

101 2510 240 2546 spectat
270 2499 312 2534 ad
341 2499 597 2545 Theologiam,
626 2509 658 2535 et
700 2501 831 2536 idcirco
861 2502 944 2536 satis
986 2503 1027 2536 sit
1069 2514 1146 2536 eam
1193 2503 1347 2537 breviter
1385 2503 1439 2536 hic
1468 2503 1525 2537 in-

101 2571 233 2594 nuisse.
