1734 2784
703 81 969 136 -381-

119 189 314 231 quarum,
348 190 456 232 quae
490 175 720 218 extiterunt
753 187 877 234 atque
928 177 1141 230 existunt,
1191 192 1369 221 necnon.
1403 191 1547 222 contra

117 260 396 290 communem
430 262 604 290 sensum
640 259 679 291 et
726 248 890 306 praxim
925 248 1172 303 hominum,
1208 249 1281 307 qui
1321 251 1463 293 statim
1497 267 1542 294 ac

114 317 250 375 aliqua
283 317 460 361 humani
508 319 710 377 principis
761 319 826 363 lex
869 322 1156 378 proponitur,
1191 336 1283 364 eam
1333 320 1446 365 illico
1499 323 1541 365 in

115 403 295 433 examen
330 388 560 447 adducunt,
585 389 635 433 ad
660 390 982 435 diiudicandum
1006 404 1152 436 utrum
1177 408 1310 437 necne
1334 394 1389 436 sit
1413 406 1539 439 recta.

117 461 230 505 Cum
264 462 406 521 itaque
440 461 626 506 humana
658 462 722 506 lex
754 479 842 507 non
877 465 929 507 sit
963 477 1075 509 recta
1117 465 1162 509 de
1196 481 1234 509 se
1253 499 1266 524 ,
1317 466 1352 508 si
1403 478 1544 510 tamen

117 545 180 576 est
214 545 342 587 recta,
377 533 468 577 talis
503 534 579 577 erit
614 549 686 592 per
721 536 1087 593 comparationem
1122 548 1162 580 et
1193 536 1542 582 conformitatem

119 603 168 647 ad
204 604 326 649 aliam
362 606 498 663 legem
534 621 621 649 non
656 605 902 665 humanam⁷
935 620 976 650 et
1001 622 1313 666 consequenter
1338 609 1541 653 divinam.

118 676 233 734 Ergo
276 677 342 721 lex
378 678 580 731 humana,
618 679 650 720 si
687 691 797 722 recta
830 680 896 736 sit,
932 679 1231 724 rectitudinem
1265 697 1386 724 suam
1423 680 1545 725 habet

114 763 135 790 a
166 748 263 807 >lege
298 749 453 808 divina,
489 751 512 793 i.
539 767 573 793 e.
611 766 631 792 a
664 749 757 808 lege
791 763 958 795 aeterna
991 753 1122 796 active
1148 754 1187 794 in
1211 753 1306 797 Deo
1336 753 1543 797 existente

116 833 156 863 et
190 824 356 880 passive
391 824 431 866 in
468 822 643 866 homine
678 823 823 866 saltem
860 839 934 881 per
966 824 1151 867 naturale
1187 825 1361 867 rationis
1397 824 1541 868 lumen

113 898 321 952 impressa
356 911 400 938 ac
435 896 694 953 participata.
730 896 776 938 In
813 895 924 938 hunc
969 885 1149 939 sensum
1178 896 1282 939 dixit
1317 913 1348 940 s.
1384 890 1543 954 Augu-

118 969 258 1012 stinus
292 966 392 1025 (1):
425 965 682 1011 «Conditor
716 966 858 1023 legum
894 967 1214 1026 temporalium,
1242 969 1275 1011 si
1312 969 1372 1011 vir
1406 968 1544 1013 bonus

116 1052 180 1084 est
214 1052 255 1083 et
288 1039 480 1097 sapiens,
515 1038 626 1082 illam
677 1039 812 1096 ipsam
857 1039 1039 1083 consulit
1088 1053 1332 1098 aeternam,
1368 1040 1417 1085 de
1462 1057 1544 1100 qua

119 1110 223 1154 nulli
260 1111 425 1153 animae
460 1109 644 1153 iudicare
679 1109 824 1153 datum
860 1123 935 1168 est,
970 1123 1014 1154 ut
1063 1111 1300 1156 secundum
1347 1114 1436 1156 eius
1471 1114 1542 1157 in-

114 1182 438 1227 commutabiles
474 1181 640 1239 regulas
683 1182 785 1240 quid
837 1183 889 1225 sit
936 1199 1014 1240 pro
1059 1196 1254 1242 tempore
1302 1184 1542 1229 iubendum

111 1253 401 1298 vetandumve
437 1253 645 1297 discernat
670 1271 707 1296 ».
745 1254 795 1297 Et
830 1253 923 1296 alibi
948 1253 1032 1313 (2):
1072 1272 1093 1294 «
1113 1254 1231 1299 Nihil
1268 1267 1330 1299 est
1356 1256 1396 1299 in
1422 1268 1542 1300 tem-

112 1326 248 1386 porali
281 1326 373 1384 lege
407 1326 586 1380 iustum,
619 1325 736 1384 quod
771 1342 820 1370 ex
843 1339 1009 1370 aeterna
1032 1327 1125 1385 lege
1150 1343 1237 1371 non
1268 1327 1536 1373 derivetur.»

117 1399 244 1453 Quin
273 1400 362 1442 imo
397 1398 512 1442 idem
535 1397 729 1442 ethnicus
754 1399 923 1442 Tullius
949 1399 1055 1448 hanc
1090 1399 1297 1451 intellexit
1321 1402 1543 1445 veritatem

111 1472 310 1530 inquiens
346 1470 432 1529 (3):
475 1489 493 1511 «
513 1470 604 1514 Lex
638 1469 745 1513 nihil
769 1483 830 1513 est
853 1469 980 1524 aliud,
1005 1472 1083 1514 nisi
1119 1483 1229 1514 recta
1254 1484 1293 1515 et
1319 1489 1339 1515 a
1366 1474 1542 1517 numine

112 1544 308 1587 Deorum
358 1555 486 1586 tracta
535 1543 674 1599 ratio,
723 1543 939 1601 imperans
996 1542 1175 1587 honesta
1224 1543 1543 1604 prohibensque

111 1617 320 1660 contraria
339 1634 377 1659 n.

229 1689 365 1742 Quod
398 1702 541 1732 autem
568 1687 612 1746 β)
646 1700 806 1745 spectat
839 1686 889 1730 ad
923 1688 1010 1730 vim
1061 1686 1366 1746 obligativam‚
1404 1687 1540 1746 haec,

109 1772 154 1803 ut
189 1761 384 1818 superius
419 1761 459 1803 in
492 1759 602 1803 thesi
636 1760 855 1816 trigesima
888 1774 999 1802 nona
1027 1758 1309 1813 ostendimus,
1345 1760 1539 1817 exsurgit

108 1846 158 1874 ex
191 1831 423 1874 necessaria
456 1831 632 1873 actionis
667 1830 934 1873 connexione
969 1845 1066 1872 cum
1101 1828 1182 1872 fine
1217 1830 1381 1873 ultimo.
1413 1831 1531 1873 Iam-

107 1917 225 1960 vero,
248 1914 293 1944 ut
327 1902 368 1944 in
401 1901 509 1944 thesi
544 1900 871 1959 quadragesima
905 1900 1312 1958 demonstravimus,
1338 1901 1535 1959 princeps

109 1973 322 2018 humanus
347 1973 470 2017 habet
493 1972 667 2032 quidem
695 1975 734 2016 in
759 1974 884 2032 seipso
908 1985 1165 2032 potestatem
1184 1973 1379 2017 nectendi
1406 1974 1535 2017 actio-

109 2060 209 2089 nem
231 2060 329 2089 cum
349 2045 431 2089 fine
453 2044 606 2088 ultimo
625 2057 665 2088 et
683 2045 742 2088 sic
767 2044 969 2088 reddendi
989 2045 1201 2088 actionem
1222 2044 1539 2102 obligatoriam,

107 2131 260 2160 verum
280 2115 515 2160 illiusmodi
534 2128 791 2175 potestatem
812 2115 1089 2173 obligativam
1109 2131 1195 2159 non
1215 2114 1339 2159 habet
1356 2131 1380 2159 α
1395 2117 1539 2174 seipso,

109 2187 179 2232 sed
200 2203 250 2231 ex
267 2187 539 2233 ordinatione
559 2188 636 2231 Dei
657 2188 847 2245 supremi
867 2187 1180 2245 gubernatoris,
1196 2202 1277 2245 qua
1295 2186 1342 2230 ab
1364 2198 1537 2231 aeterno

201 2449 258 2494 (1)
289 2448 367 2484 Lib.
399 2447 440 2481 de
469 2459 549 2482 vera
578 2447 679 2492 relig.
707 2457 782 2492 cap,
816 2454 871 2490 31.

203 2509 260 2554 (2)
289 2508 368 2544 Lib.
403 2518 428 2542 x.
455 2508 498 2542 de
527 2507 587 2542 lib.
620 2507 693 2541 arb,
722 2518 799 2552 cap.
829 2518 863 2554 9.

203 2568 261 2615 (3)
290 2568 329 2602 In
358 2567 545 2616 Philippic.
577 2577 606 2601 2.
