1734 2784
689 105 950 157 —285-

97 209 241 242 autem
273 209 314 241 et
345 195 593 240 immediate
626 208 689 240 est
712 195 760 240 ab
785 196 961 240 homine
984 196 1055 256 (1)
1077 215 1084 241 :
1120 197 1187 241 lex
1207 212 1313 241 vero
1338 199 1524 256 positiva

97 265 242 313 divina
272 279 336 311 est
367 267 544 326 quidem
575 266 825 310 immediate
857 283 880 310 a
911 269 1037 326 Deo,
1070 269 1180 312 sicut
1201 267 1269 311 lex
1302 268 1521 324 naturalis,

97 338 173 383 sed
205 354 293 382 non
327 350 392 382 est
423 355 445 382 a
477 339 575 381 Deo
609 350 656 381 ut
687 351 863 381 auctore
896 351 1072 383 naturae
1096 375 1107 393 ‚
1143 338 1518 398 quemadmodum

72 411 162 472 ‚lex
193 408 410 467 naturalis,
428 409 502 454 sed
535 426 556 453 a
589 411 686 453 Deo
721 422 766 453 ut
800 422 972 454 auctore
1006 411 1169 455 ordinis
1203 411 1363 454 altioris
1403 423 1529 469 atque

96 481 272 526 indebiti
305 497 380 525 seu
413 480 760 539 supernaturalis.
782 480 909 524 Unde
931 481 992 538 fit,
1016 495 1063 525 ut
1085 482 1152 525 lex
1177 481 1319 525 divina
1342 483 1528 540 positiva

101 555 156 597 sit
189 552 368 612 speciale
401 552 567 596 donum
601 552 837 610 specialiter
871 553 1198 610 superadditum
1223 555 1304 611 ipsi
1338 566 1527 610 naturae,

97 640 219 669 secus
253 641 299 668 ac
332 625 399 668 lex
432 624 575 667 divina
608 624 822 678 naturalis,
857 641 961 682 quae
1002 638 1065 668 est
1106 626 1250 683 potius
1283 626 1525 683 proprietas

101 694 310 753 quaedam
344 695 582 738 necessario
631 711 899 753 consequens
952 697 1087 754 ipsam
1121 709 1315 739 naturam
1359 695 1443 754 (2).
1471 721 1527 728 —

98 765 314 810 Differunt
341 765 386 824 ὃ)
428 778 616 824 spectato
665 765 848 810 subiet-10.
897 767 985 809 Lex
1033 768 1147 809 enim
1196 767 1397 809 naturalis
1447 781 1527 824 pro

98 836 290 880 subiecto
322 835 447 880 habet
480 852 630 880 omnes
665 838 845 879 omnino
882 837 1098 890 homines,
1134 854 1207 881 seu
1243 851 1306 881 est
1351 839 1526 881 univer-

97 907 210 965 salis,
241 908 371 966 idque
404 910 648 952 necessario:
683 907 748 951 lex
783 921 925 951 autem
959 910 1143 966 positiva
1176 924 1264 952 non
1287 921 1350 952 est
1373 925 1527 952 neces—

97 980 212 1022 sario
246 979 511 1033 universalis,
547 980 742 1038 quamvis
766 995 857 1023 esse
880 981 1028 1037 possit.
1051 1006 1105 1012 -ψ
1125 980 1340 1023 Differunt
1371 981 1409 1039 ε)
1433 997 1528 1038 spe-

99 1051 217 1094 ctatis
243 1051 573 1109 proprietatibus.
610 1052 680 1095 Sic
715 1069 752 1094 v.
788 1067 827 1108 g
862 1051 931 1094 lex
965 1052 1187 1105 naturalis,
1214 1068 1336 1096 secus
1361 1069 1406 1095 ac
1440 1069 1528 1111 po—

100 1123 237 1179 sitiva,
271 1135 333 1166 est
365 1122 657 1166 immutabilis
688 1148 746 1154 —-
783 1122 998 1165 Differunt
1029 1123 1067 1182 )
1101 1136 1292 1181 spectato
1326 1126 1438 1181 signo
1475 1125 1519 1166 in

101 1209 188 1252 quo
222 1193 559 1237 manifestantur.
578 1195 668 1237 Lex
703 1195 818 1236 enim
853 1194 1069 1247 naturalis,
1098 1207 1246 1252 utpote
1271 1195 1522 1252 dependens

99 1281 122 1309 a
154 1264 373 1309 voluntate
415 1266 495 1308 Dei
529 1267 778 1319 necessaria,
814 1267 1042 1308 innotescit
1091 1266 1155 1309 vel
1203 1265 1298 1309 solo
1348 1266 1526 1309 naturali

100 1336 277 1380 rationis
309 1335 489 1393 lumine3
523 1352 644 1380 secus
679 1352 724 1379 ac
748 1336 817 1380 lex
843 1338 1164 1395 positiv;1‚quae
1190 1353 1288 1380 cum
1322 1337 1525 1395 procedat

99 1423 122 1450 a
153 1406 281 1450 libera
314 1405 570 1464 legislatoris
604 1407 840 1460 voluntate,
877 1407 1018 1465 aliquo
1053 1409 1254 1451 exteriori
1296 1410 1420 1465 signo
1455 1409 1525 1450 in-

100 1476 233 1536 diget,
265 1493 342 1536 per
373 1478 490 1537 quod
523 1480 720 1538 superior
752 1478 928 1522 liberam
964 1495 1084 1522 suam
1119 1479 1387 1523 voluntatem
1422 1479 1529 1523 sub-

100 1547 201 1592 ditis
235 1549 326 1591 suis
359 1548 594 1607 patefaciat.

219 1621 295 1665 III.
331 1621 647 1679 Comparemus
681 1621 856 1664 tandem
894 1621 1009 1678 legem
1043 1622 1277 1665 naturalem
1310 1638 1410 1665 eum
1434 1638 1527 1680 syn-

100 1691 226 1735 deresi
257 1704 298 1735 et
328 1694 567 1736 conscientia
601 1694 762 1736 morali.
788 1719 843 1725 -—
868 1694 924 1736 Ut
960 1693 1012 1736 ait
1046 1709 1077 1736 s.
1109 1693 1307 1737 Thomas
1334 1693 1422 1752 (3),
1457 1692 1527 1736 lex

100 1761 303 1806 naturalis
337 1764 531 1806 nominat
565 1764 656 1822 ipsa
688 1764 897 1822 principia
948 1765 1200 1808 universalia
1247 1766 1380 1808 iuris:
1426 1779 1524 1822 syn-

99 1833 260 1878 deresis
278 1834 700 1893 (τυντ-ήρησις)νθῖο
735 1836 929 1878 nominat
961 1835 1144 1879 habitum
1178 1852 1329 1890 eornm,
1349 1853 1423 1880 seu
1447 1851 1529 1894 po-

196 2056 255 2102 (1)
284 2056 457 2091 «Dicitur
481 2056 641 2090 humana
671 2056 740 2097 lex,
770 2055 850 2101 quia
875 2056 1034 2102 proxime
1063 2056 1106 2089 ab
1134 2055 1343 2090 hominibus
1384 2056 1529 2091 inventa

102 2123 137 2150 et
163 2116 281 2162 posita
307 2124 395 2150 θεῖ...
422 2115 483 2150 Εεῖ
511 2114 567 2150 lex
593 2115 753 2148 humana
781 2126 871 2160 opus
897 2114 1072 2156 hominis,
1103 2116 1145 2149 ab
1174 2115 1248 2149 eius
1288 2123 1467 2161 potestate
1496 2124 1529 2150 et

102 2174 292 2220 prudentia
319 2175 485 2220 proxime
512 2185 673 2216 manans,
699 2182 733 2208 et
760 2182 944 2220 tamquam
972 2173 1095 2218 regula
1136 2182 1170 2208 et
1197 2185 1365 2208 mensura
1395 2185 1528 2220 opera-

100 2234 243 2269 tionum
273 2233 423 2269 subditis
452 2234 613 2279 posita.»
641 2233 784 2275 Suara,
812 2232 854 2267 de
883 2232 949 2279 leg.
978 2233 999 2267 l.
1032 2244 1060 2267 1.
1089 2245 1117 2267 c.
1153 2244 1181 2277 3.
1209 2245 1244 2267 n.
1276 2244 1327 2277 17.

199 2293 256 2338 (2)
284 2292 378 2327 Vide
403 2293 485 2327 loca
513 2292 673 2338 superius
700 2293 759 2327 cit.
789 2303 830 2326 ex
858 2293 1037 2335 Suaresio,
1066 2304 1146 2338 pag.
1176 2294 1254 2329 281.

198 2351 256 2396 (3)
285 2351 324 2386 In
351 2361 382 2386 2.
409 2360 498 2386 sent.
526 2351 608 2386 dist.
639 2360 694 2393 24.
723 2363 755 2397 q.
784 2361 814 2385 2.
842 2363 870 2385 a.
898 2361 930 2394 4.
958 2352 994 2385 in
1022 2363 1121 2397 corp.
1151 2352 1194 2386 Et
1221 2352 1257 2385 in
1289 2363 1317 2386 1.
1348 2362 1378 2386 2.
1405 2363 1437 2398 q.
1465 2352 1528 2398 941

104 2422 136 2446 a.
170 2421 198 2446 1.
225 2410 269 2445 ad
298 2417 352 2445 2.¹¹¹
378 2410 466 2446 haec
494 2411 614 2446 habet:
647 2424 664 2442 «
681 2410 883 2456 synderesis
911 2411 1041 2445 dicitnr
1068 2411 1123 2445 lex
1164 2411 1371 2446 intellectus
1397 2411 1526 2454 nostri,

102 2470 316 2517 inquantum
344 2479 395 2505 est
421 2470 566 2505 habitus
593 2471 783 2505 continens
803 2479 995 2516 praecepta
1020 2471 1109 2517 legis
1128 2471 1314 2513 naturalis,
1333 2482 1425 2517 quae
1444 2479 1529 2505 sunt

103 2528 218 2574 prima
243 2527 417 2574 principia
445 2539 596 2574 operum
623 2527 913 2562 humanorum.»
946 2528 1039 2563 Vide
1067 2529 1176 2563 etiam
1204 2538 1342 2575 quaest.
1370 2529 1459 2575 disp.
1489 2528 1533 2563 de

104 2586 206 2622 verit.
233 2595 367 2634 quaest.
394 2587 508 2627 XVI„
536 2588 595 2622 ubi
623 2587 666 2621 de
694 2586 878 2632 synderesi
906 2587 1052 2633 egregie
1080 2595 1219 2622 tractat.
