1734 2784
768 84 1002 139 -73-

172 195 282 235 inus,
317 178 418 220 illud
442 179 566 220 etiam
592 177 793 220 volumus
828 189 1031 229 statuere,
1055 175 1241 232 beatum,
1259 188 1305 218 ut
1328 176 1420 220 talis
1445 193 1592 235 reapse

171 251 237 305 sit,
262 249 412 291 debere
432 248 540 290 illius
571 248 864 305 perpetuitatis
893 257 1040 290 certam
1063 249 1325 303 cognitionem
1364 246 1517 292 habere
1550 260 1591 292 et

171 333 479 377 cousequenter
512 321 762 362 securitatem
797 317 981 375 plenam,
1017 333 1061 360 se
1105 330 1300 374 tantum,
1334 317 1451 376 quod
1486 333 1589 376 pos-

171 391 295 445 sidet,
322 391 480 433 bonum
513 405 747 447 numquam
775 390 815 431 in
841 402 1095 447 perpetuum
1121 390 1396 432 amissurum.
1420 390 1595 433 Utram-

170 478 252 519 que
285 477 382 503 sane
416 462 636 504 veritatem
671 472 985 516 argumentum,
1010 459 1127 517 quod
1152 459 1390 517 afferemus,
1411 459 1592 504 demon-

171 546 286 576 strat.
322 533 405 576 Sed
440 534 555 590 prius
590 533 724 589 aliqua
757 543 853 573 sunt
888 530 937 574 de
972 531 1214 574 aeternitate
1248 531 1568 589 praemittenda.

290 605 526 647 Aeternitas
562 604 708 646 stricto
744 618 869 645 sensu
915 615 1081 659 accepta
1129 615 1191 645 est
1240 603 1460 646 existentia
1502 604 1596 647 sine

172 677 306 731 initi0,
342 677 429 717 sine
463 674 549 716 ullo
583 674 681 725 fine,
721 674 810 716 sine
860 674 1144 730 successione,
1177 689 1267 729 seu,
1305 686 1351 716 ut
1384 673 1591 717 celebrem

173 747 306 788 Boetii
340 745 410 803 (Ι)
444 745 735 788 definitionem
781 743 1019 800 afferamus,
1070 743 1437 787 «interminabilis
1483 746 1593 788 vitae

169 830 257 859 tota
284 816 411 859 simul
445 829 484 859 et
518 815 699 873 perfecta
733 816 963 873 possessio.
993 833 1012 855 ))
1059 817 1175 858 Haec
1208 816 1447 868 aeternitas,
1483 832 1591 874 quae

171 890 209 930 in
246 905 324 930 suo
360 900 567 946 conceptu
603 887 702 931 dicit
746 886 1051 944 perfectionem
1086 886 1334 943 simpliciter
1366 886 1592 940 infinitam,

170 973 231 1002 est
256 961 424 1017 propria
456 960 587 1002 solius
613 960 704 1002 Dei.
732 961 896 1002 Verum
930 959 1069 1001 latiori
1104 975 1228 1001 sensu
1265 960 1488 1002 aeternitas
1523 972 1590 1002 est

171 1030 352 1086 duratio,
407 1046 513 1088 quae
563 1031 800 1072 successiva
848 1043 926 1086 est,
973 1046 1060 1072 non
1115 1043 1256 1072 autem
1310 1042 1398 1073 tota
1447 1030 1590 1083 simul,

171 1118 361 1159 quaeque
394 1101 476 1144 fine
510 1100 682 1158 quidem
719 1114 843 1156 caret,
876 1115 963 1143 non
997 1113 1137 1142 autem
1177 1101 1400 1158 principio.
1435 1102 1590 1144 Aeter-

171 1175 276 1216 nitas
312 1173 393 1215 lioc
427 1173 565 1215 latiori
600 1188 725 1215 sensu
761 1185 945 1229 accepta,
967 1187 1053 1214 non
1078 1185 1139 1215 est
1164 1171 1324 1214 infinita
1345 1173 1592 1230 simpliciter,

171 1244 243 1287 sed
276 1244 578 1286 tantummodo
613 1244 833 1287 secitndum
866 1243 978 1301 quid,
1022 1256 1084 1287 est
1116 1243 1312 1287 videlicet
1361 1243 1591 1288 indefinita.

171 1317 236 1358 De
270 1316 343 1358 hac
378 1315 453 1357 alia
487 1316 748 1371 aeternitate,
782 1331 887 1372 quae
922 1317 1121 1358 creaturis
1172 1317 1398 1359 convenire
1433 1328 1590 1373 potest,

171 1387 336 1442 agimus
371 1386 446 1428 lisic
480 1387 521 1427 in
555 1386 675 1429 thesi.

291 1470 356 1512 27.
394 1458 780 1500 DEMONSTRATIO.
816 1459 881 1499 De
916 1458 1077 1499 ratione
1111 1469 1151 1499 et
1179 1457 1359 1499 essentia
1384 1456 1591 1514 perfectae

169 1528 439 1570 beatitudinis
463 1540 539 1584 est,
563 1541 609 1570 ut
633 1543 809 1571 omnem
834 1544 1007 1585 prorsus
1032 1529 1297 1581 anxietatem,
1317 1541 1501 1581 metum,
1527 1543 1590 1571 er-

171 1615 328 1652 rorem,
363 1615 449 1641 uno
483 1599 629 1651 verbo,
667 1615 795 1642 omne
829 1599 990 1642 malum
1025 1599 1228 1642 excludat.
1253 1600 1384 1657 Atqui
1414 1600 1448 1642 si
1482 1611 1592 1643 esset

172 1674 442 1729 temporaria,
476 1673 558 1715 iam
594 1688 681 1714 non
715 1671 954 1715 excluderet
989 1687 1118 1714 omne
1163 1671 1337 1714 malum.
1388 1672 1503 1728 Ergo
1539 1670 1590 1714 de

173 1743 333 1785 ratione
369 1742 574 1799 perfectae
608 1742 812 1785 beatitatis
862 1755 924 1785 est
947 1778 957 1795 ‚
994 1755 1038 1785 ut
1081 1759 1167 1785 non
1217 1743 1473 1800 temporaria
1519 1743 1590 1796 sit,

170 1916 286 1949 posse.
315 1904 488 1945 Quamvis
516 1904 596 1937 hinc
626 1903 732 1938 etiam
761 1912 854 1937 recte
882 1903 1109 1949 colligamus,
1132 1914 1211 1937 eam
1231 1903 1347 1937 amitti
1377 1914 1450 1937 non
1469 1914 1586 1948 posse,

158 1965 199 1997 -si
227 1963 416 2009 loquamur
444 1963 484 1996 de
513 1964 674 2007 potentia
703 1964 918 2008 propinqua.
947 1963 1045 1997 Sicut
1074 1962 1172 1996 enim
1212 1962 1308 1996 iuxta
1342 1961 1591 2008 Philosophos

171 2023 207 2055 in
236 2022 387 2056 aeternis
414 2021 507 2055 idem
537 2031 598 2063 est,
628 2033 703 2056 esse
732 2031 764 2068 et
791 2034 894 2067 posse
922 2032 1008 2062 esse,
1038 2023 1084 2055 ita
1111 2033 1182 2055 non
1211 2032 1288 2055 esse
1317 2030 1350 2055 et
1378 2032 1452 2055 non
1483 2032 1590 2067 posse

172 2092 260 2115 esse.
298 2081 387 2114 Fieri
415 2081 512 2114 enim
540 2082 676 2126 nequit,
705 2090 741 2115 ut
770 2090 916 2115 aeterno
943 2090 1107 2126 tempore
1135 2081 1178 2115 sit
1204 2080 1337 2127 aliquid
1364 2081 1400 2115 in
1428 2080 1589 2126 potentia

173 2141 376 2185 propinqua
399 2149 432 2174 et
459 2140 501 2173 ad
528 2149 647 2174 actum
676 2140 851 2185 expedita,
879 2140 974 2186 quod
1002 2152 1199 2186 numquam
1230 2148 1329 2174 exeat
1357 2140 1393 2174 in
1421 2149 1588 2182 actum‚»

170 2199 222 2232 Ita
249 2198 402 2240 Lessins,
430 2199 471 2232 de
499 2210 642 2233 summo
671 2200 768 2233 bono
797 2199 818 2233 Ι,
846 2200 905 2233 ΙΙΙ,
934 2212 965 2234 a.
995 2200 1059 2234 IX.

267 2259 323 2302 (Ι)
351 2260 404 2292 De
432 2258 608 2292 consolat.
639 2258 773 2292 Philos.
802 2259 861 2292 lib.
882 2260 924 2292 V.
945 2271 993 2304 pr.
1022 2258 1053 2292 6.
1074 2260 1115 2293 Et
1143 2258 1250 2304 paulo
1277 2268 1358 2305 post
1387 2260 1432 2293 ita
1458 2258 1587 2305 pergit:

174 2331 190 2345 «
212 2316 322 2360 Quod
350 2318 620 2351 interminabilis
648 2318 739 2350 vitae
766 2318 1027 2361 plenitudinem
1055 2327 1171 2352 totam
1198 2318 1330 2363 pariter
1350 2318 1592 2363 comprehen-

175 2374 223 2408 dit
251 2387 289 2408 ac
318 2376 488 2420 possidet,
517 2376 572 2410 cui
601 2388 665 2410 nec
694 2375 799 2410 futuri
820 2377 1012 2423 quidquam
1031 2378 1122 2411 absit
1148 2388 1213 2411 nec
1241 2377 1418 2422 praeteriti
1440 2376 1589 2419 fluxerit,

173 2434 207 2466 id
235 2444 417 2468 aeteruum
446 2447 521 2469 esse
549 2437 621 2470 iure
649 2436 864 2481 perhibetur:
897 2436 1000 2482 idque
1028 2447 1174 2470 necesse
1211 2445 1262 2471 est
1289 2444 1321 2470 et
1350 2437 1403 2470 sui
1437 2446 1590 2481 compos

172 2505 339 2538 praesens
367 2495 430 2527 s³bi
459 2506 601 2539 semper
628 2495 796 2529 adsistere
825 2502 856 2528 et
887 2495 1101 2529 infinitatem
1129 2495 1275 2529 mobilis
1314 2495 1491 2539 temporis
1527 2493 1591 2527 ha-

172 2552 254 2586 bere
283 2564 552 2597 praesentem.»
