1734 2784
719 118 983 160 -252-

141 200 208 255 gis
245 199 328 257 (1).
364 198 567 242 Ostendit
605 211 746 242 autem
796 200 1019 257 proprium
1066 199 1266 243 eflectum
1316 199 1421 256 legis
1470 215 1562 243 esse

144 270 278 313 facere
310 269 503 313 subditos
537 270 674 313 bonos
709 271 750 313 in
784 286 835 313 eo
868 285 1042 328 genere,
1077 271 1120 314 in
1153 286 1240 328 quo
1268 283 1367 314 sunt
1389 270 1559 316 subditi.

146 342 191 384 E.
227 358 267 397 g.
303 343 500 399 proprius
534 341 706 385 effectus
738 341 845 400 legis
879 341 1011 385 civilis
1045 354 1108 385 est
1140 342 1276 385 facere
1323 342 1460 386 bonos
1500 344 1563 386 ci-

144 429 234 466 ves,
270 412 373 469 legis
407 413 709 457 ecclesiasticae
742 413 879 457 bonos
914 413 1072 459 fideles.
1105 414 1154 458 Id
1177 427 1320 458 autem
1354 413 1421 458 lex
1445 431 1564 473 prae-

143 496 225 526 stat
260 485 509 541 insperando,
541 485 730 542 vetando,
759 486 1037 543 permittendo,
1060 486 1282 544 puniendo,
1307 487 1380 544 qui
1402 487 1564 544 proprii

147 567 245 597 sunt
268 554 373 611 legis
400 565 513 599 actus
536 555 620 614 (2)
641 556 755 599 Cum
790 569 932 599 autem
967 556 1023 610 id,
1057 556 1174 615 quod
1199 569 1261 600 est
1295 569 1564 614 postremum

148 626 189 667 in
214 627 479 683 executione,
513 628 565 669 sit
589 628 781 684 primum
806 628 848 670 in
874 628 1111 670 intentione
1135 629 1311 685 agentis,
1339 627 1438 670 hinc
1470 626 1566 670 finis

143 697 273 739 etiam
309 697 416 754 legis
450 710 511 740 est
545 697 679 741 facere
713 698 906 741 subditos
939 698 1092 742 bonos.

632 875 980 920 ARTICULUS
1014 876 1089 918 III.

571 1003 652 1044 De
693 1004 831 1055 lege
872 1004 1151 1045 aeterna.

272 1137 339 1189 96.
375 1134 603 1190 Agendum
655 1134 737 1175 iam
772 1145 834 1175 est
884 1132 933 1175 de
967 1132 1164 1190 singulis,
1215 1149 1318 1190 quas
1367 1134 1407 1175 in
1442 1133 1574 1190 priori

153 1205 443 1265 praecedentis
478 1205 650 1248 theseos
685 1203 896 1246 divisione
929 1205 1293 1256 enumeravimus,
1327 1203 1491 1260 iegibus
1531 1205 1573 1246 in

155 1277 404 1335 particulari.
439 1279 501 1319 Ac
535 1277 676 1334 primo
711 1276 886 1333 quidem
920 1278 1016 1320 loco
1052 1275 1281 1318 dicendum
1315 1288 1377 1318 est
1406 1275 1457 1318 de
1481 1275 1574 1332 lege

153 1359 315 1392 aeterna
352 1367 373 1387 ‹<
408 1361 582 1406 propter
606 1364 725 1390 suam
758 1347 1010 1404 dignitatem
1036 1360 1074 1390 et
1098 1346 1389 1389 excellentiam
1415 1358 1454 1389 et
1478 1347 1575 1403 quia

155 1435 217 1465 est
256 1422 400 1477 legum
450 1421 647 1462 omnium
696 1419 793 1462 fons
843 1432 883 1462 et
932 1419 1109 1474 origo»
1157 1417 1231 1475 (3).
1282 1418 1383 1459 Duo
1432 1429 1574 1460 autem

157 1495 381 1552 praecipue
415 1493 698 1550 inquiremus,
732 1506 785 1533 an
818 1492 870 1534 sit
903 1491 967 1533 lex
1001 1502 1166 1532 aeterna
1201 1500 1240 1531 et
1274 1489 1472 1546 quidnam
1509 1491 1576 1532 sit.

158 1564 293 1622 Quod
328 1565 360 1606 si
385 1579 464 1606 nos
499 1563 549 1606 de
582 1563 675 1620 lege
709 1562 785 1605 hac
817 1574 988 1605 aeterna
1019 1560 1203 1617 breviu8‚
1238 1575 1367 1617 quam
1401 1559 1452 1602 de
1486 1559 1574 1602 aliis

157 1637 319 1694 legibus
354 1636 628 1690 disseremus,
661 1635 823 1678 nemini
856 1634 899 1676 id
932 1633 1125 1676 videatur
1173 1633 1344 1675 mirum.
1381 1632 1442 1675 Ita
1474 1648 1577 1689 age-

158 1725 255 1752 mus
290 1722 382 1751 tum
418 1708 515 1765 quia
548 1720 715 1750 aeterna
747 1706 812 1748 lex
845 1718 1037 1763 respectu
1086 1705 1222 1747 nostri
1272 1719 1359 1746 non
1403 1705 1459 1745 ita
1491 1705 1578 1745 im-

160 1781 341 1824 mediate
376 1796 449 1837 per
483 1795 525 1822 se
559 1780 695 1836 ipsam
743 1777 977 1834 applicatur
1025 1775 1076 1818 ad
1116 1790 1274 1817 munus
1325 1791 1397 1817 seu
1449 1790 1575 1816 usum

158 1855 279 1911 legis,
313 1854 420 1894 sicut
453 1850 714 1908 applicantur
750 1861 928 1900 ceterae,
952 1860 1045 1890 tum
1070 1847 1168 1904 quia
1203 1861 1355 1901 magna
1386 1863 1435 1889 ex
1462 1858 1578 1903 parte

159 1925 361 1970 confundi
393 1923 500 1966 solet
534 1938 632 1965 cum
682 1919 948 1978 providentia
996 1918 1151 1973 divina,
1201 1930 1245 1960 ut
1295 1917 1408 1960 idem
1453 1917 1579 1960 docet

163 1998 388 2043 Suaresius
422 1995 505 2052 (4).
540 1995 627 2037 Iam
663 1992 756 2035 data
790 2007 916 2048 opera
966 1990 1017 2033 de
1050 1989 1319 2047 providentia
1361 1988 1500 2031 divina
1533 1987 1578 2030 fit

163 2069 355 2127 quaestio
390 2068 431 2109 in
467 2064 711 2120 Theologia
745 2061 937 2106 naturali.

260 2219 316 2264 (ι)
344 2219 382 2251 In
417 2226 441 2250 1.
473 2225 502 2248 2.
531 2226 564 2259 q.
594 2222 651 2258 92.

261 2279 317 2323 (2)
349 2291 364 2308 «
390 2275 595 2309 Praemiare
622 2283 695 2306 non
724 2272 867 2316 ponitur
893 2279 991 2304 actus
1018 2269 1124 2316 legis,
1154 2269 1216 2303 sed
1244 2269 1364 2303 solum
1399 2269 1533 2314 punire.
1563 2282 1580 2300 »

166 2338 272 2373 Ratio
300 2345 419 2370 autem
448 2342 513 2375 est,
544 2333 624 2378 quia
654 2343 671 2361 «
701 2330 897 2375 praemiare
933 2337 1052 2374 potest
1089 2329 1132 2362 ad
1159 2328 1357 2374 quemlibet
1390 2328 1580 2372 pertinere:

166 2397 227 2432 sed
256 2397 381 2442 punire
406 2406 479 2428 non
506 2391 659 2438 pertinet
685 2390 754 2424 nisi
781 2389 824 2424 ad
850 2390 1055 2423 ministrum
1098 2387 1200 2433 legis,
1241 2387 1339 2421 cuius
1373 2387 1584 2421 auctoritate

167 2469 285 2503 poena
314 2455 476 2490 infertur.
504 2467 521 2486 »
552 2453 602 2486 Ita
629 2464 655 2486 s.
684 2451 742 2486 Th
780 2450 802 2485 l.
829 2450 888 2484 cit.

263 2517 318 2561 (3)
347 2516 397 2549 Ita
424 2515 562 2555 Suarez,
591 2512 634 2546 de
660 2512 729 2558 leg.
756 2510 778 2544 l.
807 2510 849 2546 ΙΙ.
877 2510 911 2543 in
940 2507 1187 2556 praeambulo.

269 2575 324 2619 (4)
354 2573 440 2607 Ibid.
468 2573 537 2607 loc.
564 2582 657 2605 nunc
686 2572 742 2605 cit.
