1734 2784
735 130 787 136 ··“
820 117 905 160 475
940 128 997 137 -

150 201 330 245 Thesis
363 201 571 246 XXXIV.
607 225 665 233 —-
696 200 787 243 Lex
819 199 1025 242 naturalis
1060 197 1279 242 secundm
1317 212 1355 240 se
1388 196 1458 239 in-

329 275 460 329 sp‘ectcz
492 273 671 315 consistit
703 272 744 314 in
779 269 1004 313 moralibus
1052 269 1132 312 illis
1184 266 1454 311 enunciabili-

330 342 416 396 bus,
433 357 535 400 quae
552 343 594 385 in
610 341 874 385 naturalibus
887 341 1060 384 rationis
1072 341 1272 398 practicae
1292 337 1450 382 indiciis

329 415 599 458 contintrntur.

253 505 331 530 102.
359 496 605 530 Declaratio.
632 514 678 520 —
704 494 910 540 Descriptio
938 493 1029 540 legis
1056 492 1228 528 naturalis
1247 504 1288 526 ex
1308 502 1336 526 s.
1356 490 1456 525 Tho-

341 565 401 588 ma
428 574 472 580 —
500 566 543 588 ex
569 554 734 589 Suaresio
741 576 1452 590 .............

253 614 566 656 103..Scholion.
614 635 631 637 —
664 613 908 658 ‚Comparatio
948 612 1040 657 legis
1077 611 1250 645 naturalis
1291 629 1334 636 —
1372 619 1454 642 cum

343 673 422 719 lege
437 681 581 707 aeterna
596 693 640 698 —-
656 684 736 706 cum
757 673 837 717 lege
858 672 1010 718 positiva
1031 691 1074 697 —
1095 671 1215 704 divina
1234 690 1277 695 —
1296 669 1455 702 humana

343 752 387 757 —
415 744 496 766 cum
525 733 709 777 synderesi
739 751 772 756 --
807 742 887 765 cum
916 731 1135 765 conscientia
1164 729 1302 763 morali.
1331 755 1338 762 .

249 792 281 837 §.
308 792 366 826 III.
397 791 579 836 Quodnam
605 794 645 826 sit
666 791 845 838 proprium
874 791 954 836 legis
981 790 1149 824 naturalis
1175 789 1348 823 obiectum.
1388 814 1396 822 .
1444 814 1454 824 .

150 861 336 905 Thesis
370 861 560 905 XXXV.
595 887 651 894 —
687 862 908 918 Proprium
950 860 1040 917 Iegis
1088 859 1295 901 naturalis
1344 855 1454 899 obie-

329 941 438 976 ctum
476 941 570 975 sunt
602 934 772 975 actiones
806 931 897 974 illae
944 931 1163 982 lmnmnae,
1213 943 1315 986 qnae
1357 935 1452 970 stmt

325 1003 533 1062 praeditae
567 1005 784 1047 intrinseca
832 1003 1074 1054 moralitate,
1117 1001 1162 1044 ob
1196 1015 1318 1058 qnam
1367 999 1456 1041 exi-

327 1084 430 1132 gunt
459 1074 667 1132 prohiberi
698 1074 765 1117 vel
801 1075 991 1132 praecipi.

254 1166 329 1199 104.
355 1158 666 1192 Praenotiones.
694 1176 738 1183 -
766 1158 805 1190 In
832 1157 912 1201 lege
939 1156 1091 1190 naturali
1119 1156 1205 1190 haec
1233 1163 1313 1189 sunt
1348 1164 1451 1199 prae—

340 1217 444 1262 cipue
471 1216 736 1262 distingucnda:
764 1237 806 1241 ——
835 1216 913 1261 ipsa
941 1216 996 1250 lex
1023 1215 1220 1249 secundum
1241 1226 1276 1247 sc
1297 1216 1455 1258 inspecta

345 1295 383 1300 -
414 1276 486 1309 eius
515 1275 608 1309 lator
634 1294 678 1300 -
706 1275 816 1320 ipsius
856 1275 1108 1320 promulgator
1140 1285 1201 1307 seu
1241 1283 1370 1318 praeco
1411 1289 1454 1296 -

339 1334 513 1376 subditus,
543 1335 597 1368 cui
615 1332 736 1376 fertur,
757 1346 934 1380 quemque
967 1334 1055 1378 ligat
1087 1333 1270 1367 moraliter
1294 1351 1336 1356 --
1354 1331 1451 1365 obie-

341 1403 438 1429 ctum
467 1394 561 1439 quod
588 1395 733 1439 respicit
760 1405 823 1428 seu
853 1395 1005 1428 materia
1033 1395 1125 1427 circa
1153 1405 1257 1439 quam
1279 1400 1448 1425 versatur.

252 1463 325 1497 105.
352 1454 672 1488 Demonstratio.
689 1472 732 1479 —
756 1464 781 1487 1.
798 1453 907 1498 Legis
926 1453 1096 1487 naturalis
1112 1452 1335 1498 prohibentis
1355 1452 1451 1485 obie-

341 1520 438 1545 ctum
457 1521 539 1546 sunt
556 1512 719 1546 actiones
737 1523 865 1546 omnes
883 1524 925 1545 ex
945 1524 980 1546 se
1000 1510 1117 1545 malae
1139 1531 1181 1536 -
1204 1510 1455 1556 praecipientis

341 1571 522 1605 obiectum
549 1580 630 1605 sunt
659 1571 819 1605 actiones
846 1572 891 1605 ita
919 1582 961 1604 ex
989 1582 1024 1604 se
1045 1572 1171 1613 bonae,
1192 1579 1227 1604 ut
1248 1582 1368 1603 earum
1389 1580 1453 1615 op-

341 1632 499 1676 positum
527 1631 569 1665 sit
597 1642 639 1664 ex
666 1642 703 1664 se
730 1630 879 1664 malum.
908 1650 950 1655 -
978 1630 1051 1664 Lex
1071 1630 1242 1664 naturalis
1262 1630 1454 1675 prohibens

340 1689 477 1735 obligat
505 1701 648 1734 semper
675 1698 708 1723 et
735 1701 798 1735 pro
826 1700 968 1734 semper
1000 1709 1040 1714 —-
1067 1689 1287 1734 praecipiens
1314 1688 1454 1734 obligat

341 1759 485 1794 semper
511 1748 572 1782 sed
592 1759 665 1782 non
686 1759 750 1793 pro
771 1759 927 1793 semper.
946 1767 990 1772 —
1011 1757 1041 1782 2.
1060 1749 1115 1782 De
1135 1748 1335 1782 actionibus
1355 1759 1397 1780 ex
1416 1758 1453 1780 se

337 1809 457 1850 bonis,
488 1820 561 1842 non
589 1816 712 1842 tamen
740 1809 800 1851 ita,
829 1817 866 1842 ut
895 1819 1016 1842 earum
1045 1809 1253 1852 oppositum
1275 1809 1318 1842 sit
1345 1819 1387 1840 ex
1414 1818 1451 1841 se

341 1869 498 1903 malum:
527 1888 570 1894 -
592 1869 777 1914 quomodo
807 1880 868 1903 eae
886 1881 922 1902 se
943 1869 1101 1902 habeant
1115 1869 1158 1902 ad
1178 1869 1294 1913 legem
1313 1878 1455 1903 natura-

338 1928 422 1963 lem.
450 1949 492 1953 —
524 1937 552 1971 3.
572 1928 818 1969 Quandonam
848 1928 980 1974 aliquid
1000 1929 1042 1963 sit
1059 1928 1100 1962 de
1125 1928 1203 1975 lege
1222 1928 1374 1962 natm-ali
1394 1939 1455 1962 ne-

341 1989 462 2035 gative
494 2009 527 2014 -
560 1987 704 2034 quando
725 1988 889 2034 positive.
911 2007 954 2013 —
974 1988 1163 2029 Quantum
1200 1997 1357 2033 spectata
1376 1999 1453 2022 ma-

338 2048 424 2082 teria
452 2058 513 2081 seu
541 2047 698 2089 obiecto,
728 2046 784 2080 lex
813 2047 964 2092 positiva
993 2047 1132 2082 differat
1152 2059 1169 2080 a
1191 2048 1270 2092 lege
1289 2045 1450 2081 naturali.

249 2111 324 2148 106.
353 2113 563 2147 Scholion.
590 2130 634 2136 —
666 2122 691 2145 1.
717 2112 812 2154 Quid
841 2112 884 2146 sit
911 2112 1105 2146 intrinseca
1134 2113 1332 2152 moralitas,
1362 2122 1452 2157 quae

339 2172 457 2206 existit
484 2170 739 2205 antecedenter
772 2171 814 2204 ad
855 2171 971 2217 legem
1014 2170 1227 2211 naturalem,
1268 2180 1450 2215 tamquam

339 2231 411 2264 eius
440 2231 622 2264 obiectum
641 2241 680 2264 ac
699 2229 987 2264 fundamentum.
1015 2249 1058 2255 -
1088 2240 1118 2264 2.
1141 2229 1340 2272 Quomodo
1367 2237 1450 2263 ante

340 2289 459 2336 legem
488 2288 688 2323 naturalem
709 2289 845 2324 admitti
867 2299 971 2335 queat
999 2289 1198 2331 moralitas,
1221 2300 1301 2322 cum
1329 2290 1451 2323 omnis

337 2349 522 2384 moralitas
550 2349 686 2384 dicatur
713 2360 854 2394 semper
881 2360 941 2395 per
968 2349 1133 2383 ordinem
1161 2360 1222 2383 seu
1262 2360 1453 2394 compara-

339 2409 477 2443 tionem
504 2408 546 2442 ad
575 2408 707 2454 legem:
741 2428 778 2433 —
809 2409 999 2453 exponitur
1039 2407 1199 2442 doctrina
1239 2408 1307 2442 hac
1334 2408 1376 2442 de
1415 2419 1452 2442 re

338 2467 657 2502 Scholasticorum.
684 2487 728 2493 —
756 2469 809 2501 De
837 2467 960 2501 effato:
999 2479 1071 2502 non
1112 2479 1221 2502 omne
1262 2476 1449 2513 peccatum

339 2527 420 2561 ideo
447 2536 500 2562 est
526 2526 662 2560 malum
682 2527 763 2572 quia
791 2526 1026 2571 prohibitum:
1047 2547 1092 2552 —-
1116 2527 1310 2573 explicatur
1335 2527 1453 2561 verbis

339 2597 365 2620 s.
394 2585 574 2621 Thomae.
601 2605 645 2612 —
674 2586 759 2631 3.In
787 2597 858 2631 quo
880 2586 1042 2620 radicalis
1061 2586 1135 2632 ipsa
1154 2585 1449 2621 seusundamen-

1447 442 1457 453 .
1491 421 1591 463 279

1529 548 1574 582 ib.

1449 755 1457 762 .
1509 725 1575 759 282

1507 784 1571 827 283

1518 1067 1572 1111 ib.

1525 1389 1570 1423 ib.

1503 2046 1568 2080 288
