1734 2784
755 80 1020 122 -188—

178 176 382 219 destituto
417 190 569 217 (nunes
615 190 747 232 aeque
794 175 982 217 actiones
1032 185 1173 216 essent
1221 172 1507 217 indifferentes
1556 174 1598 216 in

179 263 331 303 genere
366 262 553 300 morum,
587 261 663 289 nec
713 245 890 303 proinde
924 245 1015 288 talis
1067 245 1202 288 homo
1247 245 1506 302 reperiretur
1555 246 1598 288 in

181 331 289 361 statu
325 319 429 374 viae,
452 319 490 360 in
520 333 605 375 quo
625 317 675 360 ad
705 317 944 360 felicitatem
959 315 1193 374 perfectam
1218 315 1390 359 tendere
1420 332 1598 374 eamque

180 389 303 431 bouis
338 389 496 432 actibus
530 388 606 430 sibi
644 403 888 445 comparare
923 400 1082 445 posset.

309 479 328 501 «
364 460 574 518 Duplicia,
608 459 746 502 verbis
781 459 1030 503 concludam
1068 460 1219 502 Becani
1253 459 1339 518 (Ι),
1377 471 1474 502 sunt
1498 475 1602 517 pec-

182 544 271 574 cata
294 548 368 574 sen
394 532 512 575 mala:
549 532 754 589 quaedam
791 544 966 589 propter
999 531 1137 574 solam
1160 530 1498 588 prohibitionem
1520 531 1602 574 Dei

186 603 252 646 vel
287 605 532 661 superioris,
567 602 769 660 quaedam
807 620 855 645 ex
894 615 1040 646 natura
1075 619 1150 645 sua
1183 615 1280 645 sunt
1330 602 1437 646 talia.
1472 604 1525 646 V.
1560 618 1600 659 g.

185 675 409 717 comedere
443 692 491 717 ex
524 675 642 731 ligno
676 675 872 717 scientiae
905 674 1005 717 boni
1042 687 1081 717 et
1115 674 1228 731 mali,
1264 675 1373 717 vesci
1410 673 1603 718 carnibus

185 745 251 789 die
276 747 456 789 Veneris
481 759 519 788 et
554 745 736 802 Sabbati,
765 746 1016 788 contrahere
1040 745 1352 789 clandestinum
1380 746 1607 788 matrimo-

184 820 319 871 nium,
355 830 452 860 sunt
486 818 658 875 quidem
694 817 816 875 mala,
850 834 936 861 non
970 831 1113 860 tamen
1147 835 1196 860 ex
1230 831 1378 861 natura
1411 833 1504 870 sua,
1530 816 1604 860 sed

186 890 326 932 solum
362 891 459 947 quia
492 889 728 947 prohibita:
765 889 951 946 alioquin
987 907 1035 933 ex
1073 902 1220 932 natura
1243 906 1318 932 sua
1342 901 1440 932 sunt
1473 888 1604 932 indit-

187 961 374 1018 ferentia,
409 975 448 1004 et
481 974 660 1018 possunt
694 961 798 1004 bene
831 960 921 1003 fieri
955 963 989 1003 si
1024 976 1111 1004 non
1146 960 1465 1018 prohibeantur,
1499 959 1608 1002 male

188 1033 219 1074 si
255 1032 570 1090 prohibeantur.
595 1033 649 1074 At
674 1031 818 1084 furari,
851 1031 1104 1084 adulterare,
1129 1031 1440 1088 blasphemare,
1466 1029 1609 1073 odisse

189 1104 348 1154 Deum,
385 1119 433 1144 ex
467 1114 613 1145 natura
647 1117 721 1144 sua
755 1101 862 1144 m'ala
895 1116 1007 1159 sunt,
1039 1115 1078 1145 et
1124 1117 1365 1159 numquam
1414 1101 1519 1144 bene
1562 1116 1608 1142 ac

193 1187 307 1217 recte
340 1173 428 1216 fieri
465 1186 706 1230 possunt».

311 1260 382 1300 70.
419 1246 829 1302 Seiiotioxfftaquc
863 1245 969 1288 duae
1003 1258 1105 1288 sunt
1138 1246 1335 1288 veritates
1370 1257 1485 1288 extra
1511 1259 1610 1287 con-

190 1319 442 1360 troversiam
479 1319 655 1374 positae.
675 1342 731 1350 —
760 1318 835 1376 1.⁰)
860 1318 1011 1360 Existit
1037 1317 1268 1360 discrimen
1304 1318 1412 1359 inter
1448 1316 1612 1359 bonum

192 1401 230 1431 et
265 1387 424 1430 malum
459 1387 633 1441 morale,
659 1405 732 1431 seu
769 1388 922 1431 dantur
955 1389 1145 1431 actiones
1180 1387 1314 1430 bonae
1349 1399 1389 1430 et
1422 1387 1611 1429 actiones

193 1459 326 1501 malae
360 1459 589 1515 moraliter,
623 1459 805 1515 brevius,
841 1460 981 1502 existit
1018 1458 1248 1502 moralitas.
1269 1484 1325 1491 —
1346 1458 1427 1517 2.‘')
1461 1457 1613 1500 Existit

194 1533 320 1574 etiam
355 1531 582 1574 discrimen
619 1533 875 1574 intrinsecmn
908 1532 1016 1573 inter
1050 1530 1214 1573 bonum
1250 1542 1289 1573 et
1314 1529 1477 1572 malum
1511 1544 1612 1571 mo-

193 1603 290 1657 rale,
325 1619 397 1646 seu
433 1603 584 1646 dantur
617 1604 805 1645 actiones
841 1602 890 1646 de
923 1619 968 1645 se
1000 1602 1140 1645 bonae
1189 1614 1230 1645 et
1263 1602 1451 1644 actiones
1485 1601 1536 1644 de
1569 1615 1615 1644 se

196 1674 328 1717 malae
362 1673 601 1730 moraliter,
636 1675 856 1730 nimirum,
889 1673 1044 1732 duplex
1092 1674 1232 1716 existit
1272 1672 1505 1725 moralitas,
1540 1671 1618 1715 alia

197 1745 370 1803 quidem
395 1747 625 1788 extrinseca
649 1758 774 1803 atque
799 1745 1008 1790 humanae
1032 1746 1186 1788 actioni
1211 1743 1476 1787 accidentalis
1511 1743 1558 1801 (i.
1581 1760 1615 1786 e.

199 1834 247 1860 ex
280 1818 463 1874 positiva
495 1833 569 1859 seu
605 1817 732 1859 libera
765 1816 944 1874 legitimi
995 1817 1171 1860 alicuius
1222 1816 1454 1873 superioris
1490 1830 1618 1872 prae-

198 1890 429 1946 scriptione
464 1889 697 1946 procedens
722 1890 849 1946 inque
873 1889 1086 1931 actionem
1122 1887 1382 1945 dimanans),
1417 1886 1492 1929 alia
1515 1899 1619 1929 vero

200 1961 427 2003 intrinseca
459 1961 613 2002 actioni
648 1973 773 2017 atque
808 1959 945 2003 eidem
970 1959 1350 2003 essentialis.Haec
1384 1958 1510 2001 altera
1533 1958 1616 2000 iam

201 2044 296 2075 ante
328 2031 466 2088 legem
502 2032 542 2073 in
577 2033 738 2074 actione
772 2032 1013 2088 praeexistit
1037 2044 1077 2074 et
1102 2030 1154 2074 ob
1185 2046 1277 2073 eam
1311 2029 1507 2073 voluntas
1543 2044 1620 2070 su-

204 2103 400 2160 perioris,
436 2104 469 2144 si
504 2115 613 2145 recta
651 2102 926 2160 ordinataque
968 2103 1035 2157 sit,
1078 2103 1356 2145 necessitatur
1395 2100 1445 2143 ad
1483 2100 1621 2143 actio-

202 2190 300 2216 nem
336 2173 405 2217 tali
440 2175 662 2216 intrinseca
696 2173 932 2217 moralitate
966 2173 1200 2232 praeditam
1254 2170 1622 2231 praescribendam

200 2256 276 2286 aut
300 2243 629 2301 prohibendam,
655 2257 780 2302 prout
813 2244 879 2288 illa
903 2243 954 2288 de
978 2261 1023 2287 se
1050 2244 1159 2287 bona
1182 2256 1245 2286 est
1269 2243 1333 2286 vel
1358 2242 1408 2286 de
1431 2258 1475 2285 se
1499 2240 1622 2284 mala.

323 2317 513 2358 Fuerunt
530 2327 676 2376 {butem
701 2328 741 2358 et
763 2329 876 2373 sunt,
910 2317 983 2374 qui
1011 2328 1168 2372 negent
1206 2313 1493 2358 moralitatem
1517 2312 1625 2355 hanc

204 2388 477 2430 intrinsecam
530 2399 570 2430 et
615 2388 897 2431 essentialem.
948 2388 1013 2430 De
1064 2386 1147 2429 hoc
1196 2401 1340 2429 errore
1389 2384 1626 2441 loquuntur

310 2537 366 2581 (1)
393 2537 489 2570 Man.
518 2544 682 2569 contrOV.
712 2535 734 2569 l.
762 2534 805 2569 V.
832 2549 860 2571 c.
887 2537 967 2571 XX.
