1734 2784
731 93 998 148 —238-

153 193 305 243 activ0‚
339 190 438 246 quia
470 188 572 245 legit
605 203 678 230 seu
715 186 860 243 deligit
892 188 1000 231 inter
1041 187 1174 232 multa
1217 188 1321 246 quid
1362 188 1577 246 agendum

155 275 227 304 aut
259 259 548 304 omittendum
582 259 650 302 sit.
683 258 766 301 Alii
801 257 919 302 aliter
951 258 1059 302 hanc
1082 274 1235 302 vocem
1259 259 1464 304 derivant.
1487 261 1576 304 Has

156 333 267 375 inter
299 331 431 373 varias
465 330 692 372 sententias
727 329 844 386 prior
876 328 962 382 illa,
997 345 1125 387 quam
1174 346 1207 374 s.
1241 330 1439 374 Thomas
1487 347 1577 374 arn-

157 403 373 460 plectitur‚
405 400 528 444 nobis
563 400 822 458 probabilior
853 400 1034 444 videtur.

276 472 385 516 Illud
434 472 564 530 pluris
598 470 727 514 refert
759 471 1108 530 animadvertere,
1141 488 1325 530 quanam
1381 473 1432 517 de
1485 473 1579 532 lege

156 560 300 589 sermo
334 543 459 587 nobis
493 545 561 586 sit.
594 542 755 586 Multae
789 543 903 585 enim
955 545 1197 586 enumerari
1244 544 1383 587 solent
1433 545 1548 602 leges
1570 581 1580 599 ‚

157 617 405 674 praesertim
457 631 560 658 vero
608 614 723 671 leges
768 615 979 672 physicae,
1013 614 1126 672 leges
1175 617 1332 659 artium
1381 628 1421 659 et
1464 616 1579 674 leges

158 703 333 743 morum,
366 702 471 744 quae
514 698 577 729 est
624 686 833 743 tripartita
879 701 926 729 ac
967 686 1136 743 vulgata
1183 686 1289 744 legis
1333 687 1488 731 divisio
1531 704 1582 731 ex

157 758 334 802 Platone
367 758 438 816 (1)
472 758 710 815 desumpta.
745 758 829 800 Hic
862 770 1004 801 autem
1039 773 1126 801 non
1149 760 1317 815 agimus
1342 758 1393 803 de
1416 758 1580 817 legibus

152 830 336 887 physici&
355 828 598 872 cuiusmodi
619 841 716 870 sunt
735 830 850 885 leges
870 840 1097 882 astrorum,
1116 829 1243 886 ignis,
1262 845 1468 887 aquarum
1486 843 1580 884 etc„

158 916 296 957 neque
330 901 379 943 de
411 899 575 956 legibus
623 901 810 952 artium,
846 911 891 941 ut
939 911 1039 942 sunt
1086 900 1200 957 leges
1249 902 1579 957 grammaticae,

158 971 348 1025 militiae,
384 984 643 1014 mercaturae
677 984 771 1023 etc.‚
807 969 960 1027 quibus
995 970 1195 1014 omnibus
1221 973 1393 1014 nonnisi
1416 973 1581 1030 impro-

159 1044 248 1101 prie
291 1043 397 1100 legis
441 1042 662 1100 appellatio
713 1042 935 1098 convenit3
969 1041 1043 1085 sed
1089 1044 1214 1085 unice
1256 1055 1484 1086 tractamus
1531 1043 1582 1086 de

158 1114 321 1171 legibus
355 1114 595 1167 moralibus,
631 1129 737 1172 quae
781 1113 896 1156 solae
944 1113 1118 1171 proprie
1152 1126 1192 1156 et
1241 1113 1434 1157 absolute
1476 1113 1582 1171 legis

159 1186 508 1229 denominatione
545 1185 770 1228 donantur.
804 1185 862 1226 Ut
904 1199 977 1241 par
1022 1198 1109 1238 est,
1153 1201 1175 1227 a
1219 1197 1429 1243 conceptu
1477 1184 1584 1242 legis

162 1258 368 1300 tradendo
402 1271 441 1300 et
473 1257 724 1300 illustrando
759 1256 836 1299 hac
870 1258 911 1299 in
947 1255 1057 1298 thesi
1080 1256 1343 1300 exordimur.

279 1342 346 1383 90.
382 1330 691 1371 DECLARATIO.
726 1328 816 1370 Lex
849 1326 1023 1369 moralis
1069 1327 1111 1369 in
1158 1342 1238 1370 suo
1281 1327 1582 1384 generalissimo

158 1412 369 1456 conceptu
403 1412 465 1442 est
498 1412 773 1456 praeceptum
806 1413 828 1440 a
876 1399 1096 1455 superiore
1129 1397 1266 1441 latum
1314 1410 1354 1441 et
1401 1397 1582 1441 subditis

160 1470 462 1528 pomulgatum
496 1471 580 1530 (2).
615 1472 925 1513 Verumtamen
973 1482 1075 1512 tunc
1117 1468 1294 1513 habetur
1340 1470 1410 1513 lex
1456 1485 1584 1512 sensu

159 1543 286 1599 magis
310 1544 495 1599 proprio,
530 1541 771 1599 eodemque
790 1541 908 1598 pleno
934 1553 974 1583 et
991 1541 1165 1599 perfecto
1188 1567 1248 1573 -—
1270 1540 1441 1598 quando
1465 1555 1586 1598 prae-

160 1624 333 1669 ceptum
367 1626 430 1655 est
463 1612 728 1670 huiusmodi,
746 1625 792 1656 ut
825 1613 869 1655 de
891 1628 928 1656 se
953 1614 1007 1656 sit
1030 1613 1279 1656 durazurmn
1303 1625 1342 1655 et
1366 1612 1504 1655 stabile
1528 1636 1586 1644 —

158 1684 332 1740 quando
366 1684 543 1737 bonum,
579 1684 696 1742 quod
730 1685 958 1728 immediate
1003 1685 1237 1727 intenditur
1261 1719 1272 1736 ‚
1309 1696 1371 1726 est
1419 1682 1586 1727 bonum

160 1911 236 1937 stro
265 1913 285 1935 α
311 1901 457 1947 legendo,
484 1903 579 1936 Nam
606 1911 643 1936 ut
671 1902 724 1935 illi
750 1902 945 1947 aequitatis,
976 1901 1026 1935 sic
1054 1912 1121 1935 nos
1160 1901 1302 1935 delectus
1329 1901 1402 1934 vim
1429 1902 1466 1935 in
1505 1901 1587 1948 lege

161 1963 344 2008 ponimus,
374 1971 407 1995 ct
435 1963 621 2007 proprium
649 1971 770 1995 tamen
790 1970 979 2006 utrumque
1007 1961 1096 2005 legis
1124 1970 1188 1994 est.
1205 1974 1222 1992 »
1252 1961 1355 1994 Hanc
1375 1959 1488 1994 Tullii
1508 1960 1589 2005 opi-

161 2021 310 2055 nionem
338 2030 479 2055 secutus
508 2030 558 2055 est
585 2032 611 2055 s.
638 2021 871 2066 Augustinus,
901 2032 930 2066 q.
959 2020 1041 2055 XX.
1068 2021 1103 2054 in
1131 2019 1243 2055 Levit.

258 2080 315 2124 (Ι)
342 2080 484 2125 Dialog.
513 2080 647 2121 Minos,
676 2091 738 2114 seu
766 2080 809 2113 de
837 2079 930 2125 lege,
961 2079 1103 2113 collatis
1123 2079 1277 2113 Timaeo
1303 2089 1364 2112 seu
1393 2078 1435 2112 de
1463 2087 1589 2112 natura

163 2148 196 2173 et
224 2139 361 2185 Gorgia
388 2140 461 2173 sive
490 2139 531 2173 de
559 2139 763 2173 Rhetorica.
804 2140 858 2173 De
886 2139 951 2172 hac
982 2138 1160 2172 divisione
1187 2138 1310 2183 legum
1338 2137 1373 2170 in
1413 2137 1589 2182 physicaS,

162 2199 292 2232 artium
321 2208 354 2233 et
382 2210 526 2232 morum
555 2197 597 2233 cf.
624 2199 839 2236 Suaresium,
869 2199 911 2231 de
937 2197 1010 2243 leg.
1044 2208 1073 2233 1.
1104 2209 1182 2242 cap.
1215 2208 1242 2231 1.
1271 2208 1368 2230 num.
1400 2206 1430 2231 2.

257 2258 309 2302 (2)
336 2258 370 2292 S.
399 2258 575 2300 Thomas,
595 2258 677 2291 loco
706 2268 820 2302 nuper
840 2258 909 2299 cit.‚
928 2256 1034 2291 tradit
1058 2255 1351 2302 generalissimum
1379 2255 1472 2300 legis
1501 2265 1593 2288 con-

165 2327 308 2362 ceptum
333 2317 431 2350 hisce
458 2318 587 2351 verbis:
608 2332 624 2347 »
643 2317 717 2350 Lex
744 2316 919 2363 quaedam
948 2315 1069 2361 regula
1099 2324 1149 2349 est
1170 2323 1202 2349 et
1233 2325 1401 2348 mensura
1429 2323 1587 2355 actuum,

166 2376 364 2410 secundum
392 2388 501 2423 quam
527 2377 706 2410 inducitur
733 2376 856 2422 aliquis
885 2375 929 2409 ad
957 2374 1137 2420 agendum
1164 2373 1221 2408 vel
1247 2374 1288 2407 ab
1309 2372 1453 2420 agendo
1480 2380 1591 2406 retra-

162 2435 298 2469 hitur.»
341 2437 447 2481 Hugo
488 2436 645 2477 Grotius,
674 2435 718 2470 de
745 2435 819 2469 iure
848 2434 933 2470 belli
973 2445 1013 2468 ac
1042 2434 1139 2479 pacis
1175 2433 1200 2468 l.
1233 2444 1262 2467 1.
1293 2444 1324 2468 c.
1359 2443 1387 2467 1.
1416 2442 1516 2466 num.
1544 2440 1591 2476 9.,

163 2494 283 2540 legem
310 2495 511 2539 largissime
537 2504 720 2540 sumptam
738 2496 789 2528 sic
809 2494 947 2528 definit:
975 2501 1061 2527 «est
1082 2492 1205 2539 regula
1226 2500 1373 2526 actuum
1393 2489 1590 2524 moralium

163 2553 331 2598 obligans
358 2553 401 2587 ad
428 2553 462 2587 id
490 2553 585 2599 quod
611 2553 805 2588 honestum
837 2560 940 2587 est.»

1726 380 1734 395 t.
1719 339 1734 349 «ε
1723 305 1734 318 ν
1712 261 1734 299 niz
1711 171 1734 254 :eei-‘¹²1
