1734 2784
711 58 974 103 -379—

187 250 205 295 §
231 250 284 285 11.
310 250 370 284 De
395 249 630 286 habitudine
655 251 760 295 legis
784 250 992 295 positivae
1020 250 1070 286 ad
1097 252 1231 295 legem
1260 253 1473 286 aeternam

640 325 679 359 et
705 325 946 360 naturalem.

637 516 804 560 THEsm
840 514 1039 567 XLVIII.

129 609 280 655 Omnes
307 612 503 670 positivae
526 611 620 669 leges
649 611 704 655 ad
725 612 844 670 legem
866 620 1075 655 aeternam
1108 627 1146 655 se
1167 611 1313 655 habent
1337 620 1548 672 tamquam

243 682 401 742 effectus
434 684 490 727 ad
521 699 703 729 causam:
739 700 874 729 omnes
908 683 1027 742 Iegem
1059 683 1292 727 naturalem
1340 691 1547 741 praesup-

234 764 397 817 ponunt
428 764 638 815 tamquam
674 756 1000 815 fzmdamentmn
1047 755 1109 799 vel
1155 755 1423 800 conditionem
1473 770 1546 799 ne-

241 828 475 872 cessariam.

247 936 340 979 139.
374 923 759 968 DEMONSTRATIO.
794 926 911 969 Haec
944 923 1074 968 thesis
1108 922 1209 967 duas
1244 922 1366 967 habet
1392 935 1545 981 partes,

122 1009 303 1052 quarum
337 994 463 1039 altera
494 994 607 1053 leges
640 996 844 1055 positivas
879 1008 1098 1057 comparat
1123 1011 1220 1039 cum
1244 994 1336 1054 Iege
1360 1003 1545 1049 aeterna,

123 1067 248 1111 altera
281 1083 382 1112 vero
417 1083 515 1111 cum
549 1066 641 1125 lege
675 1069 874 1113 natarali.

243 1139 275 1185 I.
313 1140 427 1185 Cum
461 1140 527 1184 lex
561 1140 744 1199 positiva
777 1141 831 1184 sit
853 1141 930 1184 alia
954 1139 1173 1193 divinitus,
1200 1139 1276 1183 alia
1299 1139 1546 1182 humanitus

129 1212 375 1266 constituta,
412 1212 462 1255 de
496 1225 672 1271 utraque
706 1213 888 1256 seorsim
922 1227 1116 1270 agemus,
1152 1210 1409 1270 inquirendo
1434 1227 1548 1269 quo-

128 1282 264 1333 modo
298 1282 348 1327 ad
380 1282 522 1340 Iegem
557 1296 771 1328 aeternam
806 1300 849 1327 se
883 1300 926 1328 se
960 1282 1119 1327 habeat.
1220 1272 1221 1275 Ἴ

246 1355 501 1413 Spectemus
543 1360 600 1399 1.0
632 1355 773 1414 legem
806 1356 1034 1414 positivam
1070 1355 1270 1399 divinam.
1305 1356 1422 1399 Haec
1464 1354 1546 1398 du-

120 1424 285 1484 pliciter
317 1438 458 1484 potest
491 1427 762 1485 considerari,
795 1428 928 1471 active
962 1440 1170 1486 quatenus
1207 1440 1268 1471 est
1302 1428 1346 1470 in
1368 1426 1541 1484 legisla-

121 1510 229 1552 tore,
263 1499 428 1558 passive
461 1511 669 1556 quatenus
704 1511 767 1543 est
804 1499 847 1543 in
881 1512 1070 1543 creatura
1102 1499 1311 1543 rationali.
1337 1499 1382 1544 Si
1413 1499 1544 1558 priori

119 1569 255 1614 modo
287 1582 519 1628 spectetur,
552 1583 669 1626 tunc,
705 1584 749 1615 ut
782 1585 895 1615 recte
928 1584 1046 1616 notat
1091 1572 1249 1616 Suarez
1282 1571 1369 1630 (1),
1413 1590 1432 1613 «
1456 1586 1542 1615 non

120 1654 183 1687 est
216 1641 387 1686 effectus
421 1642 525 1700 legis
559 1656 767 1700 aeternae,
801 1643 874 1687 sed
907 1656 969 1686 est
1003 1644 1145 1702 potius
1170 1644 1260 1702 ipsa
1283 1643 1347 1686 lex
1376 1655 1545 1687 aeterna

118 1714 335 1758 secundnm
376 1715 591 1773 quemdam
638 1723 863 1773 conceptam
905 1715 1225 1774 inadaeqzcatam
1273 1717 1358 1759 eins
1392 1732 1429 1760 η.
1467 1716 1543 1760 Sin

120 1798 261 1832 autem
295 1785 426 1830 altero
461 1786 594 1830 modo
628 1798 844 1845 spectetur
890 1786 953 1846 (et
986 1787 1045 1830 sic
1082 1798 1310 1845 spectatur,
1344 1802 1442 1830 cum
1491 1787 1542 1831 de

120 1873 167 1901 ea
203 1872 346 1901 sermo
381 1871 460 1911 est,
496 1870 542 1900 ut
577 1857 627 1901 de
660 1857 752 1914 lege
787 1857 1012 1916 temporali
1051 1874 1124 1916 per
1147 1858 1541 1902 contradistinctio-

119 1944 219 1972 nem
253 1945 274 1972 a
306 1929 398 1986 lege
431 1929 639 1988 aeterna),
674 1942 775 1973 tunc
809 1929 980 1973 effectus
1015 1942 1095 1983 est,
1130 1931 1251 1988 isque
1284 1930 1542 1973 immediatus

119 2000 224 2058 legis
257 2013 465 2055 aeternae,
493 2001 544 2044 ad
578 2017 705 2058 quam
739 2017 783 2045 sc
817 2001 940 2045 habet
972 2013 1190 2059 tamquam
1224 2001 1274 2045 ad
1303 2003 1542 2060 proximam

119 2073 185 2116 sui
219 2080 387 2117 causam
423 2072 706 2116 efficientem:
741 2089 813 2131 per
846 2073 985 2131 legem
1018 2073 1176 2116 scilicet
1213 2073 1445 2131 'positivam
1480 2072 1540 2115 di-

118 2144 262 2187 vinam
295 2145 385 2203 ipsa
417 2144 486 2188 lex
521 2157 687 2187 aeterna
720 2146 995 2204 participatur
1026 2144 1124 2204 (2).
1156 2145 1255 2198 Qua
1293 2145 1335 2187 in
1382 2160 1425 2188 re
1471 2144 1540 2188 lex

213 2365 270 2411 (1)
300 2365 353 2400 De
380 2366 448 2411 leg.
475 2364 497 2399 l.
527 2365 569 2399 ΙΙ,
597 2377 624 2399 c.
653 2376 686 2408 4.
716 2377 813 2400 num.
843 2377 873 2411 7.

213 2426 269 2470 (2)
299 2424 433 2459 Ibidem
462 2427 510 2459 sic
538 2426 650 2471 pergit
679 2426 819 2460 Suarez:
852 2440 868 2458 «
890 2427 963 2461 Lex
989 2426 1077 2461 hacc
1108 2425 1225 2460 divina
1256 2427 1310 2471 (ut
1338 2435 1389 2461 cst
1417 2426 1460 2460 ad
1480 2438 1538 2461 ex-

117 2494 169 2520 tra
196 2486 349 2520 existens
377 2485 411 2519 iu
442 2485 608 2529 subditis)
638 2496 688 2520 cst
717 2486 943 2531 participatio
973 2486 1061 2531 legis
1100 2494 1264 2520 aeternae
1303 2485 1539 2521 excellentior

119 2555 344 2589 quacumque
373 2544 452 2586 alia,
480 2554 554 2579 tum
584 2547 663 2590 quia
691 2544 880 2590 perfectius
911 2546 942 2578 in
972 2556 1011 2578 ea
1041 2544 1271 2590 participatur
1298 2544 1353 2580 Iex
1380 2554 1535 2587 aeterna,
