1734 2784
702 111 965 154 -125—

122 193 380 252 despoticum,
413 193 487 238 sed
520 194 639 252 quasi
668 194 882 252 politicum
913 194 978 237 vel
1011 195 1182 252 regium,
1209 210 1306 237 cum
1337 195 1548 253 appetitus

121 281 210 310 non
242 265 411 309 obediat
444 267 597 310 rationi
631 266 812 310 omnino
861 265 912 309 ad
956 276 1168 309 nutum.»
1211 265 1347 319 Quod
1396 278 1541 310 autem

123 338 174 382 de
207 339 394 397 appetitu
426 339 634 381 sensitivo
668 338 835 392 dicitur,
868 353 997 396 quem
1036 350 1202 381 constat
1251 353 1338 381 non
1372 353 1548 396 semper

123 427 217 455 esse
248 409 477 455 voluntatis
526 411 650 454 nutui
684 410 971 468 obedientem,
1006 409 1087 454 dici
1122 426 1220 454 cum
1258 411 1539 469 proportione

124 482 248 526 debet
282 482 332 526 de
366 481 596 536 intellectu,
632 483 704 540 qui
738 481 855 526 facile
890 482 1136 525 distrahitur
1159 498 1180 525 a
1203 482 1546 526 consideratione

122 555 197 611 rei,
219 555 284 597 cui
318 571 339 598 a
372 552 592 597 voluntate
626 554 872 612 applicatur:
897 554 998 597 item
1024 553 1074 597 de
1097 554 1416 611 imaginatione,
1442 568 1547 612 quae

122 642 246 684 saepe
269 627 391 670 alicui
426 625 593 669 obiecto
626 627 829 669 tenaciter
863 638 1007 669 contra
1040 637 1194 668 nutum
1219 624 1451 668 voluntatis
1477 624 1549 668 ad-

123 697 281 755 haeret,
305 710 345 742 et
377 698 437 741 sic
471 697 520 740 de
555 696 643 740 aliis
689 696 968 740 facultatibus.
992 721 1049 729 —
1072 697 1189 739 Haec
1223 695 1273 739 de
1316 696 1549 739 voluntario

123 768 366 814 sufficiant:
400 767 582 826 gradum
617 769 699 811 iam
734 768 912 811 facimus
946 767 997 811 ad
1048 768 1257 811 rationem
1292 766 1406 811 liberi
1453 781 1554 824 per-

123 838 405 897 pendendam.

623 1019 965 1063 ARTICULUS
999 1019 1049 1062 Π.

545 1118 622 1160 De
668 1119 906 1161 notione
953 1116 1133 1158 liberi.

675 1321 841 1364 Tufisrs
878 1321 995 1364 XIV.

125 1452 319 1496 Liberum
351 1461 406 1496 cst
438 1452 494 1505 id,
528 1452 634 1510 qnod
666 1468 689 1494 (ι
734 1453 944 1496 voluntate
989 1451 1169 1510 procedit
1212 1451 1365 1494 elective
1398 1459 1548 1507 agente.

246 1523 466 1583 Multiplcx
499 1533 633 1567 aretem
666 1534 719 1568 est
755 1524 900 1567 divisit>
938 1524 1064 1567 liberi.

243 1670 312 1713 42.
348 1657 711 1701 PRixENoTIONES.
746 1657 904 1699 Iuverit
940 1657 1082 1714 paucis
1119 1656 1304 1699 recolere
1350 1655 1553 1697 notiones

125 1728 328 1786 quasdam
364 1741 404 1772 et
437 1728 643 1786 quaedam
679 1729 894 1786 principia,
929 1744 1034 1785 quae
1069 1728 1119 1772 de
1154 1728 1363 1771 humanae
1397 1726 1548 1770 volun—

125 1801 220 1844 tatis
253 1800 446 1845 libertate
479 1801 704 1844 traduntur
740 1802 780 1843 in
815 1800 1114 1858 Psychologia.

243 1873 274 1917 I.
310 1873 481 1932 Duplex
529 1872 807 1930 distinguitur
858 1871 1031 1930 physica
1077 1875 1312 1929 necessitas,
1357 1871 1551 1914 videlicet

127 1945 246 1987 motio
280 1946 517 2001 extrinseca,
551 1960 676 2002 passo
712 1945 752 1986 in
788 1945 1047 1987 contrarium
1083 1945 1312 1995 renitente,
1349 1959 1455 2000 quae
1490 1941 1550 1984 di-

126 2017 232 2059 citur
265 2017 410 2060 coactio
433 2015 500 2059 vel
523 2017 715 2059 violantia
740 2015 810 2073 (Ι)
835 2015 992 2074 (qualis
1027 2028 1089 2059 est
1123 2017 1163 2058 in
1199 2031 1248 2058 eo
1284 2015 1355 2072 qui
1392 2014 1550 2056 invitus

127 2086 304 2130 trahitur
337 2089 379 2130 in
413 2090 661 2145 carcerem),
688 2100 727 2130 ct
751 2087 1026 2130 determinatio
1063 2089 1282 2130 intrinseca
1307 2085 1357 2128 ad
1392 2101 1544 2137 unum,

127 2173 232 2215 quae
266 2160 441 2216 proprio
476 2159 651 2201 nomine
684 2158 914 2216 appellatur
949 2161 1154 2202 necessitas
1201 2157 1353 2215 (qualis
1394 2169 1456 2200 est
1509 2158 1549 2199 in

127 2229 264 2273 Beatis
299 2231 370 2288 qui
404 2243 556 2288 sponte
606 2229 799 2286 quidem,
831 2229 904 2272 sed
938 2230 1177 2272 necessario
1227 2241 1368 2272 amant
1413 2231 1550 2272 Deum

222 2429 279 2474 (1)
308 2429 540 2473 Quamquam
569 2426 633 2461 lme
653 2437 759 2461 voces
780 2428 984 2472 promiscue
1006 2426 1137 2471 passim
1158 2426 1408 2468 adhibeantur,
1431 2427 1463 2459 in
1484 2426 1552 2460 hoc

127 2494 249 2521 tamen
278 2486 417 2521 differre
444 2486 622 2527 videntur,
651 2484 746 2531 quod
774 2485 801 2518 si
831 2487 944 2520 motio
973 2487 1016 2519 ab
1045 2485 1193 2519 homine
1213 2485 1393 2531 procedat,
1415 2485 1551 2519 dicatur

127 2545 265 2588 coactio,
292 2545 347 2579 sin
376 2554 494 2579 autem
523 2545 565 2578 ab
593 2553 674 2578 ente
715 2544 927 2586 irrationali,
957 2545 1008 2578 vis
1052 2544 1171 2590 potius
1206 2543 1462 2578 denominetur
1500 2544 1555 2578 vel

129 2603 305 2640 violentia.
