1734 2784
217 231 288 286 46.
323 230 708 272 DEMONSTRATIO.
738 228 859 270 *Haec
892 224 1023 270 thesis
1057 224 1161 269 duas
1210 223 1334 268 habet
1368 236 1521 284 partes,

99 316 281 360 quarum
313 299 440 344 altera
473 299 774 353 invincibilem,
798 298 923 342 altera
957 296 1199 342 vincibilem
1233 298 1520 356 ignorantiam

99 380 271 432 spectat.

213 445 243 488 Ι.
280 443 529 501 Ignorantia
562 441 832 499 invincibilis,
865 442 952 485 sive
987 440 1090 484 iuris
1115 441 1202 483 sive
1226 440 1336 494 facti,
1362 442 1394 483 si
1418 457 1519 485 vere

97 516 150 559 sit
182 513 453 568 invincibilis,
503 529 590 557 non
639 513 851 572 dependet
899 529 949 556 ex
992 512 1226 569 voluntate,
1262 528 1306 555 ac
1340 512 1519 570 proinde

98 603 187 631 non
220 599 283 631 est
316 585 567 630 voluntaria.
603 586 716 629 Hinc
750 584 855 629 illud
889 586 1036 638 etiam,
1071 583 1188 642 quod
1223 582 1270 627 fit
1303 601 1353 628 ex
1386 585 1517 641 igno-

94 659 228 702 rantia
259 655 510 714 invincibili,
542 669 606 700 est
640 655 992 713 involuntarium,
1040 655 1278 699 secundum
1322 655 1364 699 id
1403 655 1519 714 quod

94 729 393 774 invincibiliter
426 730 676 787 ignoratur:
712 746 747 773 e.
775 745 815 785 g.
840 728 1125 772 homicidium
1149 743 1237 771 non
1260 740 1323 771 est
1357 729 1517 772 volun-

97 803 253 846 tarium
287 801 361 857 illi,
397 803 469 861 qui
501 800 801 845 invincibiliter
835 812 988 859 putans
1022 816 1065 843 se
1099 799 1334 844 interficere
1368 800 1518 858 feram,

95 873 252 918 occidit
284 874 472 918 amicum
505 889 647 917 suum.
682 874 733 917 Et
768 888 866 916 sane
899 889 1037 931 neque
1060 873 1101 916 in
1126 890 1169 917 se
1192 889 1330 931 neque
1363 874 1405 917 in
1429 873 1509 916 alio

93 958 156 990 est
187 946 493 990 voluntarium.
530 945 634 989 Non
667 945 711 987 in
744 960 804 1002 se,
837 957 883 988 ut
917 957 1029 1003 patet
1063 944 1300 989 manifeste.
1339 946 1440 989 Non
1474 945 1516 988 in

94 1018 204 1072 alio,
239 1017 451 1077 siquidem
484 1017 569 1061 hoc
601 1016 713 1061 aliud
746 1030 855 1061 esset
881 1018 1062 1061 omissio
1088 1017 1249 1062 debitae
1273 1016 1516 1075 diligentiae

95 1089 147 1134 ad
180 1105 270 1134 rem
303 1089 610 1147 detegendam:
644 1101 683 1132 at
717 1088 855 1132 debita
904 1089 1122 1147 diligentia
1165 1091 1207 1132 in
1250 1106 1347 1133 casu
1382 1091 1514 1146 igno-

92 1163 253 1206 rantiae
285 1161 540 1205 invincibilis
588 1175 676 1205 non
711 1161 791 1205 fuit
824 1164 1139 1220 praetermissa,
1186 1163 1250 1206 vel
1287 1164 1318 1205 si
1355 1163 1515 1205 omissa

93 1245 177 1285 est,
213 1233 255 1277 id
291 1233 470 1291 contigit
504 1249 553 1276 ex
587 1248 638 1276 eo
672 1232 789 1290 quod
823 1232 936 1277 nulla
961 1232 1010 1277 de
1034 1234 1364 1291 investigatione
1387 1235 1512 1277 insti-

95 1304 251 1349 tuenda
284 1305 474 1363 suspicio
509 1305 640 1348 menti
676 1306 871 1348 occurrit.
906 1306 1042 1348 Porro
1067 1321 1164 1348 cum
1188 1305 1369 1349 liberum
1395 1322 1512 1365 prae-

90 1388 305 1435 supponat
337 1376 646 1434 voluntarium,
679 1376 813 1435 liquet
845 1378 1131 1434 ignorantiam
1159 1378 1449 1422 invincibilem
1474 1392 1514 1423 et

91 1448 133 1493 id
165 1449 277 1507 quod
315 1466 365 1493 ex
397 1465 443 1493 ea
477 1449 683 1507 sequitur,
719 1465 740 1492 a
771 1448 938 1493 fortiori
974 1466 1059 1493 non
1095 1465 1186 1493 esse
1220 1450 1361 1495 libera.

206 1521 427 1566 Notentur
458 1533 601 1564 tamen
636 1536 683 1564 ea
715 1521 854 1573 verba,
888 1521 1106 1565 secundnm
1154 1522 1198 1565 id
1227 1523 1333 1580 qnod
1366 1523 1512 1566 invin-

85 1593 253 1637 cibiliter
287 1595 510 1651 ignoratur.
544 1594 658 1638 Nam
695 1594 919 1651 contingit,
970 1607 1014 1636 ut
1059 1593 1218 1652 aliquid
1269 1594 1511 1637 secundum

87 1678 216 1707 unam
250 1665 462 1708 rationem
512 1664 812 1708 invincibiliter
856 1666 1093 1722 ignoretur,
1143 1678 1182 1709 et
1222 1665 1402 1724 proinde
1437 1683 1508 1710 se-

87 1735 277 1780 cundum
311 1752 405 1780 eam
432 1737 490 1779 'sit
524 1736 876 1793 involuntarium,
922 1750 960 1780 at
995 1737 1232 1780 secundum
1278 1737 1401 1780 aliam
1437 1753 1506 1780 ra·-

86 1808 250 1852 tionem
296 1821 582 1866 cognoscatur
630 1822 670 1852 et
714 1809 898 1867 perfecte
948 1810 1073 1852 etiam
1125 1822 1426 1867 cognoscatur,
1463 1827 1508 1854 ac

87 1893 398 1938 consequenter
445 1880 683 1924 secundum
732 1880 840 1924 hanc
889 1882 940 1924 sit
985 1880 1166 1939 perfecte
1215 1881 1505 1925 voluntarium

86 1952 275 2010 itemque
309 1951 503 1996 liberum.
540 1953 747 2011 Exemplo
782 1954 835 1996 sit
861 1953 945 2007 ille,
972 1955 1043 2011 qui
1069 1955 1233 2012 optime
1257 1955 1376 1997 novit
1400 1971 1506 2012 rem,

86 2038 215 2082 quam
249 2023 327 2067 sibi
361 2023 561 2082 subripit,
588 2041 678 2068 esse
712 2025 907 2079 alienam,
943 2026 1110 2083 ignorat
1143 2038 1287 2069 tamen
1321 2027 1505 2070 invinci-

83 2093 217 2139 biliter
251 2095 446 2139 eamdem
480 2112 571 2140 esse
606 2097 701 2139 Deo
736 2096 972 2154 specialiter
1006 2096 1184 2140 dicatam
1219 2097 1305 2156 (1).

203 2168 256 2211 II.
293 2168 325 2211 E
361 2170 575 2212 contrario
626 2169 867 2226 ignorantia
914 2169 1122 2212 vincibilis
1171 2182 1233 2213 est
1283 2183 1374 2213 tum
1426 2185 1505 2213 vo-

83 2237 262 2283 luntaria
294 2252 386 2283 tum
421 2240 560 2284 libera.
599 2242 693 2299 Ipsa
726 2242 856 2297 enim,
906 2243 939 2283 si
973 2243 1025 2284 sit
1073 2241 1273 2298 affectata,
1322 2255 1383 2285 est
1429 2258 1502 2285 vo-

81 2309 261 2354 luntaria
296 2324 335 2354 et
369 2311 498 2355 libera
534 2314 574 2355 in
608 2328 659 2365 sc,
694 2313 728 2354 si
763 2327 848 2355 non
883 2313 935 2355 sit
960 2312 1162 2366 affectata,
1183 2325 1245 2355 est
1268 2313 1504 2355 voluntaria

79 2393 118 2425 et
152 2380 280 2425 libera
314 2384 355 2426 in
390 2383 470 2426 alio
506 2382 545 2426 h.
583 2400 616 2427 e.
654 2384 695 2426 in
731 2384 982 2441 omissione,
1033 2401 1081 2426 ex
1133 2400 1214 2441 qua
1252 2392 1325 2442 per
1360 2400 1396 2427 sc
1430 2400 1501 2427 se-

174 2613 231 2657 (1)
259 2613 350 2649 Vide
376 2626 495 2661 super.
526 2627 604 2661 pag.
639 2627 713 2651 111.
740 2616 860 2652 adnot.
