1734 2784
91 203 282 246 hominis
314 202 478 246 bonurn
513 204 792 248 ultimum
818 220 1006 263 quorum
1042 221 1178 248 unum
1215 218 1277 248 est
1335 223 1525 264 propor—

90 275 304 318 tionatum
336 289 509 319 naturae
542 276 767 330 humanae,
802 277 900 333 quia
946 275 995 318 ad
1041 277 1183 333 ipsum
1234 276 1526 321 obtinendum

91 347 201 390 vires
234 347 443 390 naturales
477 347 693 390 sufficiunt
801 347 913 390 aliud
946 360 1008 390 est
1042 347 1230 390 hominis
1256 347 1421 391 bonum
1446 366 1520 393 na-
1551 368 1555 372 *

90 430 210 461 turae
243 418 452 462 humanae
486 420 812 477 proportionem
858 418 1092 475 excedens,
1127 421 1224 477 quia
1278 420 1328 464 ad
1382 422 1524 478 ipsum

92 489 378 533 obtinendum
410 492 523 533 vires
556 506 643 534 non
678 489 908 541 sufficiunt,
945 505 1021 532 nec
1070 489 1120 533 ad
1168 491 1422 547 cogitandum
1459 492 1525 535 vel

92 561 404 605 desiderandum
427 598 437 615 ,
471 560 545 605 sed
579 578 629 605 ex
654 561 907 622 *liberalitate
942 561 1108 603 homini
1143 563 1472 619 repromittitur.
1501 582 1521 601 »

93 633 156 675 Ex
178 631 329 690 quibus
363 632 565 676 omnibus
599 632 829 689 colligitur,
853 648 939 689 quo
964 645 1087 689 pacto
1115 632 1230 689 haec,
1256 649 1363 690 quae
1398 651 1522 691 saepe

92 703 309 761 obiicitur,
342 703 563 748 difficultas
598 706 650 747 sit
683 703 914 747 solvenda:
952 704 1138 761 Oportet
1173 718 1218 747 ut
1253 706 1360 748 inter
1394 705 1521 749 felici-

91 787 223 818 tatem
256 767 491 819 naturalem
526 788 566 819 et
598 775 905 819 beatitudinem
942 776 1309 833 supernaturalem
1360 778 1414 819 sit
1454 777 1522 820 di-

92 847 283 890 versitas.
316 847 449 904 Atqui
485 846 714 890 discrimen
748 862 834 889 non
869 860 945 899 est,
980 848 1012 887 si
1048 848 1265 904 possessio
1293 848 1389 905 Dei,
1424 864 1526 906 que-

95 917 379 961 madmodum
404 931 467 961 est
491 917 821 976 supernaturalis
847 917 1064 961 beatitudo
1089 918 1296 975 hominis,
1335 920 1390 961 ita
1418 933 1528 962 esset

102 988 304 1032 naturalis
344 988 520 1032 felicitas
566 989 773 1032 eiusdem.
818 990 933 1046 Ergo
981 989 1181 1032 naturalis
1225 989 1400 1033 felicitas
1449 991 1527 1034 ho-

93 1061 253 1104 ominis
287 1073 350 1103 est
383 1062 425 1103 in
461 1063 735 1118 possessione
769 1061 867 1104 boni
893 1061 1069 1104 alicuius
1103 1060 1228 1116 finiti,
1256 1077 1343 1104 non
1379 1075 1523 1105 autem

92 1133 202 1176 Boni
236 1131 402 1176 infiniti.
451 1133 734 1189 Respondeo:
769 1133 857 1176 dist.
909 1134 1116 1184 amimam,
1151 1146 1324 1190 oportet
1376 1146 1420 1175 ut
1468 1135 1523 1176 sit

97 1203 316 1247 diversitas
341 1203 483 1261 quoad
507 1203 723 1247 obiectum
759 1221 831 1247 seu
852 1205 1087 1246 terminum
1109 1203 1381 1247 beatitudinis
1409 1220 1525 1262 nego,

93 1274 234 1333 quoad
268 1275 448 1317 modum
483 1275 717 1332 attingendi
752 1277 987 1318 terminum
1011 1290 1113 1318 conc.
1139 1275 1193 1317 Et
1215 1275 1369 1318 eodem
1396 1289 1524 1333 pacto

92 1346 330 1390 contradist.
365 1348 576 1389 minorem.

214 1431 280 1473 25.
317 1419 569 1462 SCHOLION.
604 1420 742 1461 Pauca
776 1418 842 1460 hic
877 1419 1105 1460 innuemus
1141 1416 1193 1460 de
1226 1417 1376 1460 celebri
1412 1433 1523 1460 con-

93 1491 302 1533 troversia
336 1491 443 1532 circa
476 1491 704 1533 essentiam
755 1489 1027 1532 beatitudinis
1062 1488 1268 1532 formalis,
1307 1514 1362 1521 —
1398 1490 1526 1546 Dixi,

83 1562 306 1621 formalis:
341 1561 554 1619 siquidem
603 1562 717 1604 iuxta
752 1577 903 1604 omnes
938 1561 1120 1604 essentia
1169 1559 1380 1603 felicitatis
1417 1560 1525 1603 olric-

95 1635 198 1677 ctive
231 1648 305 1675 seu
340 1634 597 1676 terminative
630 1645 840 1689 spectatae
875 1645 937 1675 est
971 1633 1091 1674 Deus
1124 1630 1208 1689 (Ι).
1243 1630 1354 1674 Illud
1398 1633 1525 1674 etiam

97 1719 249 1748 omnes
273 1703 505 1746 admittunt
529 1705 755 1746 essentiam
783 1702 1054 1746 beatitudinis
1078 1701 1268 1745 formalis
1302 1718 1396 1744 esse
1421 1718 1525 1760 pos-

94 1777 336 1819 sessionem
370 1776 450 1819 Dei
485 1792 558 1818 seu
594 1774 867 1832 adeptionem
902 1774 997 1817 finis
1022 1775 1176 1817 ultimi.
1200 1775 1385 1826 Verum,
1411 1790 1526 1831 quo-

101 1848 211 1890 niam
246 1847 296 1891 ad
331 1848 436 1890 hanc
470 1848 550 1891 Dei
586 1848 938 1890 consecutionem
975 1859 1249 1899 concurrunt,
1276 1858 1315 1888 et
1350 1845 1524 1903 quidem

97 1921 353 1973 necessario,
387 1932 503 1962 actus
536 1934 622 1962 non
660 1918 792 1961 modo
828 1917 1082 1970 intellectus,
1105 1917 1178 1961 sed
1202 1919 1326 1960 etiam
1366 1916 1525 1959 volun-

97 1991 195 2033 tatis
229 1990 328 2049 (2);
363 1990 460 2033 hinc
494 1991 688 2048 quaestio
724 1990 874 2041 oritur,
910 1990 1082 2046 quinam
1118 1990 1171 2030 sit
1197 1987 1263 2031 ille
1288 2001 1422 2040 actus,
1460 1988 1525 2030 cui

95 2177 180 2223 quia
209 2177 316 2210 etiam
345 2174 484 2209 excedit
512 2173 761 2220 cognitionem
791 2183 823 2207 et
853 2172 1069 2206 desiderium
1098 2172 1183 2214 eius,
1211 2172 1409 2206 secundum
1439 2171 1526 2205 illud

99 2237 126 2271 1.
153 2236 225 2271 Cor
264 2236 322 2271 11.:
357 2235 426 2270 Nec
453 2234 566 2268 oculas
599 2232 698 2274 vidit,
726 2244 783 2267 nec
822 2232 918 2265 auris
957 2232 1099 2273 ιιιιιίῐυὶἰ,
1127 2243 1182 2265 nac
1210 2232 1243 2264 in
1279 2243 1336 2265 car
1375 2231 1528 2265 homini>-

96 2295 258 2331 ascendit.
287 2295 329 2329 Et
358 2295 440 2328 inde
470 2303 534 2334 est,
566 2292 660 2339 quod
690 2292 784 2326 nulla
813 2303 937 2325 natura
966 2300 1081 2325 creata
1110 2301 1161 2325 est
1189 2291 1371 2324 sufficiens
1399 2290 1530 2335 princi-

101 2356 200 2402 pium
228 2363 326 2389 actus
354 2354 528 2388 meritorii
555 2353 648 2386 vitae
676 2362 852 2392 aeternae,
881 2352 950 2385 nisi
989 2350 1249 2396 superaddatur
1276 2349 1423 2395 aliquod
1465 2360 1527 2383 su-

101 2414 324 2460 pernaturale
351 2412 610 2459 donun1‚quo·,l
638 2413 753 2456 gralia
773 2412 911 2445 dicitur,
931 2428 946 2441 »
979 2410 1032 2446 Cf.
1055 2410 1160 2445 Cara.
1184 2409 1381 2447 Franzelin.
1407 2409 1449 2443 de
1468 2409 1530 2443 ha-

99 2474 176 2508 bitu
204 2474 354 2508 rationis
380 2472 478 2506 hum.
506 2472 546 2505 ad
577 2471 647 2505 div.
676 2471 783 2505 sidem
812 2483 840 2504 c.
869 2472 928 2504 111.
956 2481 1095 2515 paragr.
1128 2479 1203 2503 112.
1235 2481 1333 2502 num.
1366 2479 1392 2502 1.

196 2535 250 2579 (1)
279 2532 335 2568 Cf.
365 2532 497 2568 thesim
525 2532 574 2565 Vl
604 2540 636 2566 et
664 2531 740 2564 VII.

202 2594 258 2637 (2)
290 2591 344 2627 Cf.
372 2591 505 2626 thesim
533 2590 623 2624 lianc
652 2590 747 2623 VIII.
776 2598 898 2635 punct.
930 2590 954 2623 Ι.
