1734 2784
669 86 930 142 —389—

208 197 302 239 143.
337 183 719 226 DEMONsTRATio.
770 182 1026 226 Essentiales
1061 180 1310 226 huiusmodi
1345 180 1500 224 condi-

83 255 222 298 tiones
255 252 444 298 Isidorus
479 253 595 298 hisce
628 254 799 298 exhibet
821 254 961 298 verbis
979 253 1063 313 (1):
1092 254 1216 297 «Lex
1241 253 1319 297 erit
1359 267 1509 308 omne,

85 325 202 384 quod
220 326 382 370 ratione
402 325 642 369 constiterit
665 325 900 381 dumtaxat,
920 324 1037 384 quod
1060 324 1258 382 religioni
1287 334 1510 380 congruat,

87 397 204 457 quod
228 397 474 456 disciplinae
498 398 734 452 conveniat,
758 397 874 456 quod
898 398 1021 441 saluti
1056 395 1260 456 proficiat.
1279 412 1299 436 ³>
1338 396 1390 439 Et
1420 409 1511 437 rur-

89 488 160 515 sus
184 471 268 531 (2):
300 489 318 512 «
343 471 432 515 Erit
454 470 521 514 lex
542 470 738 524 honesta,
764 471 890 523 iusta,
921 468 1137 528 possibilis
1161 468 1249 528 (3),
1275 467 1512 512 secundum

90 555 299 599 naturam,
334 541 570 585 secundum
607 541 962 585 consuetudinem
998 541 1169 598 patriae,
1203 539 1300 582 loco
1344 551 1512 597 tempo-

90 615 210 673 rique
244 615 518 667 conveniens,
553 614 801 668 necessaria,
836 613 965 667 utilis,
1001 611 1223 656 manifesta
1248 627 1437 670 quoque,
1461 626 1513 654 ne

91 686 248 745 aliquid
282 702 354 745 per
389 685 691 729 obscuritatem
725 686 766 728 in
802 686 998 743 captione
1033 684 1263 737 contineat,
1286 682 1403 726 nullo
1428 682 1512 740 pri-

91 769 201 801 vator
225 756 475 813 commodo,
509 755 583 800 sed
617 771 693 814 pro
743 756 965 799 communi
1000 755 1179 798 utilitate
1213 754 1370 797 civium
1405 753 1513 796 scri-

49 847 51 849 ¹
91 841 215 887 pta.»
256 828 433 872 Brevius
471 839 612 872 autem
662 826 710 870 ab
744 827 935 884 angelico
989 827 1181 870 Doctore
1214 825 1286 884 (4)
1333 836 1516 883 quatuor

90 902 366 959 assignantur
415 898 699 943 conditiones:
735 898 1002 957 quadruplici
1050 898 1253 940 nimirum
1295 913 1344 940 ex
1384 896 1516 954 capite

89 971 231 1030 legem
255 987 346 1029 esse
370 987 498 1030 posse
521 971 721 1014 iniustam
747 987 779 1014 s.
803 971 1000 1014 Thomas
1029 969 1216 1014 ostendit
1240 967 1514 1027 sequentibus

92 1045 228 1103 iisque
263 1044 443 1087 omnino
478 1042 700 1101 praeclaris
734 1042 887 1086 verbis:

217 1135 236 1157 «
268 1117 405 1174 Leges
429 1116 592 1174 positae
614 1115 862 1158 humanitus
891 1113 958 1158 vel
983 1126 1081 1157 sunt
1100 1115 1229 1158 iustae
1247 1112 1313 1156 vel
1333 1114 1518 1156 iniustae.

217 1206 236 1229 «
270 1188 316 1231 Si
348 1187 523 1245 quidem
556 1188 683 1231 iustae
716 1187 824 1243 sint,
873 1185 1024 1229 habent
1075 1186 1162 1228 vim
1216 1183 1430 1242 obligandi
1479 1184 1520 1225 in

191 1391 248 1435 (1)
276 1390 434 1436 Etymol.
462 1389 484 1424 1.
515 1398 543 1432 ς.
572 1400 602 1424 c.
635 1397 663 1432 3.

189 1450 246 1495 (2)
275 1449 431 1497 Etymol.
460 1450 482 1483 1.
506 1458 532 1492 5.
552 1461 580 1483 c.
602 1458 655 1483 21.
677 1446 729 1483 Cf.
752 1447 793 1482 de
824 1447 876 1481 his
907 1447 1036 1481 Isidori
1058 1447 1149 1481 locis
1168 1446 1294 1495 s.·Th.y
1317 1457 1344 1480 1.
1365 1455 1396 1480 2.
1415 1458 1447 1491 q.
1466 1456 1523 1492 95.

96 1523 125 1546 a.
155 1520 198 1555 3.,
227 1521 369 1546 necnon
396 1511 539 1552 SuareZ,
569 1509 610 1544 de
638 1509 705 1556 leg.
734 1509 757 1546 l.
791 1520 820 1543 1.
850 1520 879 1542 c.
906 1520 937 1553 c).

193 1569 249 1615 (3)
276 1570 311 1605 S.
339 1569 574 1615 Augustinus,
606 1568 696 1602 libro
726 1567 767 1602 de
796 1576 867 1602 nat.
897 1576 933 1601 et
964 1576 1050 1611 grat.
1072 1577 1146 1611 cap.
1167 1565 1234 1613 96„
1255 1566 1314 1601 ait:
1349 1566 1523 1600 «Firmis-

98 1631 188 1664 sime
216 1628 371 1664 creditur
398 1629 516 1663 Deum
556 1628 689 1662 iustum
717 1636 749 1661 et
790 1627 925 1661 bonum
970 1625 1210 1671 impossibilia
1250 1636 1322 1659 non
1365 1626 1524 1670 potuisse

97 1690 310 1736 praecipere.
333 1702 349 1719 »
379 1689 483 1729 Quae
511 1688 617 1721 verba
638 1696 830 1732 postquam
861 1686 979 1720 retulit
1007 1686 1146 1727 Suarcz,
1167 1687 1234 1719 loc.
1257 1686 1313 1719 cit.
1334 1696 1429 1719 num.
1458 1684 1521 1727 16„

95 1750 143 1785 ita
171 1749 298 1795 pergit:
330 1761 348 1779 «
367 1748 567 1791 Quomodo
595 1758 681 1792 ergo
710 1748 841 1792 poterit
870 1747 982 1780 homo
1011 1746 1249 1791 impossibilia
1292 1745 1526 1791 praecipere?

97 1809 203 1844 Unde
231 1808 264 1843 in
293 1808 362 1843 hoc
392 1817 444 1842 est
473 1819 604 1854 magna
633 1806 835 1841 differentia
866 1807 958 1840 inter
984 1807 1102 1841 Deum
1134 1814 1166 1840 et
1206 1805 1403 1847 hominem,
1431 1805 1525 1851 quod

99 1870 196 1905 Deus
221 1869 339 1916 aliqua
366 1877 485 1915 potest
511 1868 715 1914 praecipere
745 1866 981 1913 impossibilia
1009 1875 1168 1908 naturae,
1196 1866 1277 1911 quia
1311 1874 1427 1911 potest
1467 1864 1524 1899 illa

99 1928 215 1964 facere
244 1928 429 1975 possibilia
457 1938 519 1973 per
545 1929 710 1974 gratiam,
741 1938 846 1972 quam
875 1938 946 1960 non
977 1937 1097 1972 negat,
1128 1934 1299 1972 quantum
1330 1925 1363 1959 in
1393 1937 1429 1959 se
1458 1934 1523 1967 est,

97 1999 271 2035 quatenus
309 1988 351 2022 ad
391 1996 665 2033 praeceptorum
705 1987 995 2020 observationem
1036 1985 1238 2019 necessaria
1267 1993 1330 2025 est;
1362 1993 1395 2018 et
1442 1983 1523 2018 ideo

99 2059 242 2093 semper
268 2055 318 2082 est
348 2054 580 2092 praeceptum
608 2045 672 2080 Dei
703 2044 745 2079 de
773 2057 807 2080 re
835 2045 1010 2089 possibili,
1041 2045 1121 2090 quia
1165 2043 1258 2090 quod
1291 2055 1353 2089 per
1392 2044 1529 2077 amicos

101 2117 307 2152 possumus,
335 2104 545 2151 simpliciter
572 2104 762 2150 possimus,
794 2105 819 2136 si
850 2104 953 2136 amici
983 2103 1199 2137 auiiutorium
1229 2109 1368 2136 certum
1397 2111 1430 2136 et
1470 2113 1530 2147 pa-

101 2175 216 2200 ratum
245 2174 308 2200 est.
338 2165 513 2199 Homines
533 2173 652 2198 autem
681 2175 753 2197 non
783 2172 932 2208 possunt
953 2163 1035 2196 dare
1063 2163 1155 2195 vires
1182 2162 1224 2196 ad
1253 2169 1441 2207 praecepta
1462 2161 1530 2193 im-

102 2225 243 2271 plenda,
270 2233 303 2260 et
333 2225 413 2259 ideo
443 2224 519 2259 illas
547 2234 748 2270 supponere
779 2223 982 2257 necessario
1013 2222 1157 2263 debent,
1179 2220 1234 2255 vel
1261 2234 1303 2255 ex
1331 2229 1453 2255 natura
1473 2218 1528 2253 vel

103 2299 145 2321 ex
173 2286 284 2331 gratia
313 2287 407 2320 iuxta
436 2285 614 2330 praecepti
642 2284 902 2318 conditionem.
925 2298 941 2315 »

195 2345 250 2391 (4)
280 2345 317 2379 In
351 2356 378 2379 1.
405 2355 435 2378 2.
455 2356 487 2391 q.
506 2343 560 2391 96.
589 2356 618 2377 a.
646 2353 678 2385 4.
699 2344 817 2386 Quem
848 2342 1021 2376 inlocum
1052 2341 1194 2376 disserit
1223 2342 1362 2381 SuareZ,
1382 2339 1424 2373 de
1443 2340 1529 2385 hag„

102 2413 180 2439 tum
206 2403 283 2438 aliis
324 2403 424 2446 locis,
452 2413 527 2438 tum
568 2403 755 2448 praecipue
784 2401 801 2434 1.
841 2413 865 2435 1.
894 2414 921 2435 c.
944 2412 963 2446 9
982 2430 989 2443 ,
1019 2402 1077 2434 ubi
1119 2411 1197 2433 cum
1227 2399 1407 2445 Angelico
1451 2399 1527 2433 Do-

104 2472 202 2498 ctore
229 2463 387 2508 assignat
416 2473 566 2510 quatuor
593 2462 804 2508 praecipuas
833 2461 1074 2503 conditiones,
1093 2462 1244 2506 primam
1274 2472 1314 2494 ex
1336 2468 1434 2505 parte
1454 2468 1529 2491 ma—

105 2523 218 2564 tersae,
248 2522 393 2557 alteram
424 2534 463 2557 ex
493 2530 591 2568 parte
612 2520 704 2567 sinist.
733 2522 873 2555 tertiam
902 2535 943 2554 e<
972 2530 1068 2566 parte
1106 2519 1257 2563 fcrenti»,
1288 2527 1448 2565 quartam
1489 2530 1530 2550 ex

105 2590 203 2627 parte
222 2581 372 2627 formae.
