1734 2784
661 78 720 88 ..
753 67 839 110 229
873 78 931 88 ..

76 164 174 193 esse
208 148 458 206 exigitivam
491 149 682 206 praemii.
717 150 832 206 Ergo
867 148 1102 207 praedictae
1125 150 1330 204 actiones,
1362 163 1403 194 et
1435 166 1507 209 ge-

79 235 135 263 ne
147 220 272 263 ratim
293 220 480 263 actiones
505 235 656 263 omnes
678 219 763 278 legi
787 219 1032 264 conformes
1055 235 1130 264 seu
1158 220 1382 275 honestae,
1407 235 1506 266 sunt

82 291 328 334 meritoriae
361 289 474 348 apud
496 291 654 334 Deum.
681 291 714 334 E
739 291 952 334 contrario
975 303 1116 334 autem
1140 292 1328 346 actiones
1353 308 1504 337 omnes

79 362 334 406 inhonestae
382 374 482 405 sunt
529 362 642 419 apud
692 364 837 407 Deum
886 362 1198 406 demeritoriae:
1243 376 1341 407 sunt
1389 365 1504 408 enim

84 434 302 478 moraliter
334 434 486 490 malae,
518 434 646 478 libere
679 447 958 492 perpetratae,
992 434 1176 478 debitam
1200 436 1295 478 Deo
1321 435 1503 492 gloriam

82 506 359 563 denegantes,
394 522 439 549 ac
471 506 652 564 proinde
685 506 908 563 exigitivae
941 507 1190 563 punitionis

199 578 420 621 Praeterea
453 578 534 635 2.⁰)
568 577 703 620 homo
738 576 974 620 actionibus
1008 577 1201 620 honestis
1235 590 1435 635 operatur
1460 579 1502 620 in

80 648 251 694 bonum
283 648 410 692 huius
444 649 633 691 universi
663 635 706 691 'et
739 650 1019 706 potissimum
1044 650 1254 692 societatis
1278 648 1502 703 humanae,

78 722 200 764 cuius
234 722 325 778 ipse
360 720 534 778 quidem
569 733 632 763 est
670 720 934 773 membrum,
979 722 1097 764 Deus
1146 733 1288 764 autem
1337 733 1400 764 est
1432 737 1502 764 sa·-

76 793 198 850 piens
231 804 271 835 et
304 805 442 835 rectus
477 791 751 849 gubernator:
791 805 939 835 contra
971 808 1072 835 vero
1106 792 1344 836 actionibus
1378 792 1501 836 inho-

73 865 223 907 nestis,
258 865 391 921 Atqui
423 866 590 922 sapiens
626 877 666 907 et
698 876 837 907 rectus
874 863 1134 920 gubernator
1174 864 1256 907 hoc
1300 880 1398 908 suae
1432 880 1501 908 sa-

76 936 260 994 pientiae
294 949 334 979 et
368 936 609 979 rectitudini
645 935 781 990 debet,
815 948 860 978 ut
893 935 1056 978 bonum
1091 935 1156 978 vel
1190 936 1351 978 malum
1380 937 1499 979 retri-

79 1006 181 1051 buat
214 1008 278 1060 iis,
305 1008 377 1065 qui
410 1007 516 1050 bene
544 1007 609 1049 vel
633 1006 740 1049 male
764 1022 807 1049 se
832 1019 983 1062 gerunt
1008 1023 1107 1063 erga
1130 1007 1500 1063 communitatem,

74 1095 149 1122 seu
185 1080 257 1136 qui
289 1079 400 1122 bona
427 1078 493 1122 vel
527 1078 635 1121 mala
669 1091 768 1120 sunt
793 1077 985 1121 membra
1008 1079 1345 1131 communitatis,
1371 1093 1498 1135 quam

79 1149 302 1208 gubernat.
338 1151 453 1207 Ergo
487 1151 606 1192 Deus
641 1150 721 1192 hoc
769 1164 869 1191 suae
918 1150 1146 1206 sapientiae
1180 1164 1225 1192 ac
1257 1149 1498 1192 rectitudini

85 1220 223 1278 debet,
258 1233 303 1263 ut
336 1220 501 1263 homini
536 1220 716 1263 honeste
750 1221 888 1277 agenti
922 1219 1125 1263 retribuat
1161 1220 1342 1274 bonum,
1376 1220 1498 1263 inho-

78 1305 197 1336 neste
230 1308 332 1335 vero
367 1293 508 1349 agenti
542 1291 702 1334 malum
741 1291 955 1349 rependat.
996 1293 1110 1348 Ergo
1135 1292 1270 1335 homo
1305 1291 1498 1335 honestis

83 1362 319 1407 actionibus
363 1376 565 1417 meretur,
615 1363 853 1406 inhonestis
903 1362 1149 1406 demeretur
1196 1363 1307 1421 apud
1340 1364 1495 1406 Deum.

75 1435 288 1492 Apposite
321 1435 504 1492 Esparza
536 1434 621 1492 (1):
663 1453 681 1475 ‹<
704 1435 770 1477 Ad
805 1450 917 1487 eum,
943 1436 1013 1491 qui
1047 1434 1170 1477 habet
1193 1449 1338 1477 curam
1374 1450 1497 1477 com-

70 1507 307 1560 munitatis,
325 1518 504 1564 spectat,
523 1519 569 1549 ut
592 1506 780 1549 cumulet
804 1506 926 1548 bonis
952 1521 1042 1560 eos,
1069 1507 1141 1563 qui
1166 1518 1348 1563 prosunt
1372 1521 1496 1548 com-

84 1578 298 1635 munitati,
331 1591 371 1621 et
403 1590 502 1620 sunt
536 1578 639 1621 bene
674 1577 808 1620 affecti
836 1577 886 1620 ad
908 1577 1070 1621 bonum
1096 1593 1340 1631 commune,
1364 1590 1496 1635 utque

70 1661 197 1692 vexet
219 1648 438 1707 suppliciis
463 1665 551 1706 eos,
573 1651 645 1707 qui
669 1661 825 1691 nocent
860 1650 1157 1691 communitati
1192 1661 1232 1692 et
1260 1660 1358 1691 sunt
1385 1647 1495 1691 male

73 1719 207 1763 affecti
242 1720 291 1764 ad
315 1720 478 1763 bonum
505 1737 749 1764 commune.
780 1722 945 1763 Totum
973 1732 1115 1763 autem
1140 1720 1222 1763 hoc
1245 1721 1493 1763 universum

72 1804 136 1835 est
190 1793 390 1849 inprimis
446 1794 732 1835 communitas
782 1792 989 1849 quaedam
1043 1791 1237 1834 substans
1287 1807 1410 1834 curae
1455 1803 1497 1834 et

74 1863 369 1920 providentiae
403 1865 498 1906 Dei:
534 1863 686 1906 deinde
738 1865 999 1920 quicumque
1047 1862 1152 1905 bene
1185 1875 1398 1920 operatur,
1433 1874 1495 1905 est

79 1946 259 1977 eatenus
282 1933 388 1978 bene
412 1934 583 1978 affectus
608 1935 657 1978 ad
681 1934 841 1977 bonum
869 1950 1113 1991 commune,
1137 1934 1252 1992 quod
1276 1946 1338 1977 est
1361 1934 1496 1991 Deus,

72 2004 289 2062 siquidem
325 2021 376 2049 eo
410 2007 503 2063 ipso
539 2019 740 2064 operatur
774 2022 870 2048 cum
907 2005 1160 2049 adhaesione
1209 2006 1259 2049 ad
1292 2005 1493 2049 volunta-

74 2088 160 2119 tem
196 2076 381 2120 divinam
417 2090 457 2121 et
489 2077 539 2121 ad
579 2094 707 2121 suum
742 2077 943 2120 ultimum
977 2077 1120 2131 finem,
1153 2079 1226 2135 qui
1261 2077 1409 2120 itidem
1432 2088 1495 2119 est

74 2147 211 2191 Deus:
244 2160 285 2191 et
318 2162 533 2206 praeterea
573 2149 685 2192 idem
737 2149 842 2192 bene
893 2164 1072 2207 operans
1122 2148 1295 2206 prodest
1342 2147 1491 2190 saltem

64 2217 147 2260 sibi
182 2219 278 2276 ipsi,
315 2233 527 2278 augetque
568 2236 688 2263 suam
731 2220 965 2263 bonitatem
1014 2236 1058 2263 ac
1091 2220 1413 2278 perfectionem,
1446 2234 1493 2262 ac

66 2289 248 2346 proinde
284 2290 431 2346 efficit,
456 2305 502 2335 ut
535 2292 635 2335 haec
660 2280 946 2335 communitas
968 2293 1153 2336 universi
1177 2291 1324 2335 habeat
1356 2306 1492 2334 unum

63 2359 213 2403 -civem
246 2361 472 2406 meliorem
509 2376 549 2407 et
582 2363 970 2421 perfectiorem.....:
1004 2363 1181 2407 demum
1229 2363 1492 2422 quicumque

175 2533 233 2578 (1)
259 2533 347 2570 Loc.
373 2546 470 2581 saep.
497 2536 555 2571 cit.
