1734 2784
785 147 835 151 —
879 134 959 175 104
994 145 1049 151 —

208 214 580 271 considerandum)
615 215 1028 272 quoniodocumque
1076 213 1152 256 hac
1187 216 1226 257 in
1271 216 1354 257 vita
1387 231 1430 258 se
1478 227 1625 272 gerant

208 288 418 342 homines,
442 287 528 328 sive
562 289 762 329 virtutem
788 300 1000 329 sectentur
1023 288 1111 329 sive
1135 287 1248 340 vitia,
1272 302 1440 344 semper
1472 303 1624 330 omnes

207 359 385 413 gloriani
435 358 528 400 Deo
579 358 747 401 tandem
799 358 970 411 dabunt,
1004 359 1081 401 etsi
1131 374 1219 400 non
1269 358 1420 401 eodem
1473 372 1625 402 omnes

208 429 367 472 modo:
401 428 500 471 boni
533 429 772 485 gaudendo,
808 429 906 471 mali
955 429 1111 472 debit-„is
1154 429 1310 473 luendo
1354 445 1527 487 poenas,
1564 429 1625 472 illi

208 499 395 541 divinam
431 500 471 540 in
523 499 767 541 beatissimo
803 500 994 556 ipsorum
1045 512 1153 542 statu
1188 499 1422 542 bonitatem
1458 512 1498 542 et
1547 499 1626 542 cle-

207 573 424 623 mentiam,
474 570 514 611 lii
559 570 742 612 divinam
795 571 837 612 in
887 571 1131 613 miserrimo
1176 571 1370 628 ipsorum
1407 583 1514 614 statu
1561 586 1626 613 se-

207 644 424 685 veritatem
460 654 499 684 et
536 642 740 683 iustitiam
777 641 1100 685 manifestando.
1151 643 1199 684 In
1248 658 1329 699 qua
1379 641 1627 686 manifesta-

207 715 322 757 tione
355 727 524 756 externa
556 714 633 755 Dei
670 713 805 770 gloria
840 715 1032 757 consistit
1065 714 1227 772 (1).—
1261 714 1345 772 4⁰)
1381 715 1518 772 Caput
1552 714 1629 757 do-

209 786 365 827 ctrinae
412 784 461 827 ad
512 785 672 841 praxim
722 786 829 827 scitu
880 786 1166 828 necessarium
1217 797 1280 828 est
1329 785 1408 828 hoc
1443 811 1498 818 —
1531 797 1628 843 post

209 855 315 898 hanc
348 857 476 897 vitam
510 857 587 898 erit
620 855 746 899 altera
778 857 875 913 vita,
910 858 949 898 in
977 873 1056 913 qua
1083 858 1167 899 Ens
1194 873 1444 913 supremum
1474 857 1628 900 tribuet

208 929 446 986 praemium
481 929 727 970 maximum
764 929 860 985 illis,
894 930 967 986 qui
1000 929 1104 972 bene
1138 928 1215 972 hac
1248 930 1289 971 in
1323 930 1407 972 vita
1435 941 1628 986 egerunt,

208 999 313 1042 alios
356 1015 458 1042 vero
508 1015 645 1057 poena
691 999 842 1043 afficiet
886 1016 1017 1058 eaque
1062 1001 1258 1043 maxima.
1302 1026 1358 1033 —
1396 1001 1485 1043 Iam
1530 1015 1628 1043 cum

210 1071 363 1112 veritas
399 1070 500 1112 haec
533 1071 585 1112 sit
620 1069 755 1124 obvia,
800 1086 985 1129 cumque
1019 1072 1138 1114 Deus
1186 1072 1227 1113 in
1260 1072 1507 1114 necessariis
1541 1086 1628 1114 non

209 1141 331 1194 desit,
367 1140 565 1183 homines
612 1142 652 1183 in
686 1142 862 1185 naturali
897 1144 1023 1185 etiam
1058 1141 1205 1185 ordine
1238 1144 1477 1199 potuissent
1510 1141 1629 1186 facile

208 1340 417 1385 praestituit,
445 1341 560 1385 potuit
589 1351 664 1374 csse
692 1341 853 1374 omnium
893 1339 1116 1384 possibilium
1157 1339 1346 1372 maximus.
1386 1337 1629 1372 Perfectiones

208 1398 305 1432 enini
332 1398 494 1432 infinitae
521 1399 562 1432 ab
591 1410 698 1443 opere
724 1398 825 1432 finito
853 1410 995 1444 semper
1022 1398 1137 1444 magis
1175 1409 1215 1431 ac
1245 1397 1360 1443 magis
1403 1395 1630 1430 manifestari

207 1467 369 1503 possunt,
400 1470 596 1504 numquam
624 1470 708 1492 vero
737 1458 797 1500 ita,
843 1467 879 1492 ut
920 1459 1035 1504 magis
1078 1456 1301 1492 manifestari
1339 1464 1531 1502 nequeant.
1568 1457 1629 1490 Est

209 1517 316 1562 igitur
344 1518 466 1551 mundi
494 1518 575 1552 finis
602 1517 844 1552 manifestatio
872 1518 1072 1552 divinarum
1114 1516 1392 1563 perfectionum,
1434 1527 1508 1550 non
1536 1515 1628 1549 sim-

209 1577 359 1622 pliciter,
386 1578 445 1612 sed
474 1579 592 1612 solum
634 1578 669 1612 in
707 1579 945 1613 determinata
986 1577 1139 1624 quadam
1179 1588 1359 1619 mensura,
1404 1587 1511 1623 quam
1539 1577 1631 1610 inter

209 1648 338 1670 omnes
365 1638 552 1683 possibiles
573 1639 723 1673 Creator
750 1639 858 1673 libere
886 1638 1144 1684 praedefinivit.
1164 1638 1207 1672 Et
1225 1637 1322 1671 hunc
1349 1636 1472 1679 finem,
1498 1636 1535 1670 in
1561 1636 1630 1670 hac

210 1696 449 1731 determinata
477 1709 655 1732 mensura.
695 1698 851 1731 mundus
878 1697 1099 1731 adamussim
1135 1706 1342 1743 assequatur
1385 1707 1531 1731 necesse
1566 1704 1630 1730 est.

209 1755 278 1789 Dei
307 1756 401 1789 enim
430 1757 608 1798 voluntas,
648 1757 684 1790 in
720 1769 774 1799 eo,
819 1756 913 1803 quod
956 1756 1119 1791 absolute
1162 1765 1196 1791 et
1233 1755 1424 1790 efficaciter
1465 1755 1628 1796 intendit,

212 1813 369 1849 frustrari
397 1815 602 1850 nullatenus
629 1826 757 1862 potest.
785 1832 800 1847 »

308 1876 364 1919 (1)
393 1876 580 1921 Multiplex
609 1888 694 1922 ergo
723 1886 775 1911 est
794 1876 908 1922 gloria
926 1876 995 1910 Dei
1014 1876 1214 1910 extrinseca
1229 1903 1238 1917 ‚
1259 1886 1364 1921 quarn
1384 1874 1506 1910 vident
1524 1874 1630 1917 beati,

213 1942 246 1968 et
273 1934 316 1967 de
344 1946 410 1980 qua
439 1936 596 1969 maxime
623 1936 793 1981 gaudent.
820 1937 881 1970 Est
910 1935 1035 1980 gloria,
1065 1946 1171 1981 quam
1204 1935 1304 1969 Deus
1335 1934 1442 1969 habet
1480 1945 1523 1968 ex
1549 1945 1631 1980 per-

211 2001 320 2038 petua
348 1993 464 2033 laude,
491 1996 745 2030 benedictione
772 2005 805 2030 et
834 1995 1025 2041 gratiarum
1055 1995 1195 2029 actione
1229 1994 1416 2028 beatorum
1450 1994 1629 2028 omnium.

211 2053 273 2087 Est
302 2054 435 2099 gloria,
463 2066 552 2100 quae
580 2056 658 2088 Deo
687 2055 850 2100 provenit
877 2068 919 2088 ex
948 2055 1024 2099 ipso
1053 2061 1147 2088 statu
1175 2053 1360 2087 beatorum
1389 2061 1422 2086 et
1441 2051 1632 2098 splendore

215 2112 381 2148 coelestis
409 2114 572 2148 civitatis.
600 2115 659 2148 Est
687 2114 817 2159 gloria,
844 2126 933 2159 quae
960 2115 1040 2148 Deo
1069 2113 1210 2147 advenit
1245 2124 1286 2147 ex
1313 2112 1419 2146 bonis
1452 2112 1631 2146 viatorum

212 2173 380 2216 operibus
409 2181 442 2206 et
470 2184 511 2206 ex
539 2173 734 2218 impiorum
763 2173 1009 2206 conversione.
1038 2174 1099 2207 Est
1125 2172 1250 2218 gloria,
1277 2182 1365 2218 quae
1392 2172 1471 2205 Deo
1493 2169 1631 2204 accedit

211 2242 256 2264 ex
284 2231 443 2265 universi
478 2231 583 2265 huius
627 2240 660 2265 et
700 2231 923 2277 singularum
964 2231 1038 2265 eius
1075 2231 1228 2276 partium
1266 2232 1396 2276 specie,
1434 2228 1560 2263 ordine
1597 2237 1631 2262 et

211 2300 396 2326 structura.
424 2292 478 2324 Ac
505 2291 650 2325 tandem
678 2299 729 2323 est
757 2291 864 2324 etiam
894 2290 1021 2335 gloria,
1050 2301 1139 2336 quae
1165 2291 1244 2325 Deo
1272 2289 1416 2323 advenit
1446 2299 1488 2321 ex
1515 2287 1632 2322 iustis·

214 2351 315 2385 simis
342 2350 535 2396 impiorum
562 2345 760 2395 suppliciis,
788 2349 820 2382 in
850 2349 974 2395 quibus
993 2349 1135 2383 divinae
1154 2358 1187 2384 et
1206 2348 1399 2383 maiestatis
1418 2345 1630 2392 magnitudo

212 2420 246 2445 et
276 2411 428 2445 iustitiae
455 2410 623 2445 severitas
651 2410 739 2442 mire
767 2408 911 2442 relucet.
939 2408 1034 2441 Haec
1062 2408 1183 2442 omnia
1210 2409 1245 2441 in
1273 2407 1398 2441 ordine
1425 2406 1535 2440 etiam
1561 2415 1630 2441 na,-

212 2470 319 2505 turali
347 2470 467 2504 locum
495 2470 683 2503 haberent.
703 2467 822 2503 Multo
848 2475 971 2501 tamen
991 2467 1212 2512 splendidius
1239 2466 1274 2500 in
1292 2463 1551 2511 supernaturali
1576 2474 1633 2497 or-

213 2531 296 2565 dine
325 2531 548 2565 obtinebunt.
589 2529 644 2564 Cf.
674 2528 852 2570 Lessium‚
875 2526 916 2561 de
933 2538 1075 2561 summo
1102 2527 1198 2561 bono
1225 2526 1247 2561 l.
1267 2526 1309 2560 Π.
1329 2536 1359 2559 c.
1381 2533 1433 2568 13.
1451 2536 1486 2558 n.
1509 2532 1571 2558 102
1597 2531 1632 2557 et

212 2602 242 2624 c.
274 2599 325 2632 15.
355 2601 388 2623 n.
418 2599 492 2635 129.
