1734 2784
697 103 932 146 -29.-

98 192 125 235 i.
158 207 195 235 e.
229 205 304 248 per
337 188 641 246 interpositam*
668 197 905 229 creaturam
954 185 1205 229 rationalem
1239 187 1318 246 (1).
1369 189 1429 232 Ut
1476 189 1527 232 in-

99 259 467 314 sim'ilitu‘dinibus‚
499 275 603 317 quas
646 258 781 301 modo
825 274 876 301 ex
914 258 1118 315 Nysseno
1146 271 1201 302 ¹et
1243 261 1516 305 Nazianzeno

104 334 341 387 attulimus,
365 333 584 384 sistamus,
609 329 678 373 hic
710 329 824 373 orbis
857 331 1081 373 universus
1115 343 1177 373 est
1200 330 1305 375 liber
1326 334 1533 392 scriptusr

100 408 173 467 qui
205 417 372 450 enarrat
394 403 577 462 gloriam
603 403 700 457 Dei,
725 414 789 445 est
813 417 994 459 magnus
1029 414 1069 445 et
1102 402 1359 447 admirabilis
1399 421 1523 463 prae-

102 495 152 524 co
187 477 420 521 maiestatis
465 475 567 518 Dei.
603 473 688 518 Sed
734 472 855 528 liber,
892 475 965 532 qui
1014 487 1195 528 enarrat,
1246 491 1415 534 praeco,
1447 478 1521 534 qui

100 549 333 594 annuntiat
362 564 408 591 e.
442 563 483 604 g.
517 560 719 603 magnam
767 546 950 589 alicuius*
992 547 1104 603 regis
1152 547 1393 605 victoriam,
1443 564 1524 592 or-

103 622 273 667 dinatur
305 618 554 663 immediate
588 611 702 675 regis
737 617 848 659 illius
882 616 1076 671 subditis,
1110 619 1294 662 mediate
1316 635 1418 662 vero
1443 620 1529 678 ipsi

104 695 207 751 regi.
242 694 363 736 Patet
393 691 523 748 igitur
558 702 793 732 creaturam
828 689 1116 733 irrationalem
1149 706 1238 734 non
1270 707 1362 734 esse
1392 690 1523 735 finem

102 764 404 816 cztisshomi'nis3
437 762 512 805 sed
545 778 567 804 e
600 761 816 804 contrario
866 761 1090 805 hominem
1141 778 1233 806 esse
1282 763 1412 807 finem
1460 765 1535 807 cui·

105 837 242 895 (cuius
277 835 426 892 gratia)
459 845 651 876 creatura
682 832 937 875 irrationalis
971 834 1168 890 proxime
1202 846 1242 877 et
1275 834 1524 879 immediate

106 907 290 951 refertur
324 906 399 963 (2).
448 906 609 963 Itaque,
642 915 690 947 ut
724 903 893 947 disserit
941 905 1114 948 Lessius
1147 906 1223 963 (3),
1259 924 1279 947 «
1312 907 1430 950 Deus
1466 908 1524 951 ita*

109 992 173 1023 est
206 977 301 1021 finis
335 977 513 1021 ultimus
548 989 723 1019 naturae
756 976 988 1029 rationaliS‚
1022 990 1068 1020 ut
1092 979 1217 1021 etiam
1241 980 1294 1021 sit
1320 980 1410 1022 elus
1432 979 1537 1023 finis-

106 1050 347 1108 proximus:
384 1063 484 1092 cum
516 1063 606 1091 non
640 1048 694 1090 sit
725 1046 882 1104 aliquid
904 1047 1014 1090 infra
1036 1050 1196 1107 Deum,
1218 1049 1268 1092 ad
1292 1052 1410 1093 cuius
1434 1050 1531 1107 glo-

110 1123 217 1165 riam
248 1121 317 1164 vel
350 1118 637 1164 commodum
670 1120 760 1177 ipsa
803 1121 940 1177 possit
982 1121 1184 1164 ordinari.
1234 1122 1361 1166 Unde
1408 1122 1528 1166 solus

109 1195 230 1237 Deus
263 1205 328 1236 est
359 1191 458 1236 finis
492 1190 782 1245 immediatus,
814 1191 866 1234 ad
900 1193 1018 1235 cuius
1052 1192 1188 1235 solius
1222 1193 1405 1250 gloriam
1439 1195 1528 1252 ipsa

111 1276 174 1307 est
210 1262 397 1307 condita.
431 1264 599 1307 Verum
632 1275 804 1305 naturae
838 1262 1092 1306 irrationalis
1125 1264 1245 1307 Deus
1268 1264 1323 1307 ita
1350 1277 1413 1308 est
1435 1263 1541 1308 finis-

117 1335 313 1391 ultimus,
347 1346 393 1377 ut
426 1334 517 1392 ipsa
550 1334 676 1376 etiam
710 1332 840 1376 alium
864 1332 993 1377 finem
1018 1334 1179 1389 habeat,
1203 1335 1254 1379 ad
1278 1352 1408 1394 quem
1431 1353 1535 1396 pro-

205 1546 262 1590 (1)
290 1545 330 1579 In
358 1545 434 1590 ipso
465 1543 616 1578 homine
643 1543 846 1578 intellectus
873 1552 908 1577 et
934 1543 1101 1579 voluntas
1127 1554 1209 1580 sunt
1226 1546 1308 1581 illae
1336 1546 1543 1590 facultates,.

114 1616 205 1652 quae
230 1615 381 1649 capaces
408 1612 489 1638 sunt
516 1603 764 1648 cognoscendi
792 1612 826 1637 et
853 1604 998 1637 amandi
1027 1605 1156 1639 Deum.
1183 1606 1287 1640 Aliae
1315 1607 1434 1652 igitur,
1463 1609 1540 1655 qui-

113 1664 179 1698 bus
205 1663 320 1697 homo
348 1662 475 1708 pollet,
501 1662 700 1704 facultates,
727 1663 967 1708 superioribus
999 1663 1068 1697 illis
1095 1665 1389 1709 subordinantur,
1419 1678 1534 1713 eoque

114 1722 242 1758 ultime
271 1721 481 1768 diriguntur,
511 1729 548 1755 ut
575 1720 655 1755 illas
681 1721 802 1755 iuvent
830 1730 864 1755 et
890 1722 1045 1757 excitent
1072 1722 1116 1756 ad
1133 1723 1202 1758 Dei
1229 1724 1477 1770 cognitionem
1505 1735 1539 1761 et

115 1793 292 1818 amorem.

211 1843 262 1886 (2)
289 1840 401 1882 Quod
428 1840 577 1887 reliqua,
608 1852 699 1887 qnae
728 1842 761 1874 in
790 1840 925 1875 mundo
954 1841 1120 1884 existunt,
1146 1842 1215 1877 sint
1241 1852 1386 1890 propter
1413 1845 1536 1879 homi-

116 1912 212 1937 nem.
243 1901 278 1934 id
303 1911 348 1935 ss.
377 1901 500 1936 Patres
532 1912 573 1935 ex
601 1911 642 1935 eo
669 1900 777 1936 etiarn
818 1900 1004 1946 colligunt,
1032 1902 1129 1947 quod
1166 1903 1279 1938 homo
1307 1915 1326 1938 a
1365 1905 1445 1939 Deo
1485 1905 1538 1939 fa-

120 1971 197 1997 ctus
223 1961 266 1995 sit
295 1969 378 2006 post
415 1960 564 1996 aliarum
603 1972 720 1994 rerum
756 1961 991 1995 creationem:
1032 1963 1176 1998 «Recte
1213 1965 1446 2007 novissimus,
1488 1966 1536 2000 ait

118 2032 144 2056 s.
172 2020 397 2062 Ambrosius,
424 2032 478 2066 ep.
502 2020 567 2064 58„
586 2021 686 2066 quasi
713 2021 823 2054 totius
841 2031 984 2055 summa
1001 2022 1133 2067 operis,
1153 2023 1250 2069 quasi
1270 2034 1373 2058 causa
1398 2024 1535 2068 mundi,

119 2089 266 2126 propter
291 2091 398 2126 quem
424 2078 513 2114 facta
541 2089 623 2114 sunt
650 2079 823 2113 omnia.»
856 2080 928 2114 «Si
954 2090 1170 2126 postremus,
1199 2082 1312 2129 inquit
1338 2083 1537 2118 Nazianze-

120 2149 200 2180 nus,
224 2148 276 2171 or.
293 2137 419 2173 XL111.
448 2148 500 2180 4.,
528 2137 641 2171 homo
669 2146 807 2172 creatus
832 2147 932 2173 est....
959 2139 1096 2173 nemini
1125 2141 1256 2174 mirum
1282 2141 1396 2176 videri
1422 2142 1537 2177 debet.

121 2196 417 2231 construendum
445 2197 540 2232 enim
562 2197 657 2242 prius
675 2207 859 2244 tamquam
885 2199 960 2244 regi
978 2198 1151 2244 palatium
1177 2209 1262 2242 erat,
1280 2210 1384 2247 atque
1404 2203 1451 2236 ita
1477 2214 1538 2236 rex

123 2256 405 2292 introducendus
432 2258 534 2291 omni
560 2259 628 2292 iam
657 2269 721 2292 suo
749 2258 920 2293 satellitio
948 2259 1108 2305 stipatus.
1126 2273 1143 2292 »
1180 2259 1235 2295 cf.
1263 2261 1376 2296 Corn.
1405 2273 1424 2295 a
1450 2262 1536 2307 Lap.

123 2316 213 2351 Gen.
243 2328 271 2352 c.
302 2327 331 2353 1.
367 2316 418 2352 16.
446 2318 539 2353 Cum
567 2318 656 2352 haec
683 2318 773 2353 adsit
801 2327 982 2353 creaturae
1010 2319 1226 2354 irrationalis
1254 2321 1297 2354 ad
1325 2321 1537 2355 rationalem

123 2377 384 2420 subordinatio,
412 2377 495 2411 hinc
522 2378 704 2424 inquirunt
739 2388 914 2417 auctores,
941 2388 1058 2414 utrum
1086 2381 1183 2415 Deus
1222 2380 1398 2426 potuisset
1425 2392 1545 2416 creare

129 2435 226 2471 solas
253 2448 308 2471 res
334 2448 441 2471 sensu
468 2446 528 2472 aut
553 2439 691 2473 ratione
717 2448 888 2474 carentes.
916 2439 968 2475 Cs.
996 2440 1229 2484 Pallan-icum,
1256 2440 1305 2476 del
1331 2441 1409 2476 bene
1435 2441 1456 2477 l.
1476 2442 1538 2477 111.

125 2505 224 2542 parte
255 2507 283 2532 1.
311 2508 340 2532 c.
371 2506 422 2541 34.

221 2557 272 2601 (3)
299 2557 355 2592 De
381 2557 466 2603 perf.
495 2569 586 2593 mor.
614 2560 682 2594 div.
710 2559 732 2594 l.
760 2560 854 2594 XIV.
882 2571 910 2595 c.
938 2571 967 2603 4.
