1734 2784
0 2657 9 2674 Ι

0 2677 29 2784 i

95 223 302 269 moralem
346 239 438 267 esse
487 222 805 266 immunitatem
856 220 903 264 ab
952 220 1215 278 obligatione
1264 236 1335 264 seu
1372 236 1394 263 a
1425 219 1519 277 lege

96 297 312 354 obligante
345 295 397 340 ad
429 295 694 354 positionem
723 293 788 338 vel
813 295 1098 338 omissionem
1123 293 1302 337 alicuius
1329 294 1521 337 actionis

100 371 215 413 Haec
247 367 454 412 libertatis
488 366 642 410 divisio
675 368 717 409 in
750 366 971 425 physicam
1023 377 1063 409 et
1097 365 1307 408 moralem
1353 378 1415 409 est
1448 381 1520 409 ac-

100 453 243 485 curate
277 438 603 499 perpendenda:
639 455 762 497 saepe
797 439 911 482 enim
943 437 990 482 fit
1011 473 1022 492 ‚
1059 450 1104 480 ut
1137 437 1296 496 aliquid
1330 439 1383 482 sit
1412 438 1519 497 phy-

95 515 185 567 sice,
219 528 308 556 non
342 524 484 556 autem
520 511 725 555 moraliter
758 510 954 555 liberum.
979 512 1039 555 Ut
1072 509 1316 570 exemplum
1352 527 1401 553 ex
1429 509 1521 567 lege

98 585 385 630 ecclesiastica
407 583 703 642 desumamus,
728 584 889 628 auditio
913 585 1069 628 Missae
1093 582 1240 627 diebus
1276 583 1520 626 Dominicis

98 669 138 700 et
171 656 304 714 festis,
340 657 418 700 etsi
451 655 627 714 physice
676 656 803 699 libera
852 657 923 709 sit,
974 671 1059 699 non
1101 644 1250 699 'tannen
1299 668 1361 699 est
1394 654 1521 698 libera

99 728 334 782 moraliter,
369 728 460 771 aliis
495 743 597 771 vero
632 727 779 771 diebus
830 741 867 771 et
902 728 1077 786 physice
1126 741 1189 771 est
1232 740 1271 772 et
1305 727 1522 772 moraliter

101 799 242 845 libera.

216 872 330 915 Hinc
362 870 572 928 intelliges
618 871 695 930 If)
729 873 1000 915 notissimam
1045 872 1157 915 illam
1195 873 1411 915 actionum
1446 872 1520 915 bo-

96 957 247 987 narum
298 942 553 987 divisionem
604 943 645 985 in
694 942 950 1000 obligatorias
999 958 1039 986 et
1094 944 1238 987 liberas
1278 944 1522 1001 (superero-

97 1015 317 1073 gatorias)‚
351 1028 479 1073 prout
512 1014 627 1059 adest
675 1015 742 1059 vel
790 1032 877 1059 non
926 1017 1042 1059 adest
1092 1016 1296 1073 obligatio
1331 1015 1520 1074 ponendi

97 1087 324 1131 actionem.
374 1086 589 1144 intelliges
640 1088 716 1145 2.0)
758 1086 898 1144 legem
948 1104 1035 1130 non
1084 1087 1233 1131 tollere
1281 1086 1516 1131 libertatem

89 1153 335 1217 physicam,
369 1158 442 1202 sed
477 1174 570 1202 eam
594 1168 808 1215 coarctare,
839 1172 1048 1202 coarctare
1083 1172 1225 1203 tamen
1248 1173 1335 1202 non
1348 1160 1517 1218 physico,

97 1229 171 1274 sed
204 1231 412 1274 moraliter
445 1231 521 1288 (Ι),
557 1230 684 1289 idque
717 1232 759 1274 ‘in
793 1230 939 1274 honam
968 1232 1328 1290 peiji’ctionemqnc
1361 1231 1519 1275 volun-

96 1302 205 1345 tatis.
242 1302 411 1345 Etenim
445 1302 813 1360 quemadmodum
849 1303 889 1345 in
923 1302 1084 1345 bonum
1120 1303 1512 1362 perfectionemque

96 1371 371 1417 intellectivae
422 1372 628 1417 facultatis
677 1387 739 1417 est
790 1374 830 1417 id
873 1390 1018 1431 omne,
1066 1375 1183 1433 quod
1232 1375 1426 1433 impedit,
1461 1392 1512 1419 ne

96 1460 215 1490 mens
248 1445 353 1489 falso
387 1445 609 1490 adhaereat
642 1462 715 1490 seu
751 1448 792 1489 in
827 1462 1017 1490 errorem
1052 1447 1230 1505 incidat3
1267 1449 1321 1491 ita
1354 1449 1395 1491 in
1428 1447 1511 1491 bo-

94 1533 199 1560 num
233 1517 626 1577 perfectionemque
674 1519 888 1577 potentiae
938 1518 1134 1562 volitivae
1183 1532 1246 1562 est
1282 1519 1358 1573 lox,
1407 1537 1513 1578 quae

94 1587 255 1632 bonum
298 1589 597 1648 praecipiendo
642 1589 858 1633 malumve
906 1589 1175 1648 prohibendo
1224 1590 1419 1649 impedit,
1459 1609 1510 1635 ne

93 1659 291 1704 voluntas
323 1660 487 1705 bonum
521 1663 704 1716 omittat,
730 1674 940 1720 perpetret
978 1661 1138 1705 malum
1184 1662 1360 1717 morale,
1397 1665 1513 1722 quod

93 1733 259 1790 agendo
292 1749 313 1776 a
345 1745 462 1777 recto
495 1735 665 1777 virtutis
700 1735 866 1777 tramite
891 1746 929 1777 et
963 1735 1056 1792 ipso
1081 1733 1161 1778 fine
1197 1735 1350 1779 ultimo
1389 1735 1513 1779 defle-

96 1818 236 1850 cteret.
273 1807 398 1861 Quae
431 1808 576 1850 omnia
610 1824 659 1850 ex
691 1818 867 1849 tractatu
903 1805 954 1849 de
987 1806 1150 1864 legibus
1185 1807 1333 1851 clarius
1378 1808 1507 1852 intel—

99 1877 296 1936 ligentur.

215 1951 385 1994 Praeter
418 1951 639 2010 physicam
674 1964 713 1994 et
746 1951 952 1995 moralem
985 1951 1223 1996 libertatem
1249 1968 1392 1997 sermo
1431 1953 1512 1997 fre-

97 2034 276 2080 quenter
309 2022 487 2066 habetur
521 2022 572 2066 de
602 2022 791 2066 libertate
813 2024 924 2066 civili
946 2024 988 2081 (i.
1013 2042 1046 2067 e.
1075 2024 1124 2067 de
1149 2023 1357 2079 facultate,
1382 2041 1509 2083 quam

97 2092 231 2136 1101110
267 2093 406 2148 habet,
442 2095 613 2153 propria
658 2096 746 2137 iura
794 2111 871 2152 pro
908 2094 1041 2138 lubitu
1091 2096 1328 2157 exercendi)
1376 2097 1512 2155 deque

190 2328 246 2372 (1)
274 2328 321 2363 Ut
350 2328 517 2374 exemplo
557 2328 675 2374 aliquo
716 2340 789 2363 rem
819 2329 1051 2371 declaremus,
1087 2331 1273 2377 physicam
1314 2331 1513 2366 libertatem

95 2387 301 2422 ambulandi
322 2388 457 2434 physice
485 2397 641 2422 coarctat
670 2389 739 2431 ille,
769 2390 824 2435 qui
853 2389 996 2425 alterius
1021 2391 1129 2436 pedes·
1158 2391 1311 2424 vinculis
1339 2392 1516 2426 coustrin-

95 2448 156 2491 gst,
183 2448 360 2482 moraliter
387 2457 544 2482 coarctat
573 2448 641 2491 ille,
670 2450 726 2495 qui
754 2449 853 2484 alteri
883 2451 923 2484 ab
952 2451 1053 2483 0111111
1083 2451 1162 2484 licet
1191 2451 1366 2496 compede
1394 2452 1513 2485 soluto

95 2507 344 2542 auctoritative
373 2508 537 2552 prohibet
567 2520 610 2543 ue
651 2509 819 2547 ambulet,
848 2521 996 2554 poenas,
1027 2512 1052 2543 si
1089 2511 1121 2543 id
1162 2509 1276 2551 faciat,
1313 2512 1512 2545 commini—

96 2566 217 2601 tando.
246 2568 316 2601 Lex
345 2567 413 2601 hoc
440 2567 512 2601 alio
541 2568 662 2605 modo,
692 2568 712 2601 ἷ..
742 2580 770 2602 e.
800 2569 995 2607 moraliter„
1018 2570 1219 2605 libertatem
1248 2571 1433 2616 physicam
1454 2582 1512 2605 co-

95 2635 218 2670 arctat,
249 2638 322 2661 non
350 2635 467 2662 autem
497 2627 650 2673 physice.
