1734 2784
176 180 179 183 Δ
653 134 704 141 ·-·
744 119 792 164 33
831 133 887 141 -“

67 179 397 271 plenitudinem
411 222 507 265 esse
536 181 793 260 felicitatem.
827 222 851 245 »
889 204 1038 248 Tertii
1081 180 1180 246 nota
1224 218 1273 245 ex
1322 199 1483 244 duibus

60 280 279 342 prioribus
304 263 529 341 dependet:
542 294 712 345 nempe,
739 276 790 322 ad
804 265 853 320 be
857 274 1108 336 atitudinem
1128 274 1357 339 requiritur
1375 285 1485 316 certi

61 353 252 411 cognitio
287 352 342 406 de.
371 362 577 411 perpetua
609 362 702 393 tum
726 348 826 394 mali
846 331 1144 393 ιῦεὲιιιῑίειιιιιιι
1162 338 1266 390 boni
1288 360 1484 402 praesen-

59 426 129 469 tia.
166 425 219 467 Et
253 438 352 467 sane
386 421 668 481 facssaliquem
703 435 792 464 non
836 419 988 464 habere
1031 418 1139 462 hanc
1187 417 1237 460 de
1285 429 1486 474 perpetiit

63 481 474 555 boni-'possessione
507 481 802 553 securitatem:
826 493 873 534 is.
895 490 1086 550 profecto
1119 489 1241 535 alicui
1266 489 1349 543 iam
1373 487 1484 530 malo

61 567 223 620 subest,
258 559 478 625 siquidem
500 565 686 623 omnino
715 583 735 606 (ι
756 579 929 620 necesse
963 575 1041 627 est,
1065 561 1182 621 quod
1205 563 1341 606 timore
1363 561 1485 607 amit-

59 639 177 684 tendi
220 638 286 684 vel
319 630 456 683 dolore
496 627 546 682 de
586 637 838 682 certitudine
871 637 1115 680 amissionis
1149 633 1359 691 affligatur
1375 633 1485 692 )>(1).

62 713 138 756 Sin
171 712 314 769 minus
342 711 377 764 ijs
398 722 515 769 „car-et
538 708 653 767 bono
679 709 752 753 illo
786 708 892 767 adeo
928 707 1154 767 praestanti
1187 706 1327 749 suavis
1372 718 1488 748 tran-

61 782 295 843 quillitatis,
318 799 448 842 quam
469 783 615 827 animo
640 781 762 825 affert
798 782 989 840 cognitio
1011 793 1122 824 certa
1146 780 1196 823 de
1220 793 1366 822 secura
1387 776 1488 820 boui

62 854 224 899 obtenti
257 855 547 914 possessione.

182 928 242 987 2⁰)
274 916 350 971 Ad'
375 925 648 972 beatitudinis
681 926 932 984 partitiones
998 924 1114 983 quod
1149 924 1311 978 attinet,
1346 922 1493 965 easin-

59 1001 208 1058 primis
238 1001 274 1058 Ἄ)
309 999 588 1056 distinguitur
628 999 669 1042 in
698 998 918 1057 pc-ifrclam
947 1009 986 1040 et
1012 996 1282 1054 imperfectam
1319 996 1392 1053 (2).
1418 995 1492 1038 Est

63 1070 265 1130 perfecta,
303 1072 337 1114 si
371 1083 458 1114 tres
491 1070 601 1128 illae,
635 1070 686 1114 de
719 1069 872 1128 quibus
908 1069 1110 1121 diximus,
1145 1080 1276 1110 notaev
1305 1066 1488 1109 omnino

63 1157 108 1186 ac
138 1158 237 1186 vere
276 1155 541 1185 concurrant:
578 1142 642 1184 sin
676 1153 819 1184 autem
854 1156 1006 1183 omnes
1040 1138 1104 1182 vel
1151 1140 1277 1182 etiam
1326 1136 1492 1194 aliquae

64 1213 274 1268 deficiant,
294 1214 379 1258 iam
403 1213 467 1257 Vel
496 1212 610 1257 nulla
634 1214 712 1257 erit
735 1212 970 1265 beatitudo,
1006 1212 1070 1255 vel
1095 1208 1399 1254 tantummodo
1425 1209 1490 1250 in—

64 1285 212 1329 choata
245 1301 319 1329 seu
353 1283 611 1343 imperfecta.
648 1286 827 1342 Insuper
854 1286 892 1341 f.)
917 1281 1286 1342 quemadmodum
1327 1282 1365 1323 in
1408 1280 1488 1323 line

63 1520 147 1564 vult,
173 1519 260 1554 haec
288 1520 409 1555 habet:
442 1535 458 1550 «
485 1519 595 1554 Velle
634 1519 730 1566 quod
762 1531 839 1554 non
882 1520 1023 1563 deceat:
1053 1520 1146 1555 idem
1173 1520 1294 1566 ipsum
1334 1520 1494 1555 miserri-

64 1591 178 1614 mum:
206 1591 272 1614 nec
298 1588 372 1614 tam
399 1580 570 1614 miserum
598 1589 662 1622 est,
693 1590 767 1613 non
795 1580 954 1625 adipisci
987 1580 1084 1626 quod
1112 1579 1215 1622 velis,
1246 1591 1350 1626 quam
1379 1581 1494 1626 adipi-

65 1641 115 1675 sci
143 1639 236 1674 velle
263 1639 359 1687 quod
384 1650 460 1674 non
487 1647 665 1685 oporteat:
697 1639 774 1684 plus
803 1640 898 1673 enim
928 1639 1019 1673 mali
1053 1641 1212 1685 pravitas
1246 1639 1360 1681 affert,
1391 1652 1495 1686 quam

65 1699 205 1734 fortuna
233 1700 399 1746 cuiquam
428 1699 524 1734 boni.
548 1716 563 1730 »
605 1701 663 1734 De
690 1698 754 1733 hac
784 1712 810 1733 s.
833 1700 1025 1743 Augustini
1047 1699 1258 1733 definitione
1289 1699 1333 1733 cf.
1355 1711 1380 1734 s.
1399 1699 1497 1734 Tho-

67 1769 173 1799 mam,
195 1769 222 1793 1.
251 1769 284 1794 2.
313 1771 344 1806 q.
374 1769 402 1803 ς.
430 1771 464 1793 a.
495 1759 527 1794 8.
557 1759 600 1793 ad
630 1768 658 1802 3.

158 1820 209 1864 (ι)
235 1820 273 1855 S.
301 1819 477 1862 Thomas,
510 1830 535 1853 1.
563 1830 593 1854 2.
623 1831 655 1865 q.
687 1827 715 1861 ς.
754 1830 784 1853 a.
804 1831 832 1864 3.
863 1820 900 1854 ln
930 1830 998 1866 quo
1028 1829 1092 1854 art.
1126 1831 1154 1865 3.
1175 1820 1266 1853 hanc
1294 1819 1398 1854 tradit
1428 1832 1495 1853 no-

63 1878 203 1913 tionem
231 1877 429 1913 felicitatis:
463 1894 480 1910 «
512 1879 717 1921 Beatitudo,
747 1891 827 1913 cum
856 1880 898 1914 sit
926 1879 1123 1925 perfectum
1157 1889 1190 1914 et
1217 1879 1395 1913 sufficiens
1434 1880 1496 1913 bo-

66 1949 164 1981 num,
183 1949 294 1973 omne
313 1939 453 1973 malum
474 1938 637 1974 excludit
658 1948 692 1974 et
712 1951 824 1974 omne
844 1939 1063 1974 desiderium
1084 1939 1221 1985 implet.
1242 1955 1258 1969 »
1283 1940 1336 1975 Cs,
1364 1952 1390 1973 s.
1410 1939 1498 1974 Gre-

67 1999 212 2043 gotium
240 1998 358 2046 Nyss.²
389 1998 448 2034 lib:
470 1998 513 2034 de
547 2000 641 2034 beat.
669 2001 704 2034 in
732 2001 845 2046 princ.
866 2009 917 2042 31.

164 2058 215 2104 (2)
247 2073 263 2090 «
284 2059 442 2106 Duplex,
461 2059 510 2095 ita
536 2071 562 2094 s.
580 2059 756 2102 Thomas,
792 2071 818 2094 1.
840 2070 868 2094 2.
891 2072 924 2106 q.
959 2071 987 2104 3.
1007 2072 1036 2094 a.
1065 2061 1111 2103 6.‚
1142 2070 1192 2095 est
1223 2061 1381 2095 hominis
1417 2061 1497 2095 bea-

66 2116 195 2160 titudo,
223 2129 291 2152 una
314 2117 471 2165 perfecta
511 2128 546 2153 et
584 2118 652 2153 alia
691 2118 904 2166 imperfecta.
937 2119 1093 2165 Oportet
1134 2128 1255 2154 autem
1295 2121 1497 2166 intelligere

67 2175 261 2222 perfectam
290 2178 563 2219 beatitudinem,
598 2190 686 2224 quae
714 2180 858 2224 attingit
886 2179 928 2213 ad
965 2190 1086 2214 veram
1114 2179 1344 2215 beatitudinis
1379 2180 1497 2214 ratio-

72 2247 167 2277 nem,
195 2236 457 2272 beatitudinem
484 2246 606 2272 autem
634 2236 896 2284 imperfectam,
926 2249 1016 2284 quae
1043 2250 1117 2273 non
1147 2239 1306 2285 attingit,
1333 2240 1393 2273 sed
1423 2251 1500 2285 par-

66 2295 191 2341 ticipat
220 2296 414 2342 quamdam
443 2297 699 2343 particularem
729 2297 963 2331 beatitudinis
994 2297 1280 2332 similitudinem.
1308 2299 1406 2333 Sicut
1447 2308 1498 2332 est

72 2353 229 2400 perfecta
255 2355 496 2401 prudentiain
518 2356 682 2399 homine⁷
704 2357 795 2402 apud
836 2369 941 2403 quem
971 2366 1022 2392 est
1051 2358 1141 2392 ratio
1161 2369 1279 2391 rerum
1300 2357 1500 2403 agibilium.

71 2415 280 2460 imperfecta
306 2423 426 2450 autem
451 2415 645 2462 prudentia
673 2425 724 2450 cst
754 2417 786 2449 in
815 2417 1025 2462 quibusdam
1056 2417 1269 2450 animalibus
1311 2417 1436 2455 brutis,
1466 2419 1498 2450 in

70 2473 195 2520 quibus
222 2483 303 2508 sunt
332 2474 477 2521 quidam
507 2475 736 2521 particulares
765 2475 959 2510 instinctus
987 2476 1028 2509 ad
1059 2475 1234 2522 quaedam
1264 2488 1372 2521 opera
1403 2477 1502 2509 sim?-

73 2532 119 2566 lia
145 2533 313 2579 operibus
340 2534 559 2580 prudentiae.
579 2551 594 2565 »
620 2536 738 2579 Quam
765 2536 930 2570 eamdem
951 2536 1222 2570 distinct²oucm
1246 2536 1384 2581 saepius
1401 2548 1500 2570 com-

3 2583 31 2641 ’J‘
75 2601 265 2628 memorat.

0 2659 25 2702 J>

0 2697 55 2784 ἦ

1367 2653 1379 2686 3
