<?xml version="1.0" encoding="UTF-8"?>
<!DOCTYPE html PUBLIC "-//W3C//DTD XHTML 1.0 Transitional//EN"
    "http://www.w3.org/TR/xhtml1/DTD/xhtml1-transitional.dtd">
<html xmlns="http://www.w3.org/1999/xhtml" xml:lang="en" lang="en">
 <head>
  <title>
</title>
<meta http-equiv="Content-Type" content="text/html;charset=utf-8" />
  <meta name='ocr-system' content='tesseract 3.04.00' />
  <meta name='ocr-capabilities' content='ocr_page ocr_carea ocr_par ocr_line ocrx_word'/>
</head>
<body>
  <div class='ocr_page' id='page_1' title='image "./institutionesphi01ferr_0333.png"; bbox 0 0 1734 2784; ppageno 0'>
   <div class='ocr_carea' id='block_1_1' title="bbox 712 75 975 118">
    <p class='ocr_par' dir='ltr' id='par_1_1' title="bbox 712 75 975 118">
     <span class='ocr_line' id='line_1_1' title="bbox 712 75 975 118; baseline -0.004 -23"><span class='ocrx_word' id='word_1_1' title='bbox 712 75 975 118; x_wconf 73' lang='lat'>—313—</span> 
     </span>
    </p>
   </div>
   <div class='ocr_carea' id='block_1_2' title="bbox 122 155 1554 2004">
    <p class='ocr_par' dir='ltr' id='par_1_2' title="bbox 128 155 1551 790">
     <span class='ocr_line' id='line_1_2' title="bbox 131 155 1550 214; baseline -0.003 -12"><span class='ocrx_word' id='word_1_2' title='bbox 131 169 248 203; x_wconf 85' lang='lat' dir='ltr'>certo</span> <span class='ocrx_word' id='word_1_3' title='bbox 283 156 604 201; x_wconf 84' lang='lat' dir='ltr'>confirmantur.</span> <span class='ocrx_word' id='word_1_4' title='bbox 638 156 769 200; x_wconf 86' lang='lat' dir='ltr'>Teste</span> <span class='ocrx_word' id='word_1_5' title='bbox 801 157 1011 199; x_wconf 85' lang='lat' dir='ltr'>nimirum</span> <span class='ocrx_word' id='word_1_6' title='bbox 1034 155 1231 210; x_wconf 85' lang='lat' dir='ltr'>historia,</span> <span class='ocrx_word' id='word_1_7' title='bbox 1255 157 1328 214; x_wconf 88' lang='lat' dir='ltr'>qui</span> <span class='ocrx_word' id='word_1_8' title='bbox 1352 156 1550 200; x_wconf 88' lang='lat' dir='ltr'>homines</span> 
     </span>
     <span class='ocr_line' id='line_1_3' title="bbox 130 227 1549 274; baseline -0.001 0"><span class='ocrx_word' id='word_1_9' title='bbox 130 231 340 274; x_wconf 89' lang='lat' dir='ltr'>rationem</span> <span class='ocrx_word' id='word_1_10' title='bbox 364 228 549 273; x_wconf 84' lang='lat' dir='ltr'>habuere</span> <span class='ocrx_word' id='word_1_11' title='bbox 573 227 811 272; x_wconf 87' lang='lat' dir='ltr'>secundum</span> <span class='ocrx_word' id='word_1_12' title='bbox 829 241 1001 272; x_wconf 89' lang='lat' dir='ltr'>naturae</span> <span class='ocrx_word' id='word_1_13' title='bbox 1020 227 1318 272; x_wconf 86' lang='lat' dir='ltr'>conditionem</span> <span class='ocrx_word' id='word_1_14' title='bbox 1337 228 1549 272; x_wconf 81' lang='lat' dir='ltr'>sufficien-</span> 
     </span>
     <span class='ocr_line' id='line_1_4' title="bbox 129 299 1549 358; baseline -0.001 -13"><span class='ocrx_word' id='word_1_15' title='bbox 129 313 194 345; x_wconf 90' lang='lat' dir='ltr'>ter</span> <span class='ocrx_word' id='word_1_16' title='bbox 225 300 459 358; x_wconf 84' lang='lat' dir='ltr'>evolutam,</span> <span class='ocrx_word' id='word_1_17' title='bbox 491 300 521 342; x_wconf 88' lang='lat' dir='ltr'>ii</span> <span class='ocrx_word' id='word_1_18' title='bbox 554 312 600 343; x_wconf 87' lang='lat' dir='ltr'>ut</span> <span class='ocrx_word' id='word_1_19' title='bbox 632 301 675 343; x_wconf 86' lang='lat' dir='ltr'>in</span> <span class='ocrx_word' id='word_1_20' title='bbox 697 299 848 342; x_wconf 88' lang='lat' dir='ltr'><strong>ordine</strong></span> <span class='ocrx_word' id='word_1_21' title='bbox 871 301 1046 343; x_wconf 87' lang='lat' dir='ltr'>rationis</span> <span class='ocrx_word' id='word_1_22' title='bbox 1071 300 1353 358; x_wconf 83' lang='lat' dir='ltr'>speculativae</span> <span class='ocrx_word' id='word_1_23' title='bbox 1377 315 1549 357; x_wconf 81' lang='lat' dir='ltr'>genera-</span> 
     </span>
     <span class='ocr_line' id='line_1_5' title="bbox 129 372 1549 430; baseline 0.001 -15"><span class='ocrx_word' id='word_1_24' title='bbox 129 372 234 416; x_wconf 86' lang='lat' dir='ltr'>liora</span> <span class='ocrx_word' id='word_1_25' title='bbox 266 373 472 430; x_wconf 86' lang='lat' dir='ltr'>principia</span> <span class='ocrx_word' id='word_1_26' title='bbox 494 387 582 415; x_wconf 92' lang='lat' dir='ltr'>non</span> <span class='ocrx_word' id='word_1_27' title='bbox 604 373 876 429; x_wconf 83' lang='lat' dir='ltr'>ignorarunt,</span> <span class='ocrx_word' id='word_1_28' title='bbox 901 373 957 415; x_wconf 87' lang='lat' dir='ltr'>ita</span> <span class='ocrx_word' id='word_1_29' title='bbox 980 373 1023 415; x_wconf 91' lang='lat' dir='ltr'>in</span> <span class='ocrx_word' id='word_1_30' title='bbox 1047 372 1198 417; x_wconf 87' lang='lat' dir='ltr'>ordine</span> <span class='ocrx_word' id='word_1_31' title='bbox 1222 373 1351 417; x_wconf 90' lang='lat' dir='ltr'>etiam</span> <span class='ocrx_word' id='word_1_32' title='bbox 1374 374 1549 416; x_wconf 87' lang='lat' dir='ltr'>rationis</span> 
     </span>
     <span class='ocr_line' id='line_1_6' title="bbox 128 433 1551 503; baseline 0.001 -16"><span class='ocrx_word' id='word_1_33' title='bbox 128 445 334 502; x_wconf 85' lang='lat' dir='ltr'>practicae</span> <span class='ocrx_word' id='word_1_34' title='bbox 366 433 628 502; x_wconf 72' lang='lat' dir='ltr'>generaliora</span> <span class='ocrx_word' id='word_1_35' title='bbox 659 444 765 501; x_wconf 82' lang='lat' dir='ltr'>legis</span> <span class='ocrx_word' id='word_1_36' title='bbox 808 443 1007 487; x_wconf 87' lang='lat' dir='ltr'>naturalis</span> <span class='ocrx_word' id='word_1_37' title='bbox 1056 457 1278 503; x_wconf 84' lang='lat' dir='ltr'>praecepta</span> <span class='ocrx_word' id='word_1_38' title='bbox 1330 461 1551 502; x_wconf 83' lang='lat' dir='ltr'>cognove-</span> 
     </span>
     <span class='ocr_line' id='line_1_7' title="bbox 129 515 1548 575; baseline 0.002 -18"><span class='ocrx_word' id='word_1_39' title='bbox 129 527 241 559; x_wconf 84' lang='lat' dir='ltr'>runt.</span> <span class='ocrx_word' id='word_1_40' title='bbox 274 515 412 559; x_wconf 84' lang='lat' dir='ltr'>Verba</span> <span class='ocrx_word' id='word_1_41' title='bbox 445 515 642 569; x_wconf 86' lang='lat' dir='ltr'>fortasse,</span> <span class='ocrx_word' id='word_1_42' title='bbox 677 515 831 574; x_wconf 87' lang='lat' dir='ltr'>quibus</span> <span class='ocrx_word' id='word_1_43' title='bbox 864 533 911 559; x_wconf 88' lang='lat' dir='ltr'>ea</span> <span class='ocrx_word' id='word_1_44' title='bbox 953 518 1134 574; x_wconf 77' lang='lat' dir='ltr'>exprimi</span> <span class='ocrx_word' id='word_1_45' title='bbox 1182 518 1335 575; x_wconf 86' lang='lat' dir='ltr'>solent,</span> <span class='ocrx_word' id='word_1_46' title='bbox 1369 519 1548 574; x_wconf 80' lang='lat' dir='ltr'>ignora-</span> 
     </span>
     <span class='ocr_line' id='line_1_8' title="bbox 129 587 1550 647; baseline 0.002 -18"><span class='ocrx_word' id='word_1_47' title='bbox 129 599 241 641; x_wconf 82' lang='lat' dir='ltr'>runt,</span> <span class='ocrx_word' id='word_1_48' title='bbox 275 602 365 630; x_wconf 87' lang='lat' dir='ltr'>rem</span> <span class='ocrx_word' id='word_1_49' title='bbox 399 599 542 630; x_wconf 89' lang='lat' dir='ltr'>tamen</span> <span class='ocrx_word' id='word_1_50' title='bbox 574 588 712 647; x_wconf 80' lang='lat' dir='ltr'>ipsam</span> <span class='ocrx_word' id='word_1_51' title='bbox 745 588 795 630; x_wconf 89' lang='lat' dir='ltr'>iis</span> <span class='ocrx_word' id='word_1_52' title='bbox 829 587 1062 631; x_wconf 82' lang='lat' dir='ltr'>subiectam</span> <span class='ocrx_word' id='word_1_53' title='bbox 1096 588 1272 632; x_wconf 88' lang='lat' dir='ltr'>vocibus</span> <span class='ocrx_word' id='word_1_54' title='bbox 1306 602 1550 632; x_wconf 88' lang='lat' dir='ltr'>tenuerunt.</span> 
     </span>
     <span class='ocr_line' id='line_1_9' title="bbox 128 659 1550 718; baseline 0.001 -16"><span class='ocrx_word' id='word_1_55' title='bbox 128 659 324 702; x_wconf 81' lang='lat' dir='ltr'>Iamvero</span> <span class='ocrx_word' id='word_1_56' title='bbox 360 659 404 702; x_wconf 90' lang='lat' dir='ltr'>in</span> <span class='ocrx_word' id='word_1_57' title='bbox 436 671 550 702; x_wconf 89' lang='lat' dir='ltr'>tanta</span> <span class='ocrx_word' id='word_1_58' title='bbox 583 659 813 702; x_wconf 89' lang='lat' dir='ltr'>hominum</span> <span class='ocrx_word' id='word_1_59' title='bbox 847 659 1127 703; x_wconf 87' lang='lat' dir='ltr'>multitudine</span> <span class='ocrx_word' id='word_1_60' title='bbox 1156 660 1284 718; x_wconf 86' lang='lat' dir='ltr'>aliqui</span> <span class='ocrx_word' id='word_1_61' title='bbox 1309 676 1408 703; x_wconf 85' lang='lat' dir='ltr'>sane</span> <span class='ocrx_word' id='word_1_62' title='bbox 1431 675 1550 718; x_wconf 90' lang='lat' dir='ltr'>prae-</span> 
     </span>
     <span class='ocr_line' id='line_1_10' title="bbox 132 730 1548 790; baseline 0.001 -17"><span class='ocrx_word' id='word_1_63' title='bbox 132 743 251 789; x_wconf 84' lang='lat' dir='ltr'>cepta</span> <span class='ocrx_word' id='word_1_64' title='bbox 267 730 334 773; x_wconf 89' lang='lat' dir='ltr'>illa</span> <span class='ocrx_word' id='word_1_65' title='bbox 356 731 682 788; x_wconf 84' lang='lat' dir='ltr'>ignoravissent‚</span> <span class='ocrx_word' id='word_1_66' title='bbox 701 733 734 773; x_wconf 91' lang='lat' dir='ltr'>si</span> <span class='ocrx_word' id='word_1_67' title='bbox 759 732 947 787; x_wconf 80' lang='lat' dir='ltr'>ignorari</span> <span class='ocrx_word' id='word_1_68' title='bbox 972 731 1270 775; x_wconf 81' lang='lat' dir='ltr'>invincibiliter</span> <span class='ocrx_word' id='word_1_69' title='bbox 1293 732 1548 790; x_wconf 88' lang='lat' dir='ltr'>potuissent.</span> 
     </span>
    </p>

    <p class='ocr_par' dir='ltr' id='par_1_3' title="bbox 122 803 1554 1719">
     <span class='ocr_line' id='line_1_11' title="bbox 250 803 1551 862; baseline 0 -17"><span class='ocrx_word' id='word_1_70' title='bbox 250 803 363 845; x_wconf 89' lang='lat' dir='ltr'>Hinc</span> <span class='ocrx_word' id='word_1_71' title='bbox 396 816 507 846; x_wconf 89' lang='lat' dir='ltr'>recte</span> <span class='ocrx_word' id='word_1_72' title='bbox 541 803 697 846; x_wconf 86' lang='lat' dir='ltr'>Suarez</span> <span class='ocrx_word' id='word_1_73' title='bbox 731 803 829 862; x_wconf 85' lang='lat'>(1):</span> <span class='ocrx_word' id='word_1_74' title='bbox 860 805 1000 847; x_wconf 85' lang='lat' dir='ltr'>«Mea</span> <span class='ocrx_word' id='word_1_75' title='bbox 1032 806 1240 847; x_wconf 87' lang='lat' dir='ltr'>sententia</span> <span class='ocrx_word' id='word_1_76' title='bbox 1273 817 1334 846; x_wconf 91' lang='lat' dir='ltr'>est</span> <span class='ocrx_word' id='word_1_77' title='bbox 1366 839 1376 857; x_wconf 92' lang='lat'>,</span> <span class='ocrx_word' id='word_1_78' title='bbox 1412 804 1551 861; x_wconf 85' lang='lat' dir='ltr'>prima</span> 
     </span>
     <span class='ocr_line' id='line_1_12' title="bbox 130 873 1546 932; baseline 0.001 -16"><span class='ocrx_word' id='word_1_79' title='bbox 130 874 334 931; x_wconf 88' lang='lat' dir='ltr'>principia</span> <span class='ocrx_word' id='word_1_80' title='bbox 366 873 517 932; x_wconf 85' lang='lat' dir='ltr'>(primi</span> <span class='ocrx_word' id='word_1_81' title='bbox 551 873 738 932; x_wconf 78' lang='lat' dir='ltr'>ordinis)</span> <span class='ocrx_word' id='word_1_82' title='bbox 771 876 957 932; x_wconf 83' lang='lat' dir='ltr'>ignorari</span> <span class='ocrx_word' id='word_1_83' title='bbox 991 890 1077 917; x_wconf 86' lang='lat' dir='ltr'>non</span> <span class='ocrx_word' id='word_1_84' title='bbox 1111 891 1237 932; x_wconf 90' lang='lat' dir='ltr'>posse</span> <span class='ocrx_word' id='word_1_85' title='bbox 1274 875 1360 918; x_wconf 87' lang='lat' dir='ltr'>ullo</span> <span class='ocrx_word' id='word_1_86' title='bbox 1397 874 1546 925; x_wconf 88' lang='lat' dir='ltr'>modo,</span> 
     </span>
     <span class='ocr_line' id='line_1_13' title="bbox 130 944 1550 1004; baseline 0 -16"><span class='ocrx_word' id='word_1_87' title='bbox 130 944 289 988; x_wconf 85' lang='lat' dir='ltr'>nedum</span> <span class='ocrx_word' id='word_1_88' title='bbox 323 945 649 999; x_wconf 81' lang='lat' dir='ltr'>invincibiliter3</span> <span class='ocrx_word' id='word_1_89' title='bbox 684 959 904 1004; x_wconf 83' lang='lat' dir='ltr'>praecepta</span> <span class='ocrx_word' id='word_1_90' title='bbox 940 963 1044 990; x_wconf 79' lang='lat' dir='ltr'>vero</span> <span class='ocrx_word' id='word_1_91' title='bbox 1064 946 1327 1004; x_wconf 84' lang='lat' dir='ltr'>particularia</span> <span class='ocrx_word' id='word_1_92' title='bbox 1351 945 1550 1004; x_wconf 80' lang='lat' dir='ltr'>(secundi</span> 
     </span>
     <span class='ocr_line' id='line_1_14' title="bbox 128 1015 1550 1075; baseline 0.001 -16"><span class='ocrx_word' id='word_1_93' title='bbox 128 1015 327 1074; x_wconf 80' lang='lat' dir='ltr'>ordinis),</span> <span class='ocrx_word' id='word_1_94' title='bbox 360 1033 466 1074; x_wconf 86' lang='lat' dir='ltr'>quae</span> <span class='ocrx_word' id='word_1_95' title='bbox 499 1018 564 1060; x_wconf 79' lang='lat' dir='ltr'>vel</span> <span class='ocrx_word' id='word_1_96' title='bbox 598 1034 670 1075; x_wconf 88' lang='lat' dir='ltr'>per</span> <span class='ocrx_word' id='word_1_97' title='bbox 705 1034 748 1060; x_wconf 85' lang='lat' dir='ltr'>se</span> <span class='ocrx_word' id='word_1_98' title='bbox 783 1031 884 1061; x_wconf 85' lang='lat' dir='ltr'>nota</span> <span class='ocrx_word' id='word_1_99' title='bbox 918 1032 1017 1061; x_wconf 82' lang='lat' dir='ltr'>sunt</span> <span class='ocrx_word' id='word_1_100' title='bbox 1049 1017 1115 1060; x_wconf 85' lang='lat' dir='ltr'>Vel</span> <span class='ocrx_word' id='word_1_101' title='bbox 1148 1017 1346 1060; x_wconf 78' lang='lat' dir='ltr'>facillime</span> <span class='ocrx_word' id='word_1_102' title='bbox 1394 1034 1444 1060; x_wconf 81' lang='lat' dir='ltr'>ex</span> <span class='ocrx_word' id='word_1_103' title='bbox 1477 1032 1550 1074; x_wconf 85' lang='lat' dir='ltr'>per</span> 
     </span>
     <span class='ocr_line' id='line_1_15' title="bbox 130 1088 1551 1147; baseline 0.001 -17"><span class='ocrx_word' id='word_1_104' title='bbox 130 1104 175 1130; x_wconf 88' lang='lat' dir='ltr'>se</span> <span class='ocrx_word' id='word_1_105' title='bbox 207 1089 320 1131; x_wconf 89' lang='lat' dir='ltr'>notis</span> <span class='ocrx_word' id='word_1_106' title='bbox 355 1088 627 1145; x_wconf 82' lang='lat' dir='ltr'>colliguntur,</span> <span class='ocrx_word' id='word_1_107' title='bbox 661 1090 846 1145; x_wconf 78' lang='lat' dir='ltr'>ignorari</span> <span class='ocrx_word' id='word_1_108' title='bbox 881 1090 1055 1147; x_wconf 77' lang='lat' dir='ltr'>quidem</span> <span class='ocrx_word' id='word_1_109' title='bbox 1090 1105 1242 1146; x_wconf 88' lang='lat' dir='ltr'>posse,</span> <span class='ocrx_word' id='word_1_110' title='bbox 1276 1105 1361 1132; x_wconf 91' lang='lat' dir='ltr'>non</span> <span class='ocrx_word' id='word_1_111' title='bbox 1406 1101 1551 1131; x_wconf 88' lang='lat' dir='ltr'>tamen</span> 
     </span>
     <span class='ocr_line' id='line_1_16' title="bbox 137 1160 1554 1222; baseline -0.001 -19"><span class='ocrx_word' id='word_1_112' title='bbox 137 1162 228 1204; x_wconf 89' lang='lat' dir='ltr'>sine</span> <span class='ocrx_word' id='word_1_113' title='bbox 261 1161 382 1218; x_wconf 84' lang='lat' dir='ltr'>culpa</span> <span class='ocrx_word' id='word_1_114' title='bbox 415 1161 771 1222; x_wconf 63' lang='lat' dir='ltr'>(invincibiliter),</span> <span class='ocrx_word' id='word_1_115' title='bbox 806 1160 953 1204; x_wconf 87' lang='lat' dir='ltr'>saltem</span> <span class='ocrx_word' id='word_1_116' title='bbox 1004 1177 1075 1219; x_wconf 87' lang='lat' dir='ltr'>per</span> <span class='ocrx_word' id='word_1_117' title='bbox 1124 1161 1304 1218; x_wconf 82' lang='lat' dir='ltr'>longum</span> <span class='ocrx_word' id='word_1_118' title='bbox 1352 1174 1522 1218; x_wconf 89' lang='lat' dir='ltr'>tempus</span> <span class='ocrx_word' id='word_1_119' title='bbox 1543 1194 1554 1216; x_wconf 92' lang='lat'>,</span> 
     </span>
     <span class='ocr_line' id='line_1_17' title="bbox 140 1232 1553 1290; baseline -0.001 -15"><span class='ocrx_word' id='word_1_120' title='bbox 140 1233 236 1290; x_wconf 87' lang='lat' dir='ltr'>quia</span> <span class='ocrx_word' id='word_1_121' title='bbox 269 1245 309 1275; x_wconf 89' lang='lat' dir='ltr'>et</span> <span class='ocrx_word' id='word_1_122' title='bbox 334 1232 531 1275; x_wconf 81' lang='lat' dir='ltr'>facillima</span> <span class='ocrx_word' id='word_1_123' title='bbox 555 1232 773 1289; x_wconf 79' lang='lat' dir='ltr'>diligentia</span> <span class='ocrx_word' id='word_1_124' title='bbox 795 1234 998 1290; x_wconf 81' lang='lat' dir='ltr'>cognosci</span> <span class='ocrx_word' id='word_1_125' title='bbox 1022 1245 1203 1290; x_wconf 78' lang='lat' dir='ltr'>possunt</span> <span class='ocrx_word' id='word_1_126' title='bbox 1228 1244 1267 1275; x_wconf 91' lang='lat' dir='ltr'>et</span> <span class='ocrx_word' id='word_1_127' title='bbox 1292 1245 1440 1275; x_wconf 88' lang='lat' dir='ltr'>natura</span> <span class='ocrx_word' id='word_1_128' title='bbox 1462 1232 1553 1289; x_wconf 85' lang='lat' dir='ltr'>ipsa</span> 
     </span>
     <span class='ocr_line' id='line_1_18' title="bbox 132 1304 1553 1361; baseline -0.002 -14"><span class='ocrx_word' id='word_1_129' title='bbox 132 1316 173 1347; x_wconf 89' lang='lat' dir='ltr'>et</span> <span class='ocrx_word' id='word_1_130' title='bbox 206 1304 463 1347; x_wconf 89' lang='lat' dir='ltr'>conscientia</span> <span class='ocrx_word' id='word_1_131' title='bbox 496 1305 553 1346; x_wconf 88' lang='lat' dir='ltr'>ita</span> <span class='ocrx_word' id='word_1_132' title='bbox 586 1304 723 1361; x_wconf 88' lang='lat' dir='ltr'>pulsat</span> <span class='ocrx_word' id='word_1_133' title='bbox 772 1305 814 1347; x_wconf 88' lang='lat' dir='ltr'>in</span> <span class='ocrx_word' id='word_1_134' title='bbox 865 1304 1023 1347; x_wconf 79' lang='lat' dir='ltr'>actibus</span> <span class='ocrx_word' id='word_1_135' title='bbox 1073 1319 1226 1347; x_wconf 87' lang='lat' dir='ltr'>eorum</span> <span class='ocrx_word' id='word_1_136' title='bbox 1261 1315 1306 1345; x_wconf 90' lang='lat' dir='ltr'>ut</span> <span class='ocrx_word' id='word_1_137' title='bbox 1340 1318 1427 1345; x_wconf 88' lang='lat' dir='ltr'>non</span> <span class='ocrx_word' id='word_1_138' title='bbox 1459 1318 1553 1360; x_wconf 89' lang='lat' dir='ltr'>per-</span> 
     </span>
     <span class='ocr_line' id='line_1_19' title="bbox 129 1374 1553 1433; baseline -0.001 -16"><span class='ocrx_word' id='word_1_139' title='bbox 129 1376 266 1418; x_wconf 88' lang='lat' dir='ltr'>mittat</span> <span class='ocrx_word' id='word_1_140' title='bbox 288 1374 594 1432; x_wconf 87' lang='lat' dir='ltr'>inculpabiliter</span> <span class='ocrx_word' id='word_1_141' title='bbox 619 1376 806 1432; x_wconf 80' lang='lat' dir='ltr'>ignorari</span> <span class='ocrx_word' id='word_1_142' title='bbox 840 1375 913 1433; x_wconf 84' lang='lat' dir='ltr'>(en</span> <span class='ocrx_word' id='word_1_143' title='bbox 938 1375 1043 1418; x_wconf 82' lang='lat' dir='ltr'>duae</span> <span class='ocrx_word' id='word_1_144' title='bbox 1072 1375 1319 1432; x_wconf 84' lang='lat' dir='ltr'>potissimae</span> <span class='ocrx_word' id='word_1_145' title='bbox 1353 1374 1553 1430; x_wconf 82' lang='lat' dir='ltr'>rationes,</span> 
     </span>
     <span class='ocr_line' id='line_1_20' title="bbox 122 1446 1553 1504; baseline -0.001 -15"><span class='ocrx_word' id='word_1_146' title='bbox 122 1446 308 1504; x_wconf 81' lang='lat' dir='ltr'>facilitas</span> <span class='ocrx_word' id='word_1_147' title='bbox 341 1461 385 1489; x_wconf 82' lang='lat' dir='ltr'>ac</span> <span class='ocrx_word' id='word_1_148' title='bbox 419 1448 676 1490; x_wconf 67' lang='lat' dir='ltr'>conscientiae</span> <span class='ocrx_word' id='word_1_149' title='bbox 707 1446 806 1504; x_wconf 52' lang='lat' dir='ltr'>ferox)</span> <span class='ocrx_word' id='word_1_150' title='bbox 841 1459 880 1489; x_wconf 89' lang='lat' dir='ltr'>et</span> <span class='ocrx_word' id='word_1_151' title='bbox 916 1446 1165 1489; x_wconf 88' lang='lat' dir='ltr'>huiusmodi</span> <span class='ocrx_word' id='word_1_152' title='bbox 1201 1458 1298 1488; x_wconf 87' lang='lat' dir='ltr'>sunt</span> <span class='ocrx_word' id='word_1_153' title='bbox 1332 1458 1553 1503; x_wconf 85' lang='lat' dir='ltr'>praecepta</span> 
     </span>
     <span class='ocr_line' id='line_1_21' title="bbox 127 1517 1550 1576; baseline -0.001 -16"><span class='ocrx_word' id='word_1_154' title='bbox 127 1517 333 1573; x_wconf 85' lang='lat' dir='ltr'>Decalogi</span> <span class='ocrx_word' id='word_1_155' title='bbox 367 1533 413 1560; x_wconf 83' lang='lat' dir='ltr'>ac</span> <span class='ocrx_word' id='word_1_156' title='bbox 445 1517 599 1560; x_wconf 85' lang='lat' dir='ltr'>similia</span> <span class='ocrx_word' id='word_1_157' title='bbox 632 1518 716 1576; x_wconf 83' lang='lat'>(2).</span> <span class='ocrx_word' id='word_1_158' title='bbox 751 1518 842 1561; x_wconf 83' lang='lat' dir='ltr'>Alia</span> <span class='ocrx_word' id='word_1_159' title='bbox 876 1534 977 1560; x_wconf 76' lang='lat' dir='ltr'>vero</span> <span class='ocrx_word' id='word_1_160' title='bbox 1026 1530 1247 1575; x_wconf 82' lang='lat' dir='ltr'>praecepta</span> <span class='ocrx_word' id='word_1_161' title='bbox 1290 1517 1425 1575; x_wconf 85' lang='lat' dir='ltr'>(tertii</span> <span class='ocrx_word' id='word_1_162' title='bbox 1475 1532 1550 1559; x_wconf 89' lang='lat' dir='ltr'>or-</span> 
     </span>
     <span class='ocr_line' id='line_1_22' title="bbox 134 1589 1551 1647; baseline -0.001 -15"><span class='ocrx_word' id='word_1_163' title='bbox 134 1589 290 1647; x_wconf 86' lang='lat' dir='ltr'>dinis),</span> <span class='ocrx_word' id='word_1_164' title='bbox 324 1605 430 1647; x_wconf 85' lang='lat' dir='ltr'>quae</span> <span class='ocrx_word' id='word_1_165' title='bbox 463 1591 615 1632; x_wconf 86' lang='lat' dir='ltr'>maiori</span> <span class='ocrx_word' id='word_1_166' title='bbox 650 1590 843 1647; x_wconf 80' lang='lat' dir='ltr'>indigent</span> <span class='ocrx_word' id='word_1_167' title='bbox 877 1591 1096 1643; x_wconf 74' lang='lat' dir='ltr'>discursu,</span> <span class='ocrx_word' id='word_1_168' title='bbox 1132 1590 1321 1646; x_wconf 85' lang='lat' dir='ltr'>ignorari</span> <span class='ocrx_word' id='word_1_169' title='bbox 1369 1600 1551 1646; x_wconf 87' lang='lat' dir='ltr'>possunt</span> 
     </span>
     <span class='ocr_line' id='line_1_23' title="bbox 132 1660 1097 1719; baseline 0.001 -17"><span class='ocrx_word' id='word_1_170' title='bbox 132 1660 445 1719; x_wconf 84' lang='lat' dir='ltr'>invincibiliter,</span> <span class='ocrx_word' id='word_1_171' title='bbox 478 1663 727 1719; x_wconf 84' lang='lat' dir='ltr'>praesertim</span> <span class='ocrx_word' id='word_1_172' title='bbox 764 1676 783 1702; x_wconf 86' lang='lat' dir='ltr'>a</span> <span class='ocrx_word' id='word_1_173' title='bbox 817 1660 936 1718; x_wconf 80' lang='lat' dir='ltr'>plebe</span> <span class='ocrx_word' id='word_1_174' title='bbox 970 1661 1097 1719; x_wconf 79' lang='lat'>(3)».</span> 
     </span>
    </p>

    <p class='ocr_par' dir='ltr' id='par_1_4' title="bbox 124 1731 1552 2004">
     <span class='ocr_line' id='line_1_24' title="bbox 244 1731 1549 1790; baseline -0.002 -14"><span class='ocrx_word' id='word_1_175' title='bbox 244 1734 392 1790; x_wconf 86' lang='lat' dir='ltr'>Itaque</span> <span class='ocrx_word' id='word_1_176' title='bbox 425 1733 566 1775; x_wconf 89' lang='lat' dir='ltr'>nullus</span> <span class='ocrx_word' id='word_1_177' title='bbox 600 1746 662 1776; x_wconf 84' lang='lat' dir='ltr'>est</span> <span class='ocrx_word' id='word_1_178' title='bbox 697 1733 846 1786; x_wconf 84' lang='lat' dir='ltr'>homo,</span> <span class='ocrx_word' id='word_1_179' title='bbox 873 1734 981 1790; x_wconf 82' lang='lat' dir='ltr'>«qui</span> <span class='ocrx_word' id='word_1_180' title='bbox 1017 1732 1103 1775; x_wconf 91' lang='lat' dir='ltr'>ullo</span> <span class='ocrx_word' id='word_1_181' title='bbox 1142 1731 1274 1775; x_wconf 88' lang='lat' dir='ltr'>modo</span> <span class='ocrx_word' id='word_1_182' title='bbox 1310 1732 1549 1774; x_wconf 85' lang='lat' dir='ltr'>ratiocinari</span> 
     </span>
     <span class='ocr_line' id='line_1_25' title="bbox 135 1803 1551 1863; baseline -0.002 -15"><span class='ocrx_word' id='word_1_183' title='bbox 135 1806 285 1863; x_wconf 87' lang='lat' dir='ltr'>possit,</span> <span class='ocrx_word' id='word_1_184' title='bbox 302 1823 322 1845; x_wconf 79' lang='lat'>&gt;›</span> <span class='ocrx_word' id='word_1_185' title='bbox 363 1806 435 1863; x_wconf 93' lang='lat' dir='ltr'>qui</span> <span class='ocrx_word' id='word_1_186' title='bbox 484 1806 590 1863; x_wconf 84' lang='lat' dir='ltr'>legis</span> <span class='ocrx_word' id='word_1_187' title='bbox 626 1806 891 1848; x_wconf 82' lang='lat' dir='ltr'>existentiam</span> <span class='ocrx_word' id='word_1_188' title='bbox 940 1804 1156 1857; x_wconf 82' lang='lat' dir='ltr'>naturalis,</span> <span class='ocrx_word' id='word_1_189' title='bbox 1203 1819 1291 1847; x_wconf 89' lang='lat' dir='ltr'>non</span> <span class='ocrx_word' id='word_1_190' title='bbox 1338 1803 1471 1846; x_wconf 87' lang='lat' dir='ltr'>modo</span> <span class='ocrx_word' id='word_1_191' title='bbox 1511 1804 1551 1846; x_wconf 78' lang='lat' dir='ltr'>in.</span> 
     </span>
     <span class='ocr_line' id='line_1_26' title="bbox 124 1875 1550 1934; baseline -0.001 -15"><span class='ocrx_word' id='word_1_192' title='bbox 124 1892 280 1934; x_wconf 78' lang='lat' dir='ltr'>genere,</span> <span class='ocrx_word' id='word_1_193' title='bbox 315 1876 389 1919; x_wconf 91' lang='lat' dir='ltr'>sed</span> <span class='ocrx_word' id='word_1_194' title='bbox 423 1878 550 1919; x_wconf 86' lang='lat' dir='ltr'>etiam</span> <span class='ocrx_word' id='word_1_195' title='bbox 586 1879 624 1919; x_wconf 74' lang='lat' dir='ltr'>in</span> <span class='ocrx_word' id='word_1_196' title='bbox 659 1879 799 1934; x_wconf 69' lang='lat' dir='ltr'>specie,</span> <span class='ocrx_word' id='word_1_197' title='bbox 834 1877 859 1920; x_wconf 90' lang='lat' dir='ltr'>i.</span> <span class='ocrx_word' id='word_1_198' title='bbox 895 1895 930 1919; x_wconf 81' lang='lat' dir='ltr'>e.</span> <span class='ocrx_word' id='word_1_199' title='bbox 972 1875 1112 1934; x_wconf 85' lang='lat' dir='ltr'>quoad</span> <span class='ocrx_word' id='word_1_200' title='bbox 1148 1875 1416 1933; x_wconf 84' lang='lat' dir='ltr'>particularia</span> <span class='ocrx_word' id='word_1_201' title='bbox 1461 1876 1550 1918; x_wconf 87' lang='lat' dir='ltr'>eius</span> 
     </span>
     <span class='ocr_line' id='line_1_27' title="bbox 128 1946 1552 2004; baseline -0.001 -14"><span class='ocrx_word' id='word_1_202' title='bbox 128 1959 349 2004; x_wconf 80' lang='lat' dir='ltr'>praecepta</span> <span class='ocrx_word' id='word_1_203' title='bbox 382 1947 530 1990; x_wconf 80' lang='lat' dir='ltr'>saltem</span> <span class='ocrx_word' id='word_1_204' title='bbox 560 1946 838 1999; x_wconf 50' lang='lat' dir='ltr'>veneraliorm</span> <span class='ocrx_word' id='word_1_205' title='bbox 873 1948 1041 2004; x_wconf 86' lang='lat' dir='ltr'>penitus</span> <span class='ocrx_word' id='word_1_206' title='bbox 1066 1948 1249 2003; x_wconf 78' lang='lat' dir='ltr'>ignoret.</span> <span class='ocrx_word' id='word_1_207' title='bbox 1279 1946 1395 1990; x_wconf 88' lang='lat' dir='ltr'>Cum</span> <span class='ocrx_word' id='word_1_208' title='bbox 1420 1960 1552 2003; x_wconf 86' lang='lat' dir='ltr'>porro</span> 
     </span>
    </p>
   </div>
   <div class='ocr_carea' id='block_1_3' title="bbox 126 1983 1550 2076">
    <p class='ocr_par' dir='ltr' id='par_1_5' title="bbox 126 1983 1550 2076">
     <span class='ocr_line' id='line_1_28' title="bbox 557 1983 582 2004; baseline 0 0"><span class='ocrx_word' id='word_1_209' title='bbox 557 1983 582 2004; x_wconf 70' lang='grc' dir='ltr'>Ο</span> 
     </span>
     <span class='ocr_line' id='line_1_29' title="bbox 126 2017 1550 2076; baseline -0.003 -14"><span class='ocrx_word' id='word_1_210' title='bbox 126 2019 191 2062; x_wconf 85' lang='lat' dir='ltr'>lex</span> <span class='ocrx_word' id='word_1_211' title='bbox 223 2020 312 2062; x_wconf 89' lang='lat' dir='ltr'>sine</span> <span class='ocrx_word' id='word_1_212' title='bbox 345 2018 585 2075; x_wconf 80' lang='lat' dir='ltr'>legislatore</span> <span class='ocrx_word' id='word_1_213' title='bbox 638 2034 730 2062; x_wconf 84' lang='lat' dir='ltr'>esse</span> <span class='ocrx_word' id='word_1_214' title='bbox 779 2032 974 2076; x_wconf 83' lang='lat' dir='ltr'>nequeat,</span> <span class='ocrx_word' id='word_1_215' title='bbox 1010 2018 1110 2061; x_wconf 78' lang='lat' dir='ltr'>haec</span> <span class='ocrx_word' id='word_1_216' title='bbox 1158 2030 1303 2061; x_wconf 82' lang='lat' dir='ltr'>autem</span> <span class='ocrx_word' id='word_1_217' title='bbox 1351 2017 1550 2061; x_wconf 84' lang='lat' dir='ltr'>naturalis</span> 
     </span>
    </p>
   </div>
   <div class='ocr_carea' id='block_1_4' title="bbox 126 2238 1552 2583">
    <p class='ocr_par' dir='ltr' id='par_1_6' title="bbox 221 2238 798 2284">
     <span class='ocr_line' id='line_1_30' title="bbox 221 2238 798 2284; baseline -0.003 -11"><span class='ocrx_word' id='word_1_218' title='bbox 221 2239 277 2283; x_wconf 84' lang='lat'>(1)</span> <span class='ocrx_word' id='word_1_219' title='bbox 305 2240 360 2273; x_wconf 88' lang='lat' dir='ltr'>De</span> <span class='ocrx_word' id='word_1_220' title='bbox 388 2240 457 2284; x_wconf 84' lang='lat' dir='ltr'>leg.</span> <span class='ocrx_word' id='word_1_221' title='bbox 486 2239 507 2272; x_wconf 91' lang='lat' dir='ltr'>l.</span> <span class='ocrx_word' id='word_1_222' title='bbox 539 2239 580 2272; x_wconf 78' lang='grc' dir='ltr'>ΙΙ.</span> <span class='ocrx_word' id='word_1_223' title='bbox 608 2250 637 2272; x_wconf 82' lang='lat' dir='ltr'>c.</span> <span class='ocrx_word' id='word_1_224' title='bbox 668 2238 698 2271; x_wconf 80' lang='lat'>8.</span> <span class='ocrx_word' id='word_1_225' title='bbox 727 2249 798 2282; x_wconf 87' lang='lat' dir='ltr'>n.7.</span> 
     </span>
    </p>

    <p class='ocr_par' dir='ltr' id='par_1_7' title="bbox 126 2297 1552 2523">
     <span class='ocr_line' id='line_1_31' title="bbox 220 2297 1552 2343; baseline -0.001 -11"><span class='ocrx_word' id='word_1_226' title='bbox 220 2299 276 2343; x_wconf 88' lang='lat'>(2)</span> <span class='ocrx_word' id='word_1_227' title='bbox 305 2299 383 2332; x_wconf 88' lang='lat' dir='ltr'>Hoc</span> <span class='ocrx_word' id='word_1_228' title='bbox 411 2299 493 2331; x_wconf 77' lang='lat' dir='ltr'>satis</span> <span class='ocrx_word' id='word_1_229' title='bbox 519 2297 732 2343; x_wconf 71' lang='lat' dir='ltr'>significavit</span> <span class='ocrx_word' id='word_1_230' title='bbox 760 2310 785 2331; x_wconf 85' lang='lat' dir='ltr'>s.</span> <span class='ocrx_word' id='word_1_231' title='bbox 814 2298 957 2340; x_wconf 79' lang='lat' dir='ltr'>Paulus,</span> <span class='ocrx_word' id='word_1_232' title='bbox 1002 2299 1045 2332; x_wconf 85' lang='lat' dir='ltr'>ad</span> <span class='ocrx_word' id='word_1_233' title='bbox 1072 2300 1178 2333; x_wconf 86' lang='lat' dir='ltr'>Rom.</span> <span class='ocrx_word' id='word_1_234' title='bbox 1214 2299 1240 2331; x_wconf 91' lang='lat' dir='ltr'>I.</span> <span class='ocrx_word' id='word_1_235' title='bbox 1274 2297 1345 2332; x_wconf 85' lang='lat'><strong>28.:</strong></span> <span class='ocrx_word' id='word_1_236' title='bbox 1387 2309 1471 2334; x_wconf 82' lang='lat' dir='ltr'>nam</span> <span class='ocrx_word' id='word_1_237' title='bbox 1510 2297 1552 2332; x_wconf 86' lang='lat' dir='ltr'>de</span> 
     </span>
     <span class='ocr_line' id='line_1_32' title="bbox 126 2357 1547 2405; baseline -0.003 -11"><span class='ocrx_word' id='word_1_238' title='bbox 126 2358 448 2405; x_wconf 83' lang='lat' dir='ltr'>transgressoribus</span> <span class='ocrx_word' id='word_1_239' title='bbox 473 2357 603 2391; x_wconf 88' lang='lat' dir='ltr'>horum</span> <span class='ocrx_word' id='word_1_240' title='bbox 631 2367 906 2403; x_wconf 81' lang='lat' dir='ltr'>praeceptorum</span> <span class='ocrx_word' id='word_1_241' title='bbox 936 2359 1157 2404; x_wconf 75' lang='lat' dir='ltr'>loquebatur,</span> <span class='ocrx_word' id='word_1_242' title='bbox 1186 2357 1331 2404; x_wconf 84' lang='lat' dir='ltr'>quando</span> <span class='ocrx_word' id='word_1_243' title='bbox 1360 2357 1402 2391; x_wconf 82' lang='lat' dir='ltr'>de</span> <span class='ocrx_word' id='word_1_244' title='bbox 1431 2358 1547 2403; x_wconf 87' lang='lat' dir='ltr'>genti-</span> 
     </span>
     <span class='ocr_line' id='line_1_33' title="bbox 132 2415 1546 2465; baseline -0.001 -11"><span class='ocrx_word' id='word_1_245' title='bbox 132 2421 197 2454; x_wconf 85' lang='lat' dir='ltr'>bus</span> <span class='ocrx_word' id='word_1_246' title='bbox 224 2417 376 2459; x_wconf 83' lang='lat' dir='ltr'>dicebat,</span> <span class='ocrx_word' id='word_1_247' title='bbox 405 2415 549 2451; x_wconf 76' lang='lat' dir='ltr'>traditas</span> <span class='ocrx_word' id='word_1_248' title='bbox 575 2428 638 2451; x_wconf 73' lang='lat' dir='ltr'>esse</span> <span class='ocrx_word' id='word_1_249' title='bbox 663 2418 697 2450; x_wconf 85' lang='lat' dir='ltr'>in</span> <span class='ocrx_word' id='word_1_250' title='bbox 725 2419 904 2463; x_wconf 77' lang='lat' dir='ltr'>reprobum</span> <span class='ocrx_word' id='word_1_251' title='bbox 931 2429 1058 2452; x_wconf 76' lang='lat' dir='ltr'>sensum</span> <span class='ocrx_word' id='word_1_252' title='bbox 1079 2427 1224 2464; x_wconf 85' lang='lat' dir='ltr'>propter</span> <span class='ocrx_word' id='word_1_253' title='bbox 1243 2426 1386 2465; x_wconf 80' lang='lat' dir='ltr'>peccata</span> <span class='ocrx_word' id='word_1_254' title='bbox 1412 2429 1485 2452; x_wconf 82' lang='lat' dir='ltr'>sua.</span> <span class='ocrx_word' id='word_1_255' title='bbox 1504 2419 1546 2454; x_wconf 89' lang='lat' dir='ltr'>Et</span> 
     </span>
     <span class='ocr_line' id='line_1_34' title="bbox 127 2477 977 2523; baseline 0.001 -12"><span class='ocrx_word' id='word_1_256' title='bbox 127 2479 224 2514; x_wconf 84' lang='lat' dir='ltr'>idem</span> <span class='ocrx_word' id='word_1_257' title='bbox 251 2478 401 2513; x_wconf 82' lang='lat' dir='ltr'>sumitur</span> <span class='ocrx_word' id='word_1_258' title='bbox 429 2489 468 2511; x_wconf 79' lang='lat' dir='ltr'>ex</span> <span class='ocrx_word' id='word_1_259' title='bbox 497 2489 574 2522; x_wconf 81' lang='lat' dir='ltr'>cap.</span> <span class='ocrx_word' id='word_1_260' title='bbox 603 2477 773 2523; x_wconf 51' lang='lat' dir='ltr'>Flagitia,</span> <span class='ocrx_word' id='word_1_261' title='bbox 804 2489 857 2522; x_wconf 87' lang='lat'>32.</span> <span class='ocrx_word' id='word_1_262' title='bbox 885 2489 916 2523; x_wconf 82' lang='lat' dir='ltr'>q.</span> <span class='ocrx_word' id='word_1_263' title='bbox 944 2488 977 2521; x_wconf 91' lang='lat'>7.</span> 
     </span>
    </p>

    <p class='ocr_par' dir='ltr' id='par_1_8' title="bbox 223 2537 966 2583">
     <span class='ocr_line' id='line_1_35' title="bbox 223 2537 966 2583; baseline 0 -12"><span class='ocrx_word' id='word_1_264' title='bbox 223 2539 280 2583; x_wconf 85' lang='lat'>(3)</span> <span class='ocrx_word' id='word_1_265' title='bbox 310 2538 409 2571; x_wconf 78' lang='lat' dir='ltr'>quta</span> <span class='ocrx_word' id='word_1_266' title='bbox 437 2547 513 2583; x_wconf 79' lang='lat' dir='ltr'>cap.</span> <span class='ocrx_word' id='word_1_267' title='bbox 545 2537 771 2579; x_wconf 72' lang='lat' dir='ltr'>Obiici&#39;zmlnr,</span> <span class='ocrx_word' id='word_1_268' title='bbox 805 2547 853 2580; x_wconf 75' lang='lat'>32,</span> <span class='ocrx_word' id='word_1_269' title='bbox 884 2550 903 2583; x_wconf 74' lang='lat' dir='ltr'>q</span> <span class='ocrx_word' id='word_1_270' title='bbox 946 2548 966 2579; x_wconf 56' lang='grc' dir='ltr'>,ι</span> 
     </span>
    </p>
   </div>
  </div>
 </body>
</html>
