1734 2784
221 259 384 302 aversio
416 258 463 301 ab
497 258 837 302 incommutabili
872 260 985 303 bono
1019 274 1058 304 et
1103 261 1328 304 conversio
1373 261 1421 305 ad
1472 261 1634 305 bonum

219 329 537 388 commutabile,
570 331 794 374 conversio
829 344 925 392 post
958 347 1003 376 se
1036 333 1302 376 aversionem
1326 332 1469 377 trahit:
1494 333 1639 377 nullus

219 401 334 444 enim
367 417 543 459 peccans
577 401 756 446 intendit
778 419 800 446 a
823 403 918 447 Deo
953 403 1101 459 averti,
1132 403 1206 447 sed
1241 405 1404 462 quaerit
1428 403 1510 447 frui
1534 416 1643 448 tem-

217 472 351 530 porali
384 472 513 532 bono,
547 489 645 517 cum
681 490 767 532 quo
801 475 930 518 simul
965 476 1061 519 Deo
1095 474 1177 519 frui
1209 491 1296 519 non
1331 487 1485 535 potest.
1515 475 1644 520 Unde

218 559 316 588 cum
350 560 488 603 poena
523 545 667 590 damni
702 547 914 591 aversioni
962 548 1111 607 culpae
1154 547 1424 607 respondeat,
1460 563 1643 593 conver-

217 617 325 660 sioni
358 633 459 661 vero
493 617 584 662 eius
619 634 758 676 poena
804 635 952 662 sensus
989 635 1066 678 pro
1117 620 1266 664 actuali
1301 618 1434 679 culpa,
1479 635 1641 666 conve-

217 687 337 732 niens
372 701 433 732 est
467 700 513 732 ut
546 705 681 748 poena
717 690 859 734 damni
895 706 981 734 non
1015 692 1068 734 sit
1102 691 1193 735 sine
1227 706 1362 750 poena
1396 707 1561 736 sensus.
1596 693 1639 737 Si

216 771 359 803 autem
384 760 424 803 in
448 760 632 805 nihilum
658 774 846 806 creatura
870 762 1148 820 redigeretur,
1169 775 1278 808 esset
1301 762 1476 821 quidem
1503 779 1640 822 poena

217 831 359 875 damni
393 845 573 888 aeterna,
608 834 680 878 sed
715 849 802 878 non
836 848 1071 879 remaneret
1105 851 1241 894 poena
1287 851 1450 880 sensus,
1470 852 1489 876 »
1530 836 1638 879 Pau-

216 904 287 948 cis:
321 904 571 949 annihilatio
606 905 714 949 foret
747 922 885 965 poena
917 907 1045 950 nimis
1078 907 1466 966 improportionata
1499 907 1635 965 gravi-

215 977 288 1019 tati
322 976 482 1035 culpae,
514 978 641 1021 nimis
676 977 935 1022 insufficiens
970 978 1019 1023 ad
1043 978 1274 1023 humanam
1307 979 1570 1023 voluntatem
1595 979 1640 1022 in

216 1046 360 1093 officio
395 1049 711 1094 continendam.
746 1051 914 1094 Iustum
948 1063 1011 1095 est
1050 1066 1094 1094 ac
1141 1051 1429 1095 necessarium
1476 1050 1634 1108 impios

215 1120 257 1163 in
290 1135 381 1164 esse
415 1122 618 1164 reservari
652 1121 702 1164 ad
736 1137 909 1180 poenaS,
943 1123 967 1166 i.
994 1139 1028 1166 e.
1058 1133 1152 1165 tum
1186 1121 1237 1166 ad
1270 1136 1455 1180 poenam
1489 1120 1634 1165 damni

214 1203 306 1234 tum
340 1192 390 1236 ad
423 1208 606 1250 poenam
640 1208 804 1250 sensus,
838 1195 879 1236 in
920 1206 1176 1252 perpetuum
1220 1193 1408 1237 luendas.
1445 1193 1495 1237 Et
1535 1207 1634 1236 sane

216 1263 380 1308 scelesti
416 1264 628 1322 homines,
664 1277 707 1308 ut
742 1267 823 1309 iam
860 1265 1065 1320 diximus,
1099 1266 1149 1310 ad
1185 1266 1327 1309 omnis
1350 1264 1454 1322 legis
1483 1265 1635 1322 iugum

216 1336 524 1380 excutiendum
570 1336 650 1380 hoc
697 1337 774 1380 sibi
820 1350 1027 1380 conantur
1061 1337 1327 1394 persuadere,
1378 1337 1564 1380 animam
1597 1336 1639 1377 in

216 1409 481 1466 separatione
530 1425 551 1451 a
594 1425 772 1467 corpore
822 1410 992 1453 interire
1041 1408 1107 1452 vel
1155 1425 1175 1452 a
1218 1410 1313 1452 Deo
1363 1409 1403 1451 in
1456 1405 1638 1450 nihilum

216 1481 366 1538 redigi.

708 1685 1049 1729 ARTICULUS
1087 1685 1142 1728 V.

646 1821 722 1863 De
764 1822 894 1874 lege
938 1819 1203 1874 positiva.

338 2005 429 2058 136.
468 2003 583 2046 Cum
632 2002 700 2045 lex
748 2002 889 2059 primo
938 2001 980 2043 in
1014 2011 1228 2043 aeternam
1274 2011 1313 2042 et
1354 1995 1636 2055 temporalem

216 2069 517 2131 distinguatur,
551 2073 798 2130 temporalis
843 2087 944 2115 vero
984 2069 1276 2114 subdividatur
1318 2070 1359 2111 in
1402 2068 1636 2111 naturalem

215 2158 255 2188 et
289 2145 535 2202 positivam,
576 2143 672 2187 hinc
723 2156 1001 2201 posteaquam
1051 2141 1102 2185 de
1152 2141 1245 2198 lege
1293 2152 1460 2183 aeterna
1507 2153 1551 2182 ac
1588 2137 1638 2181 de

214 2217 349 2273 prima
383 2216 472 2259 eius
507 2216 830 2273 participatione
863 2230 938 2258 seu
989 2214 1038 2257 de
1072 2213 1164 2270 lege
1213 2210 1393 2255 naturali
1438 2209 1637 2263 diximus,

214 2302 337 2343 agere
370 2287 540 2331 tandem
574 2286 777 2330 debemus
812 2285 862 2330 de
896 2286 987 2343 lege
1021 2284 1219 2343 positiva.
1255 2284 1314 2327 Ut
1348 2299 1400 2326 ex
1434 2282 1505 2335 iis,
1527 2296 1636 2339 quae

213 2357 403 2415 pluribus
437 2359 522 2401 iam
555 2358 596 2400 in
631 2356 735 2401 locis
770 2356 972 2413 diximus,
1007 2367 1192 2413 constat,
1226 2353 1331 2397 duae
1366 2364 1465 2396 sunt
1511 2363 1636 2395 notae

214 2429 302 2472 sive
337 2428 597 2473 characteres
645 2428 750 2486 legis
801 2429 1024 2487 positivae,
1059 2441 1248 2486 quorum
1282 2424 1386 2469 alter
1434 2439 1477 2467 se
1523 2434 1638 2466 tenet

214 2515 263 2542 ex
296 2512 413 2557 parte
459 2500 670 2553 materiae,
720 2515 847 2558 quam
897 2500 1080 2557 respicit,
1114 2497 1216 2541 alter
1263 2511 1366 2540 vero
1416 2510 1468 2538 ex
1515 2504 1634 2552 parte

214 2569 465 2627 legislatoris,
500 2586 521 2613 a
554 2571 673 2614 cuius
722 2570 937 2614 voluntate
986 2568 1192 2628 procedit.
1225 2568 1315 2611 Lex
1348 2580 1502 2623 nempe
1553 2579 1635 2621 po-
1716 2617 1731 2627 d

214 2642 336 2686 sitiva
366 2654 428 2686 est
477 2642 543 2685 illa
578 2666 628 2674 —-—
666 2658 771 2700 quae
819 2643 853 2684 si
902 2640 1132 2700 prohibens
1184 2640 1249 2692 sit,
1283 2648 1476 2681 versatur
1526 2636 1634 2678 circa
1698 2630 1731 2784 i
