1734 2784
719 77 984 130 -259-.

133 181 272 224 nator,
305 172 378 229 qui
411 171 576 229 sapiens
610 170 664 213 sit
697 182 737 214 et
770 183 956 224 sanctUS,
980 187 1084 216 vero
1109 188 1154 216 ac
1188 174 1301 217 serio
1325 174 1428 218 odio
1453 190 1563 233 pro-

133 242 327 299 sequitur
359 258 420 300 ea,
453 257 559 301 quae
591 241 642 285 de
664 257 709 284 se
742 241 852 285 mala
884 255 983 286 sunt
1015 255 1056 286 et
1090 244 1164 287 fini
1207 246 1561 302 c011‘1munitatis‚

133 314 253 357 cuius
286 329 432 357 curam
464 313 607 368 habet,
642 314 855 372 opposita,
880 326 1025 358 contra
1057 328 1201 359 autem
1226 333 1328 361 vero
1365 334 1411 360 ac
1444 319 1562 363 serio

134 401 281 429 amore
313 385 589 443 prosequitur
622 401 686 438 ea,
707 400 814 443 quae
838 385 889 428 de
913 401 957 428 se
981 385 1092 429 bona
1125 400 1224 430 sunt
1250 400 1290 431 et
1317 388 1456 432 eidem
1484 389 1561 433 fin}

133 456 367 502 obtinendo
385 458 632 501 necessaria:
653 473 699 500 ac
731 457 909 515 proinde
941 457 1135 517 impedit,
1154 475 1206 502 ne
1240 461 1381 517 priora
1404 460 1472 504 illa
1499 479 1563 506 re-

133 544 232 587 apse
265 544 287 571 a
308 526 488 570 subditis
510 526 625 581 fiant,
650 539 690 570 et
724 539 863 585 urget,
884 540 929 571 ut
958 528 1025 571 illa
1047 530 1125 573 alia
1150 546 1171 572 a
1206 529 1384 574 subditis
1416 548 1563 591 reapse

133 611 411 658 praestentur.
445 597 620 656 Duplici
654 610 797 649 autem
833 599 966 642 modo
1000 600 1210 658 impedire
1234 614 1275 645 et
1299 617 1451 659 urgere
1474 620 1560 662 po-

132 683 229 726 test,
263 671 298 713 si
331 671 581 728 praesertim
615 670 666 713 de
700 672 796 713 Deo
848 670 1092 729 loquamur,
1137 674 1345 717 nimirum
1388 676 1567 734 physice,

134 742 388 787 omnimoda
421 741 776 785 determinatione
811 742 861 785 ad
897 759 1048 800 unum,
1083 756 1122 786 et
1156 745 1379 802 moraliter,
1406 762 1480 803 per
1503 747 1562 791 le-

133 829 232 872 gem
266 812 565 872 prohibentem
603 825 642 857 et
674 815 1024 871 praecipientem,
1061 815 1278 874 simulque
1323 832 1480 875 poenas
1515 835 1561 862 ac

131 886 321 944 praemia
365 885 638 928 sancientem.
672 887 805 943 Atqui
841 887 958 928 Deus
993 902 1080 928 non
1115 886 1292 944 impedit
1325 903 1402 931 nec
1436 902 1561 946 urget

129 956 289 1016 physice
322 956 447 1014 (tunc
470 972 616 1014 reapse
640 957 805 999 nullum
840 959 1009 1015 uspiam
1046 959 1208 1001 crimen
1242 972 1560 1017 perpetraretur

132 1029 177 1071 in
210 1027 413 1086 mundo),
437 1043 574 1086 neque
599 1028 781 1085 expedit,
808 1041 852 1071 ut
880 1030 1034 1087 plivsirc
1060 1029 1263 1087 impediat
1297 1043 1367 1073 aut
1397 1044 1555 1088 urgeat:

133 1116 222 1144 non
255 1100 370 1143 enim
404 1099 486 1143 hoc
522 1112 682 1157 spectat
715 1099 765 1143 ad
799 1100 989 1143 officium
1024 1102 1226 1158 sapientis
1260 1114 1301 1144 et
1334 1103 1435 1145 recti
1480 1119 1559 1160 gu-

132 1170 382 1224 bernatoris,
418 1173 643 1229 praecipue
678 1172 711 1213 si
747 1171 797 1214 de
831 1171 1114 1229 gubernatore
1156 1188 1361 1230 supremo
1401 1186 1441 1216 et
1464 1175 1557 1217 uni-

131 1243 296 1300 versali,
329 1243 462 1301 qualis
496 1255 558 1286 est
592 1244 726 1298 Deus,
760 1255 920 1300 agatur.
957 1244 1102 1287 Restat
1154 1259 1256 1301 crgo
1290 1245 1433 1287 Deum
1469 1246 1558 1288 im-

130 1316 278 1374 pedire
310 1327 349 1359 et
383 1330 535 1372 urgere
569 1314 791 1371 moraliter,
825 1315 848 1357 i.
885 1332 919 1357 e.
954 1315 1135 1358 vetando
1172 1329 1212 1358 ct
1246 1314 1449 1373 iubendo,
1484 1332 1558 1375 per

130 1387 272 1445 legem
295 1402 451 1444 nempe
469 1387 709 1442 negativam
729 1398 769 1429 et
788 1385 1100 1439 affirmativam,
1127 1386 1410 1445 eamdemque
1429 1386 1556 1430 adae-

131 1470 256 1516 quata
287 1469 381 1501 tum
416 1457 595 1515 praemii
647 1469 739 1499 tum
786 1472 948 1514 poenae
998 1458 1216 1500 sanctione
1251 1459 1476 1501 munitam.
1512 1459 1555 1502 Si

132 1530 249 1573 enim
280 1545 359 1572 nec
388 1529 546 1587 physice
595 1527 800 1585 impediat
835 1541 874 1571 ct
910 1541 1057 1584 urgeat
1106 1544 1181 1572 nec
1232 1529 1452 1584 moraliter,
1488 1529 1557 1573 di-

134 1599 318 1644 cendum
352 1599 475 1657 foret,
508 1602 604 1644 Deo
639 1599 893 1642 iniustitiam
926 1615 1015 1641 non
1044 1599 1286 1657 displicere,
1313 1614 1353 1644 et
1377 1601 1557 1658 proinde

132 1672 277 1715 Deum
309 1686 397 1715 non
431 1687 523 1715 esse
555 1673 731 1724 iustum,
766 1687 840 1714 seu
875 1686 961 1713 non
997 1687 1087 1714 esse
1122 1672 1265 1714 Deum
1300 1672 1384 1731 (1).

259 1761 280 1785 «
311 1743 448 1796 Deus,
484 1744 540 1787 ita
574 1743 755 1787 alterum
801 1742 883 1785 hoc
916 1756 1219 1799 argumentum
1264 1745 1408 1802 paucis
1455 1761 1556 1802 per-

133 1815 306 1873 stringit
337 1816 493 1859 Suarez
528 1815 613 1874 (2),
648 1814 769 1858 habet
805 1814 1033 1872 perfectam
1066 1814 1382 1872 providentiam
1416 1815 1560 1860 homi-

132 1901 252 1930 num:
287 1902 390 1944 ergo
424 1887 475 1930 ad
508 1886 629 1929 illum
665 1899 709 1928 ut
743 1902 995 1943 supremum
1029 1886 1360 1943 gubernatorem
1384 1900 1557 1931 naturae

133 1970 295 2017 spectat
341 1970 481 2002 vetare
526 1958 634 2001 mala
685 1971 723 2001 et
758 1958 996 2015 praecipere
1046 1957 1169 2001 bona:
1220 1974 1322 2015 crgo
1363 1959 1559 2016 quamvis

132 2030 240 2073 ratio
273 2029 472 2073 naturalis
505 2029 661 2086 indicat,
696 2029 797 2086 quid
832 2029 884 2072 sit
915 2028 1080 2072 bonum
1124 2029 1189 2072 vel
1225 2028 1386 2072 malum
1422 2030 1558 2073 ratio-

227 2247 284 2292 (1)
312 2246 369 2282 Ad
396 2259 471 2282 rem
498 2259 526 2282 s.
552 2248 790 2294 Augustinus,
822 2249 856 2283 in
884 2248 1013 2294 psalm.
1036 2258 1107 2293 52.:
1140 2261 1157 2281 «
1178 2249 1214 2283 Si
1241 2250 1339 2283 Deus
1359 2258 1426 2291 est,
1448 2250 1561 2284 iustus

132 2314 201 2342 est:
228 2305 256 2340 si
283 2306 396 2341 iustus
423 2315 487 2346 est,
516 2307 681 2353 displicet
709 2308 738 2342 ei
767 2307 949 2342 iniustitia.
971 2308 1028 2342 Tu
1057 2316 1178 2342 autem
1206 2320 1287 2342 cum
1307 2316 1407 2354 putas
1436 2308 1465 2342 ei
1486 2308 1560 2355 pla-

132 2377 213 2400 cere
240 2365 481 2412 iniquitatem,
511 2378 622 2411 negas
648 2368 782 2401 Deum.
813 2367 850 2401 Si
881 2366 978 2400 enim
1005 2367 1102 2401 Deus
1130 2374 1195 2409 est,
1218 2366 1273 2400 cui
1302 2366 1466 2411 displicet
1495 2366 1562 2401 ini-

132 2425 260 2472 quitas,
279 2436 361 2459 cum
380 2425 469 2460 dicis
490 2427 525 2460 in
545 2426 651 2461 cortic¹
667 2426 850 2472 tuo‚f‹1vet
869 2427 962 2461 Dens
981 2427 1220 2473 iniquitalibus
1241 2428 1335 2471 meis,
1357 2427 1445 2461 nihil
1464 2426 1561 2461 aliud

133 2483 221 2519 dicis
248 2495 369 2531 quam,
396 2495 462 2519 non
489 2490 535 2520 est
562 2485 669 2521 Deus.
692 2500 709 2518 »

227 2543 284 2588 (2)
310 2544 364 2578 De
391 2543 462 2591 leg.
490 2545 512 2579 l.
543 2546 583 2580 ΙΙ.
612 2557 640 2580 c.
669 2545 702 2581 6.
732 2558 830 2581 num.
859 2547 889 2582 8.
