1734 2784
835 136 890 144 —
934 125 1012 166 114
1050 136 1093 143 -

261 209 333 252 sed
366 210 491 252 etiam
527 206 643 264 quod
676 219 738 250 est
760 207 806 249 ab
841 223 887 249 ea
922 207 1119 261 indirecte,
1147 207 1255 248 sicut
1288 222 1308 248 ιι
1343 222 1428 249 non
1465 219 1668 263 agente.»

260 282 402 337 Itaque
436 279 724 322 voluntarium
759 278 969 321 directum
1005 291 1065 320 est
1100 276 1230 333 illud,
1266 277 1380 334 quod
1432 277 1621 334 procedit
1655 295 1676 321 a

259 352 477 395 voluntate
510 351 690 408 positive
724 362 886 406 agente,
913 361 956 391 ut
990 366 1024 391 e.
1051 364 1088 405 g.
1126 361 1190 391 est
1225 347 1350 391 lectio
1385 360 1455 391 :tut
1488 349 1675 406 scriptio:

258 423 546 467 voluntarium
581 421 834 465 indirectum
870 433 931 463 est
966 419 1066 463 illud
1087 455 1098 474 ‚
1135 420 1251 478 quod
1276 435 1296 461 a
1319 419 1536 463 voluntate
1580 436 1676 477 pro-

259 495 382 552 cedit,
400 507 606 554 quatenus
641 509 764 551 agere
800 494 975 550 omittit,
1000 493 1161 551 (litando
1197 502 1329 535 tamen
1364 508 1476 549 agere
1499 483 1677 550 etpolest

258 577 292 611 et
326 567 446 610 debet.
483 567 607 620 Quae
641 578 858 624 postrema
890 563 1014 608 verba
1053 565 1143 607 iure
1193 563 1418 607 adduntur.
1468 565 1597 621 Nam,
1630 576 1676 607 ut

259 638 371 682 idem
396 638 519 683 docet
543 654 574 681 s,
601 636 798 681 Thomas
825 636 896 694 (1)
916 673 924 689 ‚
951 655 970 677 «
994 635 1230 689 sciendum,
1255 635 1371 692 quod
1394 651 1482 679 non
1506 650 1677 693 semper

259 710 315 767 id,
349 710 463 768 quod
499 710 689 767 sequitur
723 708 772 752 ad
806 707 1020 752 defectum
1056 708 1233 750 actionis
1259 742 1268 760 ,
1305 706 1520 750 reducitur
1569 707 1677 749 sicut

260 783 301 825 in
337 797 503 824 causam
538 782 581 823 in
615 796 758 838 agenS‚
792 797 842 823 ex
877 796 926 823 eo
963 779 1080 837 quod
1129 794 1217 822 non
1265 780 1378 835 agit,
1412 778 1486 821 sed
1534 777 1675 822 solum

256 866 357 896 tunc
392 869 489 896 cum
522 865 661 911 potest
695 865 733 896 et
767 852 891 895 debet
925 868 1099 909 agere.»
1131 852 1174 894 Si
1207 867 1241 894 e.
1263 868 1300 907 g.
1336 850 1502 894 videam
1540 851 1676 907 mergi

259 923 498 977 hominem,
535 937 574 967 et
609 923 809 966 auxilium
844 925 950 966 ferre
985 924 1198 979 omittam,
1234 938 1331 965 cum
1357 923 1534 980 possim3
1560 937 1676 964 mors

258 995 367 1038 illius
402 995 591 1038 hominis
626 1007 820 1038 censetur
854 994 958 1037 mibi
983 993 1223 1037 voluntaria
1245 991 1474 1036 indirecte:
1500 994 1534 1036 si
1561 994 1675 1036 enim

258 1083 453 1126 possum,
489 1067 622 1111 debeo
655 1084 704 1110 ex
737 1066 914 1110 naturali
949 1066 1129 1109 caritatis
1164 1065 1255 1122 lege
1289 1065 1489 1122 proximo
1525 1065 1566 1106 in
1605 1079 1676 1107 ex-

256 1152 392 1182 trema
424 1139 490 1182 illa
524 1140 775 1182 necessitate
808 1139 1041 1181 constituto
1076 1136 1298 1180 subvenire
1331 1136 1418 1196 (2).

375 1211 554 1253 DIVISIO
588 1211 646 1264 45¹
690 1209 908 1252 Dividitur
955 1208 1245 1251 voluntarium
1295 1208 1337 1250 in
1380 1206 1673 1251 voluntarium

257 1283 297 1324 in
331 1297 368 1324 sc
402 1294 442 1324 et
472 1281 762 1324 voluntarium
798 1282 839 1323 ‘in
874 1281 967 1324 alio.
989 1305 1044 1312 —
1068 1279 1177 1322 Illud
1209 1292 1271 1323 est
1310 1279 1599 1322 voluntarium
1634 1279 1674 1320 in

257 1369 314 1406 se,
349 1351 465 1410 quod
499 1368 520 1395 a
555 1352 768 1395 voluntate
803 1365 895 1395 actu
931 1368 1132 1410 expresso
1166 1350 1410 1394 intenditur.
1462 1351 1529 1394 Sic
1563 1367 1595 1393 e.
1632 1365 1670 1405 g.

257 1439 374 1467 mors
407 1436 471 1467 est
502 1424 739 1467 voluntaria
772 1425 813 1466 in
856 1440 899 1466 se
934 1423 1018 1477 illi,
1053 1424 1124 1481 qui
1172 1438 1383 1466 venenum
1433 1423 1593 1474 sumit,
1630 1434 1675 1464 ut

257 1495 384 1539 finem
416 1497 524 1539 Vitae
557 1512 655 1539 suae
690 1497 893 1554 imponat.
928 1497 1036 1539 Item
1071 1496 1104 1538 si
1140 1496 1233 1553 quis
1277 1493 1485 1537 vindictae
1530 1495 1674 1537 animo

254 1569 396 1625 ignem
433 1568 582 1611 domui
617 1568 777 1610 inimici
811 1568 876 1610 sui
911 1567 1123 1625 applicet,
1173 1579 1217 1608 ut
1254 1566 1366 1608 illius
1416 1565 1582 1608 divitias
1617 1564 1673 1607 ibi

256 1639 520 1682 absconditas
544 1638 752 1692 incendat,
772 1651 812 1682 et
834 1638 930 1681 hinc
957 1651 1001 1681 ut
1026 1655 1124 1681 eum
1149 1639 1324 1695 eiusque
1348 1636 1458 1679 filios
1478 1638 1519 1678 in
1543 1636 1673 1679 maxi-

255 1727 369 1755 mam
394 1724 625 1768 egestatem
653 1712 861 1767 coniiciat3
887 1710 1042 1754 domus
1068 1710 1316 1763 destructio,
1341 1720 1466 1766 atque
1494 1709 1669 1750 amissio
1722 1738 1729 1750 .

254 1782 513 1836 divitiarum,
539 1795 577 1826 et
612 1782 792 1826 familiae
826 1782 936 1825 illius
970 1794 1193 1840 paupertas
1228 1793 1326 1824 sunt
1361 1782 1398 1823 ei
1432 1779 1670 1823 voluntaria

349 1990 405 2035 (1)
432 1991 517 2025 Loc.
546 1990 604 2024 cit.
633 1991 664 2025 S.
695 1988 857 2025 Thomas
885 1990 1024 2025 rediens
1056 1989 1099 2023 ad
1126 1989 1221 2024 idem
1261 1989 1466 2035 exemplum
1495 1989 1536 2023 de
1575 1989 1672 2023 navis

253 2051 502 2097 gubernatore,
530 2050 615 2084 haec
644 2050 761 2085 habet:
791 2063 807 2081 α
824 2051 859 2085 Si
886 2052 1105 2096 gubernator
1127 2062 1201 2084 non
1221 2059 1343 2096 posset
1362 2061 1490 2084 navem
1512 2049 1672 2095 dirigere,

253 2109 309 2144 vel
336 2121 411 2144 non
439 2118 529 2144 esset
569 2110 597 2144 ei
626 2110 821 2144 commissa
860 2110 1074 2156 gubernatio
1116 2111 1229 2151 navis,
1257 2121 1329 2143 non
1370 2109 1608 2154 imputaretur
1642 2109 1673 2142 ei

252 2170 352 2205 navis
379 2170 592 2211 submersio,
615 2181 702 2216 quae
729 2181 791 2215 per
809 2171 1007 2204 absentiam
1028 2169 1276 2216 gubernatoris
1295 2170 1552 2215 contingeret.»
1583 2168 1671 2201 Item

253 2229 423 2264 Ballerini
446 2257 453 2271 ,
485 2240 562 2275 syn.
592 2229 634 2262 de
661 2238 724 2264 act.
753 2230 850 2263 hum.
881 2242 982 2266 num.
1012 2230 1056 2263 8.:
1091 2245 1106 2259 «
1133 2228 1390 2264 Voluntarium
1418 2228 1593 2262 directum
1620 2226 1674 2260 di-

253 2289 355 2329 citur,
385 2288 480 2335 quod
507 2297 557 2323 est
584 2300 601 2322 a
629 2288 815 2324 voluntate
842 2290 995 2335 positive
1022 2298 1165 2335 agente:
1187 2288 1430 2324 voluntarium
1458 2286 1672 2320 indirectum

251 2348 389 2391 dicitur,
416 2348 512 2394 quod
540 2358 685 2382 eatenus
715 2357 765 2383 est
794 2361 811 2382 a
839 2349 1040 2391 voluntate,
1070 2358 1245 2395 quatenus
1272 2359 1378 2393 agere
1418 2346 1563 2389 omittit,
1591 2357 1671 2380 cum

252 2417 373 2443 tamen
399 2419 505 2454 agere
524 2409 636 2454 possit
655 2420 694 2442 ac
715 2408 852 2442 debeat.
874 2423 889 2439 »
923 2408 978 2443 Cf.
999 2409 1125 2443 Franc.
1147 2408 1294 2451 Amico,
1316 2418 1404 2441 curs.
1426 2405 1538 2440 theol.
1560 2403 1670 2438 schol.

254 2476 287 2502 et
315 2478 404 2502 mor.
432 2476 522 2501 tom.
551 2467 610 2501 HI.
638 2467 767 2513 disput.
796 2467 838 2501 ΙΙ.
866 2476 948 2502 sect.
976 2468 1036 2501 III.

345 2527 401 2571 (2)
429 2526 550 2573 Aliqui
577 2535 741 2561 auctores
767 2526 1010 2561 voluntarium
1038 2527 1212 2562 directum
1240 2533 1371 2560 vocant
1394 2524 1592 2571 positivum,
1612 2524 1670 2557 in-

254 2585 428 2620 directum
455 2596 540 2620 vero
569 2586 760 2632 negativmn
789 2585 983 2632 appellant.
