1734 2784
109 182 345 227 sideratum
381 183 631 241 simpliciter,
667 183 755 226 sive
805 194 1015 241 quatenus
1047 182 1244 237 arduum,
1277 195 1420 241 potest
1451 199 1536 240 ge-

109 255 273 298 minam
306 253 422 298 illam
456 267 622 312 partem
657 269 952 298 commovere.

227 328 424 370 Iamvero
457 339 702 385 spectemus
741 326 818 385 1.⁰)
851 338 1019 384 partem
1052 327 1410 385 concupiscibilem.
1443 329 1536 372 Bo-

108 413 213 440 num
249 408 290 440 et
324 396 487 440 malum
522 397 720 441 sensibile
765 397 998 455 simpliciter
1031 410 1288 456 spectatum,
1322 399 1441 456 quod
1473 413 1537 444 est

107 469 336 527 proprium
371 467 486 512 illius
520 470 647 527 partis
674 469 892 513 obiectum
916 495 970 503 —
994 469 1061 513 vel
1083 471 1140 513 ita
1163 472 1424 529 proponitur
1446 473 1535 515 ani-

108 556 217 594 mae,
250 552 296 583 ut
326 539 441 584 nulla
473 541 556 583 iam
581 540 783 584 habeatur
818 542 926 584 ratio
960 542 1051 584 eius
1086 543 1349 598 praesentiae
1372 555 1443 585 aut
1465 542 1534 586 ab·

106 611 267 654 sentiae
297 637 358 643 —
387 611 455 654 vel
487 624 827 669 repraesentatur
859 624 906 655 ut
955 611 1105 655 absens
1155 628 1202 655 ac
1250 612 1444 657 futurum
1476 640 1536 647 —-

106 684 173 727 vel
205 683 541 743 apprehenditur
587 697 809 742 tamquam
859 700 1069 742 praesens.
1124 686 1170 728 Si
1216 687 1351 744 primo
1398 687 1532 731 modo

109 756 384 814 proponitur,
399 767 594 813 respectu
615 754 716 798 boni
737 756 877 798 existit
896 771 1026 812 amor,
1047 768 1239 813 respectu
1261 757 1358 799 mali
1378 757 1532 802 odium:

110 827 145 869 si
176 827 345 871 secundo
369 826 503 870 modo
526 839 878 884 repraesentatur,
903 827 1044 883 quoad
1068 827 1232 871 bonum
1258 828 1406 872 absens
1431 846 1530 873 exo-

106 899 213 941 ritur
247 897 503 950 desiderium,
529 897 669 955 quoad
694 897 854 940 malum
879 897 1026 940 absens
1051 898 1161 955 fuga
1184 900 1272 942 sive
1296 901 1531 943 exsecratio

105 969 344 1028 quaedam:
378 970 413 1012 si
445 971 560 1012 tertio
584 969 719 1012 modo
743 969 1093 1026 apprehenditur,
1120 972 1314 1028 gignitur
1339 971 1389 1014 de
1415 971 1532 1015 bono

104 1054 323 1100 praesente
353 1041 570 1099 gaudium,
607 1041 658 1085 de
692 1041 804 1084 malo
845 1054 1064 1099 praesente
1103 1045 1274 1087 tristitia
1309 1044 1393 1103 (1).

225 1114 479 1171 Spectemus
515 1113 598 1172 2.⁰)
632 1127 794 1171 partem
843 1114 1099 1171 irascibilem,
1135 1116 1253 1158 cuius
1303 1118 1529 1175 proprium

106 1183 326 1228 obiectum
350 1197 412 1228 est
446 1184 611 1228 bonum
645 1184 711 1227 vel
746 1184 907 1228 malum
934 1198 1075 1242 paratu
1107 1186 1287 1229 arduum
1309 1188 1373 1231 vel
1397 1190 1528 1231 vitatu

103 1255 274 1313 difficile.
298 1282 355 1289 —
378 1257 550 1299 Bonum
586 1268 730 1313 paratu
765 1255 962 1310 arduum,
982 1256 1171 1314 illudque
1204 1258 1344 1301 absens
1365 1259 1430 1302 vel
1453 1277 1522 1317 ap-

102 1326 384 1384 prehenditur
418 1327 599 1370 obtineri
648 1342 775 1384 posse
808 1327 877 1370 vel
916 1344 1051 1371 secus.
1102 1330 1144 1372 Si
1192 1330 1526 1386 apprehenditur

100 1414 228 1456 posse
247 1399 444 1456 obtineri,
462 1398 640 1442 habetur
659 1415 758 1456 spes,
778 1415 884 1457 quae
903 1398 1065 1442 bonum
1087 1401 1228 1458 ipsum
1248 1401 1427 1445 arduum
1448 1420 1525 1446 ve-

101 1468 164 1512 lut
182 1471 419 1513 terminum
443 1469 690 1527 possibilem
716 1470 905 1513 intuetur
929 1483 1054 1528 atque
1078 1484 1281 1528 expectat:
1312 1474 1343 1514 si
1380 1486 1526 1517 contra

100 1541 434 1599 apprehenditur
468 1556 555 1585 non
604 1557 731 1598 posse
778 1543 1032 1599 comparari,
1067 1542 1246 1586 habetur
1288 1544 1518 1602 desperatio.

96 1614 205 1657 Item
233 1613 393 1657 malum
429 1614 588 1657 evitatu
624 1612 808 1666 difficile,
834 1613 1022 1671 illudque
1055 1614 1216 1671 absens,
1240 1615 1305 1658 vel
1329 1628 1391 1659 est
1426 1617 1524 1674 tale,

97 1697 144 1728 ut
177 1686 332 1745 animal
365 1698 504 1743 speret
538 1685 682 1743 repelli
717 1701 858 1743 posse,
883 1685 947 1728 vel
973 1702 1110 1730 secus.
1137 1688 1181 1730 Si
1207 1689 1519 1745 p1·imum‚exi-

97 1757 170 1800 stit
201 1757 395 1811 audacia,
431 1772 537 1815 quae
571 1756 775 1814 neglectis
810 1757 1007 1815 periculis
1043 1757 1203 1800 malum
1248 1776 1522 1818 quacumque

192 1979 248 2024 (1)
266 1991 284 2010 «
302 1979 444 2013 Bonum
460 1977 568 2012 habet
583 1979 681 2024 quasi
701 1978 870 2013 virtutem
891 1979 1129 2022 attractivam‚
1149 1980 1287 2013 malum
1307 1989 1426 2015 autem
1445 1982 1519 2015 vir-

94 2047 208 2074 tutem
236 2037 469 2084 repulsivam.
498 2038 641 2071 Bonum
670 2029 756 2084 ergo
779 2040 893 2084 primo
920 2040 956 2072 in
986 2040 1147 2085 potentia
1176 2039 1370 2085 appetitiva
1399 2049 1521 2075 causat

93 2098 290 2144 quamdam
318 2097 593 2132 inclinationem
620 2108 682 2132 seu
722 2098 961 2142 aptitudinem
1002 2109 1064 2132 seu
1101 2099 1438 2133 connaturalitatem
1475 2100 1520 2134 ad

92 2157 243 2200 bonum,
272 2157 369 2204 quod
397 2157 551 2202 pertinet
579 2156 622 2190 ad
650 2158 860 2201 passionem
887 2157 1028 2200 amoris,
1058 2157 1114 2192 cui
1142 2169 1203 2203 per
1222 2158 1444 2192 contrarium
1465 2170 1518 2193 re-

91 2216 249 2262 spondet
274 2217 388 2251 odium
415 2228 456 2251 ex
484 2226 585 2260 parte
613 2215 708 2250 mali.
735 2215 898 2258 Secundo,
926 2217 954 2250 si
982 2218 1120 2251 bonum
1148 2218 1191 2252 sit
1220 2217 1383 2251 nondum
1411 2217 1516 2252 habi-

91 2275 219 2315 bitum,
247 2275 306 2310 dat
334 2276 365 2310 ei
392 2284 535 2310 motum
562 2274 605 2308 ad
633 2275 894 2321 assequendum
923 2277 1059 2310 bonum
1089 2285 1263 2318 amatum,
1293 2285 1327 2311 et
1354 2276 1422 2311 hoc
1441 2289 1518 2323 per-

89 2333 181 2369 tinet
206 2334 250 2369 ad
275 2335 482 2380 passionem
509 2334 664 2368 desiderii
689 2334 746 2368 vel
785 2335 1111 2380 concupiscentiae,
1142 2344 1174 2370 et
1202 2347 1243 2369 ex
1270 2336 1441 2382 opposito
1469 2348 1516 2371 ex.

88 2401 190 2438 parte
218 2393 305 2428 mali
334 2402 387 2428 est
409 2391 500 2438 suga
526 2392 581 2427 vel
609 2393 845 2428 abominatio.
876 2394 1001 2435 Tertio,
1029 2405 1112 2428 cum
1141 2394 1310 2440 adeptum
1328 2394 1433 2429 fuerit
1453 2396 1517 2430 bo-

86 2462 190 2495 num,
217 2451 277 2486 dat
303 2452 480 2498 appetitui
508 2452 771 2498 quietationem
798 2453 993 2499 quamdam
1021 2454 1054 2487 in
1083 2454 1163 2499 ipso
1190 2454 1290 2488 bono
1319 2453 1463 2500 adepto,
1479 2464 1516 2489 et

87 2509 160 2546 hoc
187 2511 341 2558 pertinet
368 2511 410 2546 ad
437 2511 719 2547 delectationem
746 2511 802 2546 vel
826 2511 1000 2558 gaudium,
1031 2513 1089 2547 cui
1116 2514 1314 2559 opponitur
1343 2525 1386 2548 ex
1414 2523 1513 2560 parte

87 2570 174 2605 mali
201 2571 307 2606 dolor
334 2571 390 2606 vel
417 2571 560 2606 tristitia
578 2587 609 2606 ».
638 2572 689 2607 Ita
716 2584 742 2607 s.
770 2572 935 2608 Thomas
962 2573 1030 2607 loc.
1061 2573 1119 2608 cit.
