1734 2784
703 44 973 98 -453-

215 143 272 178 23.
297 136 616 171 Demonstratio.
643 156 690 162 -—
714 137 820 172 Ratio
850 138 1028 184 generalis
1055 150 1120 184 pro
1158 139 1284 185 quovis
1329 138 1432 173 sinito

310 194 408 229 bono
435 195 493 229 vel
520 196 703 231 bonorum
740 197 961 243 complexu:
991 217 1034 224 —
1062 197 1219 232 rationes
1258 197 1432 244 speciales

308 265 373 301 pro
400 255 551 301 singulis
577 255 684 290 bonis
711 255 748 290 in
774 256 993 302 particulari.
1057 284 1426 292 .......

118 326 301 371 Thesis
331 326 452 370 VIII.
495 352 551 360 —-
597 326 749 382 Qualis
795 327 935 371 debeat
982 343 1060 372 esse
1108 329 1215 372 Boni
1262 329 1432 372 increati

291 400 498 455 possessio,
534 407 579 441 ut
611 399 725 442 homo
758 400 811 442 sit
845 399 993 443 beatus.
1047 437 1054 442 .

215 490 268 523 24.
297 481 615 517 Demonstratio.
644 502 684 507 —
718 482 860 517 1.Unio
889 495 969 517 curn
997 483 1078 518 Deo
1098 482 1157 518 fiet
1175 495 1238 529 per
1257 493 1357 518 actus
1385 503 1430 509 —-

308 539 570 587 intelligentiae
597 553 637 575 ac
676 541 882 576 voluntatis.
910 563 955 567 --
993 543 1226 577 Enumeratio
1270 552 1303 578 et
1342 554 1430 577 ana-

306 599 392 645 lysis
418 599 548 634 horum
575 610 732 647 actuum.
763 621 807 627 —
835 603 892 636 An
920 610 954 636 et
982 612 1052 647 quo
1078 612 1184 636 sensu
1211 602 1281 636 dici
1325 611 1430 648 queat

308 658 569 693 beatitudinem
594 658 755 693 hominis
784 671 862 694 esse
877 659 958 706 quid
973 659 1167 694 infinitum.
1191 681 1224 685 —
1247 671 1277 694 2.
1297 661 1352 695 De
1366 659 1430 694 ho-

308 718 405 752 mine
432 719 580 765 eiusque
605 719 846 754 destinatione
891 719 1022 765 duplici
1066 719 1177 754 modo
1221 720 1429 765 pertractari

307 786 446 823 potest:
475 798 518 804 —
547 778 720 813 historice
737 789 769 814 et
783 779 1028 825 hypothetice.
1050 799 1093 804 —
1114 778 1297 825 Theologi
1317 779 1430 814 histo-

305 837 378 871 rice
397 846 508 883 agunt
525 837 567 872 de
586 838 747 872 hominis
766 837 1028 873 destinatione:
1056 859 1085 862 -
1107 838 1190 884 quid
1204 838 1370 873 doceant.
1385 857 1429 864 —

306 895 521 942 Philosophi
549 896 591 931 de
619 897 745 931 eadem
789 906 900 943 agunt
943 897 1201 943 hypothetice.
1228 897 1427 943 spectando

308 955 499 990 hominem
527 956 562 990 in
590 956 716 990 ordine
745 968 842 991 mere
869 957 1033 991 naturali.
1064 978 1106 982 —
1145 957 1243 998 Quid
1285 958 1329 991 sit
1371 957 1428 991 hic

305 1015 396 1049 ordo
423 1027 509 1061 pure
536 1015 718 1050 naturalis.
747 1036 790 1042 —
818 1016 1015 1051 Affirmant
1042 1027 1160 1051 auten]
1190 1016 1429 1062 Philosophi,

308 1074 404 1121 quod
432 1095 475 1100 —
503 1075 668 1120 cognitio
697 1076 765 1110 Dei
793 1087 867 1109 non
895 1075 987 1111 foret
1014 1076 1179 1111 intuitiva
1202 1076 1319 1110 —sed
1348 1085 1429 1110 tan-

308 1142 384 1167 tum
412 1134 628 1168 abstractiva
656 1154 699 1159 —
728 1134 875 1169 relative
902 1143 1023 1168 tamen
1065 1134 1221 1180 perfecta
1254 1155 1297 1161 -
1325 1146 1428 1168 amor

305 1204 391 1227 vero
407 1201 440 1228 et
455 1193 631 1238 gaudium
651 1202 769 1228 essent
789 1193 849 1228 tali
869 1194 1072 1238 cognitioni
1091 1194 1427 1238 proportionata.—

306 1251 504 1286 Diluuntur
531 1251 637 1286 dubia
664 1252 838 1298 quaedam
862 1264 868 1286 z
898 1272 942 1278 —
970 1252 1156 1299 quomodo
1184 1252 1303 1286 anima
1330 1252 1422 1287 foret

308 1311 410 1346 beata
427 1323 508 1345 cuin
525 1312 738 1358 cognitione
762 1312 828 1346 Dei
848 1320 989 1347 tantum
1005 1313 1230 1347 abstractiva.
1251 1332 1294 1338 —-
1316 1324 1348 1357 3.
1365 1314 1428 1348 Di-

305 1372 451 1405 stinctio
478 1372 570 1414 finis,
598 1372 755 1417 itemque
784 1371 965 1406 felicitatis
991 1373 1025 1405 in
1054 1371 1256 1406 naturalem
1300 1381 1332 1406 et
1362 1384 1424 1406 su-

304 1430 582 1475 pernaturalem:
598 1450 640 1456 —-
658 1431 693 1464 in
709 1442 779 1477 quo
798 1431 1013 1465 conveniant
1034 1451 1077 1457 —
1103 1431 1137 1464 in
1159 1444 1228 1478 quo
1247 1431 1423 1466 differant.

210 1500 264 1533 25.
293 1491 502 1525 Scholion.
520 1510 563 1516 --
592 1490 753 1525 Celebris
775 1491 864 1524 circa
886 1491 1079 1526 essentiam
1098 1491 1333 1526 beatitudinis
1346 1491 1427 1536 for-

303 1549 401 1584 malis
429 1550 685 1585 controversia.
702 1570 746 1576 --
767 1551 887 1585 Status
916 1551 1148 1597 quaestionis.
1169 1571 1212 1576 —
1239 1551 1424 1585 Sententia

302 1619 328 1642 s.
358 1608 526 1642 Thomae
552 1627 594 1633 —
623 1620 648 1642 s.
678 1609 952 1642 Bonaventurae
993 1628 1036 1634 —
1076 1609 1188 1643 Scoti.
1209 1628 1252 1633 —
1280 1609 1421 1643 Praeci-

302 1678 414 1712 puum
442 1679 467 1701 s.
495 1667 662 1701 'I'homae
690 1676 942 1713 argumentum
967 1681 973 1701 :
1007 1688 1048 1692 -—
1077 1668 1160 1714 qnid
1204 1668 1284 1701 huic
1312 1680 1422 1713 argu-

302 1735 426 1760 mento
467 1726 706 1771 respondeant
745 1726 961 1760 adversarii:
994 1746 1036 1751 —-
1080 1726 1209 1760 horum
1252 1726 1422 1761 solutioni

304 1792 493 1836 responsio
522 1791 565 1825 ad
593 1801 755 1825 mentem
777 1791 926 1837 angelici
948 1791 1117 1826 Doctoris
1123 1820 1426 1826 ......

109 1863 290 1907 Thesis
330 1863 406 1905 IX.
441 1887 497 1894 —
532 1864 593 1906 De
627 1865 782 1906 salione
813 1862 1010 1920 petfecme
1045 1862 1306 1906 beatitudinis
1340 1873 1423 1920 est,

1309 1941 1329 1948 .-

288 1943 332 1976 ut
364 1935 412 1976 sit
445 1943 623 1976 aeterna.
661 1970 667 1975 .

206 2018 261 2052 26.
290 2019 600 2052 Praenotiones.
628 2036 671 2042 —
701 2017 797 2062 Quid
826 2017 1029 2052 aeternitas.
1073 2038 1109 2042 —
1153 2018 1277 2052 stricto
1317 2029 1422 2052 sensu

298 2085 462 2122 accepta:
493 2075 656 2110 definitio
672 2076 789 2110 Boetii
809 2075 997 2111 ——latiore
1018 2087 1123 2110 sensu
1144 2086 1300 2122 sumpta.
1351 2106 1357 2112 .
1411 2104 1417 2111 .

205 2144 260 2179 27.
288 2135 603 2169 Demonstratio.
631 2154 674 2159 —
702 2135 753 2169 Ex
780 2134 860 2180 ipso
896 2135 1072 2180 perfectae
1110 2134 1291 2170 felicitatis
1338 2147 1425 2170 con-

303 2202 404 2239 ceptu
434 2193 647 2235 ostenditur,
664 2193 926 2227 beatitudinem
948 2194 1078 2228 debere
1098 2204 1175 2227 esse
1195 2204 1420 2240 perpetuam,

299 2261 331 2286 et
358 2252 517 2285 animam
547 2251 676 2286 debere
703 2251 807 2285 huius
844 2252 1094 2298 perpetuitatis
1130 2262 1265 2287 certam
1294 2255 1423 2300 cogni-

300 2311 438 2345 tionem
467 2311 609 2344 habere.
692 2338 1418 2349 .............

204 2370 260 2403 28.
289 2370 497 2405 Scholion.
530 2389 570 2393 —
602 2370 687 2403 item
720 2370 762 2404 de
790 2371 928 2404 ratione
956 2370 1135 2416 perfectae
1165 2371 1342 2406 felicitatis
1370 2382 1422 2407 est

300 2429 458 2463 exclusio
485 2429 604 2463 omnis
633 2429 779 2463 moralis
806 2429 1084 2464 inordinationis
1112 2439 1145 2464 et
1166 2431 1270 2476 plena
1290 2431 1356 2465 hac
1377 2432 1420 2466 de

299 2500 334 2522 re
362 2489 544 2523 securitas.
575 2509 617 2514 —
646 2489 775 2524 Modus
803 2490 1001 2536 explicandi
1030 2489 1122 2524 hanc
1165 2490 1415 2536 impeccabili-

1504 256 1549 301 36

1499 1434 1545 1466 ib„

1496 2323 1537 2359 75
