1734 2784
191 171 323 215 bonas
360 182 578 227 exerceat,
611 169 653 213 id
695 182 757 214 est
805 186 854 213 ex
895 169 1025 213 libera
1063 169 1272 213 electione
1315 171 1447 229 ipsius
1483 190 1503 214 «
1536 173 1618 230 quis

194 243 335 300 potuit
367 241 601 298 transgredi
634 254 674 284 et
706 256 794 284 non
827 252 889 284 est
921 253 1227 298 transgressus,
1262 240 1396 285 facere
1428 242 1537 287 mala
1571 255 1617 286 et

194 329 281 356 non
315 311 410 356 fecit
438 331 459 352 »
485 312 570 371 (1)
604 313 717 355 Hinc
748 312 1055 369 imputabilitas
1089 312 1140 355 ad
1162 312 1348 367 laudem,
1372 312 1470 356 hinc
1504 314 1622 357 ratio⁴

196 385 337 428 meriti
372 384 421 427 ad
454 384 709 441 praemium.

316 457 367 499 Et
401 471 499 499 sane
532 454 803 513 pulchritudo
836 467 875 498 et
907 455 1133 512 rectitudo,
1171 471 1278 513 quae
1310 455 1364 498 sit
1397 455 1440 498 in
1473 454 1622 513 aliquo

198 542 344 586 opere,
379 543 414 570 e.
448 543 488 584 g.
524 528 685 584 pictura
717 539 786 569 aut
819 539 968 583 statua,
991 539 1134 584 potest
1163 543 1208 570 ac
1231 526 1353 570 debet
1381 527 1424 569 in
1444 525 1616 570 laudem

197 599 324 642 tribui
357 598 431 655 illi,
460 599 531 656 qui
565 598 674 641 illius
707 598 892 652 ordinis,
925 614 999 641 seu
1034 598 1363 656 pulchritudinis
1398 609 1462 641 est
1495 613 1624 641 causa¹

198 671 440 727 intelligens
475 682 514 713 et
547 669 832 727 libera.Atqui
866 670 1030 712 bonitas
1067 669 1244 713 moralis
1266 669 1373 712 nihil
1407 681 1470 712 est
1492 669 1623 723 aliud,

198 743 279 784 nisi
312 741 485 784 moralis
518 741 730 784 rectitudo
764 757 808 784 ac
842 741 1139 798 pulchritudo,
1160 757 1266 798 quae
1298 742 1393 784 talis
1423 752 1622 798 tantaque

201 825 281 865 est,
316 825 376 869 ut,
409 812 778 870 quemadmodum
811 813 867 854 ait
900 811 1036 865 Plato,
1075 813 1109 854 si
1138 828 1184 854 ea
1207 812 1341 855 oculis
1364 823 1626 864 cerneretur,

202 884 413 927 mirabiles
447 885 510 926 sui
544 899 710 926 amores
745 885 786 926 in
821 883 1021 926 omnibus
1056 884 1272 926 excitaret.
1306 884 1420 940 Ergo
1453 882 1627 926 bonitas

203 955 390 1011 moralis,
424 971 530 1013 quae
563 954 754 998 honestis
789 956 895 998 inest
929 955 1183 1008 actionibus,
1218 966 1360 1012 potest
1406 970 1452 997 ac
1500 953 1626 997 debet

202 1027 245 1068 in
279 1026 487 1069 moralem
519 1025 687 1069 laudem
720 1024 847 1068 tribui
880 1025 954 1082 illi,
988 1027 1060 1083 qui
1109 1026 1310 1069 bonitatis
1356 1025 1467 1068 illius
1500 1039 1625 1067 causa

203 1110 267 1141 est
300 1097 536 1140 voluntaria
568 1111 609 1140 et
640 1097 779 1141 libera:
813 1097 871 1140 illi
905 1098 1134 1154 nimirum,
1161 1099 1232 1155 qui
1256 1098 1484 1153 actionem,
1517 1112 1625 1155 quae

203 1168 315 1212 bona
346 1181 386 1212 et
418 1169 596 1212 honesta
629 1181 704 1222 est,
740 1168 951 1227 praevidit
1002 1184 1093 1212 esse
1141 1169 1284 1225 talem,
1322 1181 1363 1211 et
1395 1169 1627 1225 actionem,

206 1257 336 1299 quam
377 1240 533 1284 bonam
567 1253 607 1283 et
630 1241 851 1283 honestam
887 1255 978 1283 esse
1011 1239 1205 1293 advertit,
1239 1239 1368 1283 libere
1390 1239 1526 1282 voluit
1550 1254 1626 1296 po-

206 1327 322 1368 nere,
355 1312 444 1354 eius
476 1311 709 1354 bonitatem
733 1324 773 1354 et
797 1310 1066 1353 honestatem
1098 1309 1361 1353 intendendo
1389 1310 1626 1352 intentione

207 1383 371 1440 actuali,
405 1395 474 1426 aut
506 1382 687 1435 virtuali,
719 1395 790 1425 aut
824 1381 1039 1439 habituali,
1073 1393 1143 1424 aut
1176 1381 1325 1424 saltem
1370 1382 1629 1438 interpreta-

205 1455 292 1497 tiva
312 1454 395 1513 (2).
433 1454 755 1498 Confirmantur
779 1454 882 1497 haec
905 1455 1048 1496 omnia
1072 1469 1122 1496 ex
1146 1453 1370 1496 communi
1395 1452 1625 1496 hominum

209 1524 474 1582 concipiendi
507 1525 798 1583 loquendique
832 1525 983 1568 modo.

330 1597 382 1639 H.
417 1596 557 1639 Simili
589 1597 814 1639 ratiocinio
848 1597 1091 1639 ostenditur
1135 1596 1342 1639 moralem
1392 1595 1637 1652 malitiam,

212 1683 318 1724 quae
351 1668 489 1724 pravis
522 1668 631 1710 inest
663 1667 919 1720 actionibus,
955 1683 1080 1724 posse
1116 1682 1162 1710 ac
1195 1666 1346 1710 debere
1379 1667 1422 1709 in
1458 1667 1636 1723 vitupe-

213 1739 324 1780 rium
358 1739 557 1796 imputari
591 1738 678 1790 illi,
714 1739 786 1796 qui
810 1739 992 1782 malitiae
1017 1738 1127 1781 illius
1152 1754 1275 1781 causa
1308 1750 1371 1781 est
1392 1737 1631 1781 voluntaria
1685 1743 1689 1751 ¹

213 1820 255 1851 et
286 1808 426 1852 libera:
461 1809 518 1852 illi
564 1811 770 1852 nimirum
791 1846 801 1864 ,
835 1811 909 1868 qui
960 1811 1201 1863 actionem,
1235 1825 1342 1867 quae
1385 1808 1494 1852 mala
1539 1820 1641 1865 est,

312 2006 369 2050 (1)
395 2005 503 2040 Eccli.
530 2006 662 2040 XXXI.
695 2016 745 2040 10.
776 2020 792 2036 «
818 2004 927 2040 Nulla
955 2004 1070 2045 laude,
1109 2004 1224 2050 inquit.
1261 2015 1287 2038 s.
1318 2003 1475 2038 Iustinus
1499 2003 1562 2045 M.,
1594 2002 1638 2036 in*

215 2064 310 2110 apol.
338 2064 362 2097 Ι.
391 2075 455 2109 pro
484 2064 616 2099 Christ.
644 2065 687 2099 ad
715 2065 823 2107 med„
849 2064 1047 2111 quidquam
1076 2072 1170 2098 esset
1196 2063 1358 2108 dignum,
1385 2061 1452 2096 nisi
1480 2070 1571 2096 esset
1589 2061 1634 2095 ad

215 2133 406 2170 utrumque
431 2123 585 2158 flexibile
607 2138 625 2156 »
655 2124 688 2158 id
715 2132 765 2158 est
792 2124 1000 2158 subiectum
1028 2122 1160 2157 liberae
1188 2121 1367 2156 electioni.
1395 2121 1486 2155 Item
1512 2132 1539 2155 s,
1558 2121 1641 2155 Au·-

216 2183 394 2228 gusffinus,
422 2182 443 2216 l.
470 2183 531 2217 III.
557 2183 599 2217 de
627 2183 685 2218 lib.
712 2184 784 2217 arb.
812 2195 887 2229 cap.
915 2183 955 2217 1.:
1003 2197 1020 2213 «
1046 2182 1181 2224 Motus,
1226 2193 1295 2228 quo
1323 2181 1392 2215 huc
1419 2189 1523 2226 atque
1550 2179 1635 2214 illuc

214 2241 382 2276 voluntas
407 2242 636 2284 convertitur,
663 2242 733 2276 nisi
758 2251 850 2277 esset
878 2241 1113 2276 voluntarius
1145 2249 1251 2287 atque
1277 2240 1313 2274 in
1340 2249 1463 2274 nostra
1494 2238 1640 2284 positus,

217 2310 412 2347 potestate,
447 2298 562 2347 ne⁵que
594 2301 803 2344 laudandus,
844 2313 927 2336 cum
974 2301 1018 2335 ad
1051 2300 1246 2346 superiora,
1285 2310 1401 2345 neque
1439 2296 1638 2343 culpandus

220 2360 333 2395 homo
360 2370 465 2404 esset,
495 2373 575 2395 cum
603 2361 647 2395 ad
674 2360 843 2395 inferiora
871 2361 1070 2407 detorquet,
1098 2359 1197 2406 quasi
1225 2358 1418 2404 quemdam
1455 2357 1639 2391 cardinem

222 2419 426 2455 voluntatis.
454 2435 471 2454 »

318 2482 377 2525 (2)
400 2481 493 2515 Vide
519 2492 617 2515 num.
645 2479 700 2526 76.
727 2491 807 2527 pag.
834 2461 912 2523 204.
