1734 2784
766 67 1030 120 -452-

373 165 438 199 sali
468 173 666 198 consensu:
696 181 738 186 —
766 160 943 194 dissensus
972 170 1046 193 non
1073 158 1171 193 adest
1198 158 1265 192 nisi
1299 156 1343 191 de
1370 156 1481 192 beati-

375 225 498 259 tudine
526 224 559 256 in
585 222 698 268 spccr'e.
725 239 768 246 —
786 231 816 254 2.
838 220 907 253 Iste
921 230 1008 265 ergo
1025 218 1204 264 appetitus
1225 226 1276 252 est
1295 217 1480 252 naturalis:

376 304 420 310 —-
449 292 500 317 est
527 281 624 316 enim
651 281 687 314 in
714 279 882 314 omnibus
920 297 965 304 —-
1004 277 1159 312 identice
1198 296 1242 303 —
1281 277 1486 311 necessario

380 342 488 390 quoad
513 339 791 388 specificationem
818 344 909 374 actus
933 358 972 363 —
993 347 1025 373 et
1045 345 1096 372 est
1117 337 1208 372 ratio
1227 337 1394 372 omnium
1414 347 1488 371 mo-

377 413 480 438 tuum
507 409 652 435 nostrae
665 398 874 433 voluntatis.
890 417 933 423 —
952 409 981 442 3.
998 398 1090 432 Hinc
1105 397 1208 431 huius
1227 396 1407 442 appetitus
1425 406 1488 430 seu

378 462 582 497 tendentiae
612 458 768 505 expletio
800 467 852 492 est
880 457 1060 503 possibilis
1087 475 1129 482 -
1159 456 1275 490 immo
1303 463 1410 489 certa.
1443 473 1490 480 —

379 533 410 565 4.
439 523 516 567 Ipsa
535 518 718 555 tendentia
746 518 782 551 in
811 516 1065 552 beatitudinem
1096 516 1219 562 nequit
1245 514 1415 550 deficere:
1444 533 1492 540 —

378 582 484 616 huius
512 589 633 614 tamen
661 577 870 613 tendentiae
900 576 1055 621 expletio
1085 583 1205 620 potest
1246 586 1289 609 ex
1328 574 1487 609 hominis

379 641 485 686 culpa
504 640 640 674 deesse.
659 657 703 663 —
719 639 773 672 De
789 636 977 682 principio:
994 634 1210 669 desiderium
1234 633 1396 669 naturale
1416 645 1489 668 non

380 709 498 748 potest
514 710 590 733 esse
606 698 722 732 inane.
738 716 781 722 —
796 695 939 742 Duplici
966 694 1078 729 modo
1096 703 1211 740 potest
1230 694 1328 728 Deus
1347 692 1493 739 promit-

380 771 453 796 tere
480 758 698 800 felicitatem,
725 755 887 791 absolute
915 763 948 789 et
975 754 1233 789 conditionate:
1259 772 1303 779 —
1331 763 1491 800 quonam

382 820 493 855 modo
521 830 600 853 eam
626 816 767 851 homini
803 815 1001 862 promittat.
1042 834 1085 839 —
1123 813 1341 859 Quotuplici
1379 812 1491 848 modo

382 881 477 915 entia
503 878 655 913 tendunt
683 877 718 911 in
745 875 874 910 finem:
904 894 947 901 -
975 885 1132 921 quonam
1160 882 1267 919 pacto
1307 873 1420 908 homo
1455 875 1492 908 in

382 941 490 974 {inem
517 937 649 973 tendat.
715 961 1490 971 ..............

294 1001 344 1036 18.
373 999 582 1034 Scholion.
610 1015 654 1022 —
681 996 721 1029 In
747 993 898 1040 singulis
925 993 1062 1027 actibus
1097 992 1298 1038 appetimus
1336 993 1494 1027 beatitu-

383 1059 502 1092 dinem
532 1079 561 1082 —
593 1067 667 1089 non
696 1065 838 1099 semper
865 1064 1027 1099 expresse
1047 1061 1080 1087 et
1096 1050 1307 1094 formaliter,
1330 1051 1392 1086 sed
1419 1051 1492 1087 sal-

383 1108 588 1153 tem-tacite
617 1125 650 1149 et
679 1115 886 1149 virtualiter.
955 1139 1437 1148 .........
1488 1127 1495 1147 ;

196 1193 378 1237 Thesis
407 1190 484 1233 VI.
520 1214 576 1220 —
611 1189 721 1232 Dens
753 1195 806 1229 est
839 1186 990 1228 bonnm
1018 1184 1273 1241 illztcl,c1ciu5
1299 1186 1494 1241 possessio

364 1263 472 1320 facit
504 1262 704 1303 hominem
721 1258 893 1301 beatum.

293 1359 341 1394 19.
370 1346 678 1381 Praenotiones.
708 1363 749 1368 --
776 1341 920 1387 Duplex
948 1341 1134 1387 quaestio:
1164 1360 1207 1366 —
1235 1340 1416 1386 quodnam
1452 1341 1495 1377 sit

384 1407 538 1446 bonum,
568 1404 665 1437 cuius
695 1403 874 1448 possessio
916 1400 1000 1435 facit
1039 1400 1230 1434 hominem
1268 1400 1414 1435 beatum
1451 1421 1497 1427 —

387 1464 500 1510 qualis
526 1463 652 1496 debeat
681 1472 757 1495 esse
785 1459 872 1494 boni
899 1459 991 1494 illius
1021 1459 1215 1504 possessio,
1246 1467 1284 1493 ut
1309 1458 1424 1494 homo
1451 1460 1496 1495 sit

387 1523 522 1557 beatus.
550 1540 594 1547 —
621 1522 696 1556 Hac
724 1520 757 1553 in
785 1519 878 1553 thesi
909 1519 1066 1564 priorem
1109 1517 1283 1552 solvimus
1312 1518 1497 1564 quaestio-

387 1593 471 1616 nem
499 1580 541 1615 de
570 1579 722 1614 essentia
752 1578 980 1613 beatitudinis
1010 1579 1208 1613 obiectivae
1213 1606 1493 1614 ......

294 1653 347 1677 20.
374 1639 691 1676 Demonstratio.
716 1657 754 1663 -—
777 1648 802 1671 1.
821 1639 941 1672 Homo
956 1638 1080 1682 nequit
1097 1648 1173 1671 esse
1191 1638 1314 1672 beatus
1329 1637 1405 1672 sine
1423 1649 1501 1683 per-

387 1700 477 1734 fecta
504 1697 763 1732 coniunctione
792 1707 871 1730 cum
892 1697 972 1730 Deo
992 1715 1035 1721 —
1052 1697 1184 1742 quippe
1203 1695 1262 1742 qui
1279 1705 1332 1730 est
1350 1695 1498 1731 ultimus

386 1758 545 1793 hominis
563 1757 654 1791 finis.
674 1776 717 1782 —
735 1767 765 1790 2.
781 1756 899 1789 Immo
920 1756 1008 1789 haec
1026 1766 1107 1789 cum
1122 1757 1202 1797 Deo
1218 1756 1426 1789 coniunctio
1445 1764 1497 1791 est

386 1819 461 1864 ipsa
488 1818 579 1851 vitae
606 1817 729 1850 beatae
757 1814 974 1849 substantia:
1006 1814 1206 1848 ostenditur
1238 1825 1279 1847 ex
1318 1823 1497 1860 conceptu

387 1875 618 1910 beatitudinis
655 1874 848 1908 essentialis.
876 1893 919 1899 —-
950 1882 977 1916 3.
998 1873 1079 1907 Alia
1105 1872 1214 1907 etiam
1241 1873 1337 1906 bona
1364 1877 1501 1918 p'raeter

389 1935 657 1980 possessionem
677 1934 744 1967 Dei
771 1934 999 1979 reperiuntur
1018 1933 1053 1966 in
1072 1931 1302 1966 beatitudinis
1321 1941 1432 1967 statu:
1455 1951 1500 1958 -——

391 1994 575 2040 quomodo
602 1994 644 2027 ad
673 1992 771 2027 illam
798 2005 834 2027 se
860 1993 1014 2027 habeant
1019 2019 1497 2027 .........

296 2065 350 2088 21.
377 2054 587 2089 Scholion.
606 2073 650 2078 ——
672 2064 695 2088 1.
715 2054 885 2098 Quonam
903 2060 1007 2097 pacto
1024 2052 1178 2086 invicem
1197 2062 1234 2086 se
1252 2052 1410 2086 habeant
1425 2059 1501 2086 ten-

392 2112 511 2146 dentia
537 2112 572 2146 in
599 2111 808 2146 felicitatem
837 2120 870 2145 et
907 2111 1085 2145 ordinatio
1126 2111 1167 2144 ad
1210 2112 1328 2145 Deum
1365 2110 1500 2156 glorifi-

390 2171 544 2205 candum
563 2182 625 2216 per
643 2170 893 2215 cognitionem
923 2179 955 2204 et
983 2180 1155 2203 amorem.
1183 2189 1227 2194 —
1246 2179 1278 2203 2.
1299 2169 1415 2203 Amor
1433 2169 1499 2203 Dei

391 2242 472 2276 erga
499 2241 565 2264 nos
591 2239 643 2264 est
670 2242 772 2264 amor
811 2229 1094 2271 benevolentiae,
1130 2240 1205 2263 non
1239 2239 1324 2263 vero
1361 2239 1498 2262 concu-

389 2290 594 2334 piscentiae.

203 2360 380 2403 Thesis
411 2360 505 2401 VH.
543 2385 594 2390 —
632 2359 811 2402 Nullum
865 2368 920 2402 est
969 2358 1115 2401 honum
1161 2358 1354 2410 finitum,
1389 2358 1502 2400 cuius

373 2432 564 2488 possessio
583 2431 781 2473 hominem
813 2439 931 2487 <laceat
954 2429 1111 2473 reddere
1130 2429 1298 2487 perfecta
1331 2429 1504 2471 beatum.

301 2522 354 2545 22.
381 2513 688 2546 Praenotiones.
706 2531 751 2537 —
777 2512 906 2546 Variae
938 2511 1005 2546 hac
1034 2511 1076 2545 de
1105 2523 1139 2545 re
1168 2511 1391 2545 ethnicorum
1421 2509 1501 2555 phi-

395 2570 627 2614 losophorum
644 2572 843 2604 sententiae
849 2596 1500 2605 ............

1569 942 1583 977 w

1589 942 1612 976 ,μ

1568 1122 1614 1156 2}

1556 1271 1584 1312 φ.

1589 1258 1615 1299 ox

1569 1580 1615 1615 ib.

1573 1993 1618 2028 ib.

1569 2441 1620 2483 54

1575 2567 1622 2602 ib.

1705 1083 1731 1114 -ῂιῄι
1700 676 1731 1077 εςιςψςεςς-Αωνικᾈξὲήῑᾟε
1699 622 1725 667 Μ
1708 602 1726 616 π
1700 414 1728 595 ‘Ns-⁴25³&
1706 366 1727 403 ψ
1712 348 1716 351 ·
