1734 2784
77 177 279 222 facillimo
313 177 506 235 indigent
538 178 787 231 ratiocinio,
821 189 862 220 et
911 194 960 220 ex
1006 177 1158 235 quibus
1204 178 1306 221 aliae
1354 177 1502 222 diffici-

76 248 205 292 liores
237 249 434 291 veritates
468 246 620 291 deduci
653 248 945 291 ratiocinando
979 247 1151 291 debent.
1188 249 1279 291 lam
1329 265 1502 306 querna«

76 318 288 363 dmodum
322 320 350 362 ii
383 319 525 372 etiam,
563 320 636 376 qui
671 319 994 376 intelligentiam
1029 335 1116 362 non
1152 321 1251 362 satis
1277 320 1496 364 evolutam

77 391 248 445 habent,
283 390 502 434 celerrime
534 402 574 433 et
607 390 805 434 facillime
838 392 1077 449 percipiunt
1127 393 1284 449 primas
1334 393 1497 436 ordinis

77 462 325 521 speculativi
357 463 567 519 veritates,
601 479 635 506 e.
669 479 708 519 g.
744 462 857 505 idem
893 464 1041 521 nequit
1074 462 1202 506 simul
1226 480 1318 506 esse
1343 477 1383 506 et
1414 480 1503 507 non

77 550 187 587 esse,
222 533 394 577 effectus
427 534 614 591 postulat
648 549 832 585 causam,
868 533 975 577 ordo
1010 536 1214 592 supponit
1256 535 1502 592 intelligen-

77 607 180 648 tiam
214 618 318 662 etc.;
352 606 409 648 ita
440 605 571 648 iidem
604 606 723 662 pueri
756 618 797 648 et
818 605 945 648 rudes
972 606 1189 649 celerrime
1224 619 1263 649 et
1300 606 1506 650 facillime

78 677 320 735 percipiunt
354 676 510 734 primas
544 676 704 719 ordinis
741 677 911 734 practici
944 678 1140 720 veritates
1161 713 1173 729 ,
1210 693 1245 720 e.
1280 694 1320 734 g.
1358 693 1506 721 amare

78 760 270 806 parentes
293 760 356 791 est
380 748 488 790 actio
522 746 648 799 bona,
670 747 946 804 parricidium
971 761 1033 791 est
1068 750 1176 791 actio
1203 748 1310 791 mala
1342 762 1419 792 etc.
1446 751 1509 793 Ut

79 820 123 862 in
146 820 278 878 priori
311 834 407 862 casu
443 834 552 876 opus
586 834 673 861 non
707 831 769 861 est
801 819 852 862 ad
885 820 1009 862 aliam
1044 832 1208 877 praeter
1233 821 1505 864 intellectum

78 890 318 934 facultatem
351 906 568 933 recurrere
589 925 600 943 ‚
636 891 690 933 ita
723 906 774 933 ne
808 891 849 933 in
884 891 1013 933 altero
1049 891 1223 949 quidem
1272 908 1368 934 casu
1419 908 1505 935 ne-

80 978 195 1005 cesse
229 975 291 1005 est
324 962 444 1004 aliam
468 961 709 1004 facultatem
733 978 881 1004 sensus
906 961 1134 1019 spiritualis
1160 962 1392 1005 adstruere.

199 1032 281 1076 Ubi
305 1032 479 1076 adnotes
513 1034 604 1077 tria.
633 1033 675 1091 α)
710 1032 914 1075 Defectus
939 1033 1244 1089 intelligentiae
1280 1035 1321 1076 in
1357 1035 1506 1091 pueris

80 1118 120 1148 et
154 1105 327 1148 rudibus
360 1120 448 1147 non
467 1118 528 1147 est
546 1105 880 1161 exaggerandus.
909 1105 955 1162 β)
977 1106 1129 1162 Neque
1150 1107 1252 1148 item
1275 1106 1315 1147 in
1350 1105 1506 1148 iisdem

81 1175 372 1234 exaggeranda
389 1188 453 1219 est
476 1175 649 1218 facilitas
685 1176 972 1232 cognoscendi
999 1176 1282 1219 moralitatem
1316 1190 1356 1219 et
1386 1178 1508 1219 recti-

81 1246 187 1290 tudo
236 1246 494 1289 iudiciorum
529 1245 580 1289 de
621 1246 855 1289 moralitate
904 1247 1155 1290 actionum:
1189 1247 1404 1305 siquidem
1455 1247 1507 1290 ad.

80 1319 219 1376 prima
236 1317 439 1375 principia
469 1318 650 1375 practica
674 1319 974 1376 proximasque
996 1318 1292 1361 conclusiones
1316 1330 1509 1361 coarcta—

80 1402 149 1433 tur
181 1389 265 1448 (Ι).
292 1388 336 1448 7)
368 1389 495 1432 Pueri
528 1400 568 1432 et
602 1388 727 1432 rudes
762 1388 813 1432 ad
847 1389 999 1432 iudicia
1032 1389 1229 1441 moralia,
1256 1390 1507 1447 praesertim

81 1462 326 1514 remotiora,
362 1459 482 1502 facile
515 1472 554 1502 et
588 1472 700 1503 recte
734 1459 993 1503 efformanda
1043 1460 1163 1503 valde
1212 1461 1412 1503 iuvantur
1455 1459 1508 1502 ab

82 1531 357 1584 educatione,
393 1543 434 1575 et
481 1530 692 1584 aliorum,
728 1547 836 1589 quos
889 1544 933 1574 ut
978 1532 1187 1589 sapientes
1240 1544 1507 1587 reverentur,

83 1604 350 1647 auctoritate.

201 1676 381 1727 Instant,
417 1674 661 1732 quaerendo
696 1690 776 1732 qua
810 1675 974 1717 ratione
1009 1675 1097 1717 sine
1132 1689 1258 1717 sensu
1298 1673 1506 1732 spirituali

55 1738 349 1805 ‘explicentur
385 1745 608 1790 delectatio
642 1746 710 1788 illa
740 1745 807 1789 vel
840 1745 1012 1799 horror,
1046 1761 1152 1803 quae
1186 1747 1228 1788 in
1262 1747 1402 1788 anima
1430 1762 1508 1788 ex-

84 1820 282 1873 citantur,
317 1834 414 1862 cum
439 1823 626 1862 actiones
651 1818 856 1876 quaedam
884 1817 1065 1860 morales
1089 1817 1289 1874 leguntur
1311 1830 1383 1861 aut
1406 1834 1506 1860 nar-

84 1889 608 1949 rantur.—Resp0ndeo‚
643 1889 838 1947 explicari
875 1905 947 1946 per
982 1890 1218 1946 appetitum
1254 1889 1505 1932 rationalem

85 1977 160 2005 seu
192 1961 459 2004 voluntatem
492 1973 618 2019 atque
652 1962 778 2003 etiam
828 1976 901 2017 per
949 1960 1185 2017 appetitum
1238 1961 1509 2004 sensitivum.

182 2147 238 2191 (1)
266 2146 321 2180 Ad
350 2157 424 2180 rem
452 2157 478 2179 s.
506 2145 585 2186 Th„
614 2146 647 2178 in
679 2153 875 2178 comment.
903 2145 937 2178 in
967 2145 987 2180 l.
1015 2146 1073 2179 III.
1095 2146 1137 2179 de
1157 2146 1290 2179 Anima
1311 2146 1390 2179 lect.
1413 2145 1513 2179 XV:

90 2205 365 2251 «Philosophus
393 2205 486 2246 dicit,
515 2204 609 2250 quod
640 2205 746 2237 0111111'5
774 2204 959 2238 intellectus
977 2211 1024 2239 esc
1052 2211 1169 2239 recum
1192 2205 1286 2251 quod
1306 2205 1514 2250 intelligen-

86 2264 172 2298 dum
199 2273 249 2298 est
276 2264 313 2298 de
340 2264 506 2298 intellectu
530 2263 792 2310 principiorum.
819 2263 903 2297 Non
933 2264 1029 2297 enim
1070 2275 1229 2298 erramus
1265 2263 1357 2297 circa
1392 2263 1514 2309 prima

80 2323 260 2370 principia
287 2323 320 2356 in
346 2322 586 2368 operabililms‚
615 2321 819 2355 cuiusmodi
847 2331 939 2361 sunt,
968 2322 1055 2355 nulli
1085 2322 1290 2355 nocendum
1318 2333 1407 2363 esse,
1432 2332 1509 2355 non

87 2392 166 2416 esse
192 2381 326 2428 aliquid
354 2381 483 2415 iniuste
512 2380 705 2426 agendum,
748 2389 781 2415 ct
821 2381 964 2423 similia;
992 2381 1081 2415 sicut
1121 2393 1186 2415 nec
1218 2391 1379 2415 erramus
1419 2381 1514 2413 circa

82 2441 200 2488 prima
221 2441 396 2487 principia
423 2441 457 2474 in
484 2441 709 2486 speculativis.
740 2441 777 2473 In
803 2440 858 2474 his
886 2449 1020 2483 autem,
1050 2453 1138 2487 quac
1165 2451 1247 2476 sunt
1274 2450 1354 2487 post
1374 2439 1512 2486 princi-

87 2501 158 2547 pia,
187 2501 215 2534 si
241 2500 385 2547 quidem
414 2510 507 2535 recte
534 2499 818 2541 consideramus,
849 2500 1011 2545 procedit
1039 2514 1080 2535 ex
1117 2501 1330 2535 rectitudine
1372 2500 1511 2544 princi-

89 2561 248 2607 piorum,
276 2560 303 2594 si
331 2560 532 2602 deviamus,
560 2559 722 2606 procedit
750 2572 792 2594 cx
819 2571 951 2602 errore,
979 2561 1035 2606 qui
1064 2570 1117 2595 est
1145 2562 1178 2595 in
1206 2560 1458 2596 ratiocinando
1479 2575 1513 2594 ›>.

1378 2642 1414 2675 13
