1734 2784
713 106 766 113 ·-
800 94 885 137 437
919 105 976 114 ·“··

257 178 353 231 167.
388 176 774 218 DEMONSTRATro.
810 174 995 218 Thesim
1029 173 1421 219 demonstrabimus
1454 172 1557 229 ipsis

129 265 167 294 s.
202 248 406 292 Thomae
439 248 511 307 (1)
544 248 695 292 verbis.

260 321 534 365 «Numerus
568 319 809 377 aliquorum
853 321 984 377 accipi
1031 332 1172 378 potest
1219 331 1290 362 aut
1339 316 1559 362 secundum

129 393 336 450 principia
351 391 573 449 formalia,
597 404 667 434 aut
690 392 910 435 seczmdmn
933 391 1119 435 subiecta.
1140 391 1191 433 Et
1216 403 1400 448 utroque
1424 386 1558 430 modo

139 464 421 506 inveniuntur
454 474 639 520 quatuor
669 464 847 506 virtutes
882 462 1129 506 cardinales

254 534 522 591 Principium
557 534 671 576 enim
706 532 883 576 formale
916 534 1098 586 virtutis,
1134 532 1185 576 de
1223 549 1305 590 qua
1338 547 1452 574 nunc
1485 530 1558 573 lo-

133 607 324 664 quimur,
358 618 421 648 est
454 606 632 648 rationis
658 605 843 656 bonum.
872 605 1007 658 Quod
1032 605 1205 664 quidem
1233 604 1457 662 dupliciter
1482 619 1560 660 po-

133 689 216 720 test
241 676 513 720 considerari.
539 678 640 721 Uno
665 677 812 733 modo,
838 677 1074 720 secundum
1100 676 1215 734 quod
1239 677 1281 718 in
1305 677 1395 733 ipsa
1414 676 1560 718 consi-

135 749 353 792 deratione
377 750 551 792 rationis
572 750 777 792 consistit:
804 762 843 792 et
862 751 921 792 sic
939 750 1017 792 erit
1041 765 1122 792 una
1145 750 1282 792 virtus
1303 747 1559 806 principalis,

132 836 241 879 quae
266 821 419 864 dicitur
446 821 679 879 prudentia.
714 822 810 864 Alio
846 821 993 875 modo,
1027 820 1265 864 secundum
1300 819 1417 878 quod
1451 821 1562 862 circa

133 892 293 950 aliquid
316 893 491 949 ponitur
515 894 691 936 rationis
726 893 849 949 ord03
873 905 912 936 et
937 892 1019 936 hoc
1051 892 1116 935 vel
1142 894 1248 935 circa
1272 893 1560 950 operationes,

136 977 180 1007 et
214 965 273 1007 sic
306 976 368 1007 est
401 965 574 1017 iustitia,
609 964 674 1007 vel
709 965 817 1006 circa
850 964 1085 1021 passiones,
1119 976 1159 1007 et
1191 965 1251 1006 sic
1294 979 1465 1006 necesse
1498 974 1561 1005 est

139 1051 234 1079 esse
268 1035 370 1079 duas
403 1036 598 1079 virtutes.
642 1035 857 1080 Ordinem
904 1036 1020 1078 enim
1070 1036 1245 1078 rationis
1293 1050 1465 1077 necesse
1499 1046 1562 1076 est

140 1123 300 1166 ponere
335 1108 441 1151 circa
474 1109 709 1165 passiones,
745 1107 1009 1150 considerata
1043 1107 1323 1164 repugnantia
1371 1107 1561 1163 ipsarum

139 1179 193 1223 ad
228 1180 452 1222 rationem.
489 1179 614 1231 Quae
650 1178 825 1236 quidem
860 1191 1001 1236 potest
1035 1194 1126 1221 esse
1176 1177 1413 1235 dupliciter.
1458 1177 1561 1220 Uno

141 1251 291 1309 modo,
325 1249 563 1294 secundum
600 1250 716 1308 quod
751 1252 892 1308 passio
928 1249 1108 1308 impellit
1142 1250 1192 1293 ad
1215 1249 1372 1308 aliquid
1398 1261 1561 1291 contra-

139 1325 250 1367 rium
287 1323 454 1377 rationi,
489 1335 528 1366 et
562 1324 622 1365 sic
655 1338 828 1366 necesse
863 1335 924 1366 est
960 1321 1077 1380 quod
1111 1322 1251 1380 passio
1286 1321 1557 1378 reprimatur,

138 1409 178 1440 et
212 1396 259 1439 ab
294 1395 376 1439 hoc
400 1395 702 1438 denominatur
727 1396 1006 1452 temperantia.
1031 1394 1129 1437 Alio
1154 1393 1302 1446 modo,
1323 1391 1562 1435 secundum

137 1467 256 1526 quod
291 1468 432 1524 passio
466 1465 642 1509 retrahit
675 1465 724 1508 ab
758 1482 823 1519 eo,
850 1465 966 1523 quod
993 1467 1098 1508 ratio
1124 1464 1266 1522 dictat,
1288 1465 1397 1507 sicut
1430 1465 1563 1506 timor

139 1538 429 1597 periculorum
462 1538 530 1581 vel
562 1537 771 1591 laborum⁷
806 1550 846 1581 et
880 1538 939 1580 sic
973 1552 1144 1580 necesse
1179 1548 1241 1579 est
1275 1535 1393 1594 quod
1426 1534 1562 1577 honio

135 1610 331 1654 firmetur
364 1611 407 1652 in
440 1625 491 1653 eo
526 1609 644 1667 quod
677 1622 739 1653 est
774 1610 966 1666 rationis,
999 1625 1053 1652 ne
1086 1607 1268 1662 recedat,
1301 1619 1342 1651 et
1389 1607 1438 1650 ab
1480 1606 1563 1649 hoc

138 1681 440 1726 denominatur
463 1681 683 1739 fortitudo.

258 1754 310 1796 Et
343 1752 542 1796 similiter
575 1752 812 1795 secundum
848 1751 1036 1794 subiecta
1068 1749 1182 1794 idem
1216 1765 1421 1793 numerus
1446 1750 1564 1793 inve-

135 1826 265 1869 nitur.
301 1823 586 1882 Quadruplex
619 1823 733 1866 enim
768 1823 983 1866 invenitur
1015 1821 1255 1865 subiectum
1300 1821 1426 1864 huius
1475 1823 1564 1865 vir-

138 1897 255 1952 tutis,
289 1895 340 1938 de
374 1911 456 1953 qua
488 1911 601 1938 nunc
634 1894 874 1952 loquimur,
899 1892 986 1937 scil.
1010 1893 1213 1937 rationale
1234 1902 1305 1951 per
1329 1894 1563 1947 essentiam,

137 1967 256 2026 quod
286 1967 506 2025 prudentia
540 1964 718 2024 perficit,
763 1978 802 2008 et
847 1964 1047 2008 rationale
1090 1973 1163 2022 per
1196 1966 1566 2023 participatimzem,

135 2038 258 2099 quod
291 2038 495 2082 dividitur
528 2040 569 2080 in
603 2039 700 2090 tria,
736 2037 843 2080 idest
878 2038 919 2080 in
953 2036 1232 2090 voluntatem,
1266 2053 1373 2094 quae
1408 2049 1469 2079 est
1495 2053 1564 2079 su-

138 2111 325 2155 biectum
362 2113 553 2167 iustitiae,
588 2123 628 2153 et
664 2111 704 2152 in
741 2108 1137 2168 concupiscibilem,
1173 2125 1280 2166 quae
1313 2121 1374 2151 est
1399 2108 1564 2151 subiec-

137 2196 230 2226 tum
265 2184 565 2240 temperantiae,
601 2194 641 2224 et
677 2183 716 2224 in
752 2180 1023 2234 irascibilem,
1057 2196 1164 2238 quae
1208 2192 1272 2222 est
1321 2178 1566 2222 subiectum

128 2254 449 2313 fortitudinis».
482 2254 652 2310 Nempe
685 2252 807 2296 debet
831 2252 916 2296 dari
941 2254 1074 2295 virtus
1098 2251 1250 2309 aliqua,
1277 2267 1382 2309 quae
1407 2251 1567 2308 dirigat

142 2327 397 2385 appetitum,
421 2339 460 2368 et
485 2326 587 2368 haec
620 2338 683 2368 est
710 2325 929 2383 prudentia
955 2326 996 2367 in
1021 2322 1251 2367 intellectu.
1275 2325 1413 2367 Porro
1437 2339 1571 2382 appe-

242 2571 300 2616 (1)
328 2570 367 2604 In
402 2581 427 2605 1.
457 2579 488 2605 2.
518 2581 549 2616 q.
579 2568 635 2604 61.
663 2581 693 2604 a.
722 2579 753 2603 2.
