1734 2784
737 114 1003 157 ..275-

153 195 360 253 Domine,
393 208 433 239 et
465 195 531 240 lex
565 197 720 255 scripta
752 197 796 240 in
831 196 1030 240 cordibus
1065 197 1326 253 hominum,
1362 194 1579 257 quamne

152 267 243 324 ipsa
259 266 434 325 quidem
453 266 564 311 delet
583 268 796 326 iniquitas.
822 269 936 321 Quis
955 268 1070 310 enim
1090 268 1158 312 fur
1176 286 1312 328 aequo
1349 271 1493 315 animo
1512 271 1578 316 fu-

152 353 245 381 rem
277 339 465 396 patitur?
483 357 505 379 »
527 340 579 382 Et
603 340 698 383 alibi
717 339 788 398 (1)
812 338 1006 394 affirmat,
1031 358 1050 381 <‹
1070 341 1231 384 nullam
1266 358 1357 385 esse
1391 344 1578 387 animam

151 411 349 468 quamvis
382 425 644 468 perversam,
677 427 785 468 quae
833 423 976 454 tamen
1019 411 1107 455 ullo
1152 414 1287 456 modo
1331 416 1577 459 ratiocinari

153 482 305 538 possit,
352 482 395 523 in
428 482 547 524 cuius
597 483 860 525 conscientia
907 498 996 525 non
1043 482 1244 542 loquatur
1278 485 1409 527 Deus.
1463 487 1576 539 Quis

149 552 266 595 enim
297 551 438 610 legem
471 552 707 596 naturalem
740 553 783 595 in
818 553 1018 596 cordibus
1042 553 1273 598 hominum
1307 556 1467 613 scribit,
1491 559 1573 601 nisi

151 625 284 668 Deus.
317 642 337 664 »
379 626 430 668 Et
462 625 542 668 alio
576 626 618 667 in
651 624 748 668 loco
782 625 865 684 (2):
909 644 929 667 «
963 626 1120 670 Nullus
1144 639 1207 669 est
1229 628 1301 685 qui
1326 627 1423 670 facit
1457 628 1576 672 alteri

151 698 367 753 iniuriam,
400 698 482 740 nisi
515 698 588 755 qui
620 696 712 740 fieri
746 697 853 740 nolit
887 697 978 741 sibi:
1014 710 1054 741 et
1088 699 1130 741 in
1154 698 1238 742 hoc
1262 700 1576 758 transgreditur

150 780 325 811 naturae
358 769 517 825 legem,
553 784 683 826 quam
717 784 805 811 non
838 769 992 811 sinitur
1022 770 1235 827 ignorare,
1260 769 1363 813 dum
1391 770 1433 814 id
1457 772 1574 830 quod

148 840 258 894 facit,
291 856 379 883 non
412 841 501 884 vult
535 842 632 898 pati.
683 840 908 898 Numquid
957 853 1099 884 autem
1148 843 1215 884 lex
1248 843 1326 885 ista
1370 844 1572 886 naturalis

148 927 236 955 non
272 924 359 955 erat
392 913 433 954 in
466 912 630 970 populo
678 912 806 954 Israel
853 912 1041 971 (praeter
1089 913 1228 969 legem
1279 929 1352 971 per
1386 915 1575 973 Moysen

149 983 342 1042 datam)?
376 984 474 1027 Erat
508 983 642 1041 plane:
678 985 884 1041 quoniam
919 996 958 1027 et
984 985 1063 1042 ipsi
1089 984 1289 1028 homines
1315 999 1445 1030 erant.
1473 988 1575 1031 Sine

148 1055 242 1112 lege
274 1068 417 1099 autem
451 1056 627 1098 naturali
662 1069 819 1108 essent,
870 1056 905 1098 si
939 1068 1103 1113 praeter
1150 1068 1346 1099 naturam
1397 1057 1573 1102 humani

146 1128 314 1184 generis
347 1143 438 1170 esse
472 1128 727 1184 potuissent.
760 1126 899 1170 Multo
924 1128 1062 1184 magis
1086 1143 1190 1184 ergo
1215 1130 1570 1185 praevaricatores

147 1198 243 1241 facti
278 1211 376 1241 sunt
408 1198 502 1255 lege
551 1198 693 1241 divina
739 1198 982 1257 (positiva),
1026 1215 1108 1256 qua
1140 1199 1341 1243 naturalis
1382 1200 1450 1244 illa
1486 1203 1574 1246 sive

146 1271 392 1327 instaurata,
425 1270 513 1312 sive
547 1282 679 1322 aucta,
714 1271 802 1312 sive
836 1268 1000 1312 firmata
1034 1283 1109 1313 est.
1145 1288 1164 1310 »
1205 1272 1313 1314 Item
1353 1271 1449 1315 alibi
1484 1272 1570 1332 (3):

152 1358 173 1382 «
207 1341 288 1385 Cui
322 1341 470 1398 iniquo
504 1356 591 1384 non
625 1339 743 1384 facile
778 1353 840 1383 est
872 1341 991 1398 loqui
1015 1342 1255 1386 iustitiam?
1280 1344 1368 1386 Aut
1391 1345 1485 1401 quis
1521 1344 1573 1388 de

145 1413 305 1455 iustitia
337 1413 639 1469 interrogatus,
673 1412 844 1470 quando
879 1428 966 1455 non
1000 1412 1123 1455 habet
1159 1429 1347 1467 causam,
1391 1430 1479 1458 non
1514 1416 1571 1459 fa-

144 1482 221 1526 cile
256 1483 498 1542 respondet,
542 1483 645 1541 quid
693 1484 747 1526 sit
780 1484 973 1526 iustitia?
1024 1484 1393 1542 Quandoquidem
1439 1503 1569 1530 manu

143 1555 390 1598 formatoris
425 1555 562 1598 nostri
587 1556 631 1598 in
656 1556 757 1613 ipsis
793 1554 991 1598 cordibus
1016 1556 1176 1598 nostris
1199 1558 1352 1600 veritas
1387 1559 1568 1616 scripsit:

140 1626 248 1685 qnod
280 1625 351 1670 tihi
382 1641 466 1669 non
499 1628 562 1670 vis
583 1627 694 1685 fieri,
731 1643 776 1669 ne
800 1627 939 1684 facias
971 1627 1100 1670 alteri.
1136 1629 1234 1671 Hoc
1267 1641 1306 1672 et
1339 1642 1568 1687 antequam

143 1697 210 1741 lex
241 1696 467 1756 (positiva)
501 1696 685 1752 daretur,
722 1713 850 1740 nemo
895 1698 1094 1753 ignorare
1138 1700 1376 1755 permissus
1411 1713 1488 1758 est,
1522 1714 1569 1745 ut

140 1782 252 1812 esset
286 1768 399 1812 unde
433 1768 720 1812 iudicarentur
756 1782 795 1812 et
830 1768 983 1826 quibus
1019 1768 1083 1811 lex
1117 1769 1345 1830 (positiva)
1379 1787 1466 1815 non
1502 1789 1570 1816 es-

142 1852 207 1884 set
240 1839 343 1883 data.
379 1840 461 1884 Sed
496 1857 548 1884 ne
581 1840 660 1883 sibi
695 1840 892 1882 homines
927 1839 1085 1897 aliquid
1120 1840 1310 1885 defuisse
1340 1859 1570 1901 quereren-

142 1923 225 1968 tur,
258 1912 465 1969 scriptum
499 1924 561 1954 est
593 1913 635 1954 in
670 1911 835 1969 tabulis,
870 1911 986 1969 quod
1020 1913 1061 1954 in
1096 1912 1295 1957 cordibus
1331 1930 1418 1959 non
1452 1916 1568 1974 lege-

142 1980 251 2026 bant.
284 1983 385 2026 Non
418 1983 532 2026 enim
567 1983 775 2040 scriptum
810 1998 896 2026 non
930 1981 1150 2037 habebant,
1185 1984 1259 2028 sed
1302 1985 1441 2043 legere
1476 2004 1566 2031 no-

143 2208 232 2234 state
259 2212 324 2235 nec
352 2201 512 2246 penuria,
540 2201 600 2236 scd
632 2201 774 2236 fastidio
803 2203 959 2237 iustitiae
980 2213 1013 2238 et
1033 2204 1156 2250 sagina
1178 2206 1383 2252 iniquitatis.
1411 2207 1505 2242 Nam
1534 2210 1567 2244 id

140 2258 277 2293 furatus
303 2270 394 2302 sum,
421 2260 516 2306 quod
543 2261 629 2294 mihi
659 2262 858 2297 abundabat
887 2271 919 2297 et
946 2264 1061 2298 multo
1089 2264 1227 2298 melius.
1256 2265 1332 2300 Nec
1359 2278 1398 2300 ea
1426 2279 1463 2301 re
1499 2280 1567 2303 vo-

140 2318 259 2353 lebam
286 2318 366 2360 frui,
394 2330 501 2365 quam
529 2318 623 2354 furto
652 2322 879 2366 appetebam,
906 2322 965 2356 sed
996 2323 1072 2368 ipso
1101 2322 1196 2357 surto
1225 2332 1258 2358 et
1289 2334 1448 2369 peccato.
1472 2341 1488 2357 >ι

237 2377 294 2421 (1)
321 2377 362 2412 L.
392 2388 423 2412 2.
452 2378 494 2413 de
521 2390 627 2413 serm.
654 2380 768 2414 Dom.
798 2381 833 2413 in
861 2390 999 2416 monte.

239 2435 295 2481 (2)
322 2436 479 2472 Enarrat.
510 2437 543 2471 in
572 2449 625 2482 ps.
656 2439 819 2473 CXVIII.
850 2450 955 2474 serm.
984 2449 1039 2483 25.

237 2495 294 2540 (3)
322 2495 482 2530 Enarrat.
509 2495 545 2529 in
572 2507 623 2542 ps.
651 2497 761 2531 LVII.
800 2509 898 2533 num.
931 2509 959 2535 1.
996 2499 1092 2546 Lege
1120 2501 1301 2547 integrum
1329 2501 1463 2545 locum,
1504 2502 1565 2548 qui

140 2555 473 2599 praestantissimus
501 2564 566 2591 cst.
