1734 2784
731 147 995 189 -474-

242 241 298 275 97.
326 228 650 263 Demonstratio.
678 247 722 253 —
750 228 872 269 Quam
901 228 969 262 sint
997 227 1283 274 reprehendendi
1313 227 1371 274 qui
1398 228 1453 263 le-

337 300 418 333 gem
446 296 627 321 aeternam
655 286 752 322 aiunt
779 297 858 321 esse
886 287 1101 333 figmentum
1128 286 1450 321 Scholasticorum.

335 367 377 372 -
407 348 509 381 Duae
535 345 679 380 theseos
707 355 848 391 partes:
876 366 919 371 —
947 346 1063 380 existit
1097 347 1130 380 in
1172 346 1290 380 divina
1328 355 1451 381 mente

337 406 427 439 ratio
455 404 730 450 gubernationis
756 417 888 439 rerum:
922 427 954 431 —
989 405 1077 439 haec
1105 405 1196 440 ratio
1223 405 1453 452 gubernatrix

337 464 492 498 universi
512 472 673 498 meretur
697 476 833 499 nomen
854 464 954 510 legis.
983 485 1022 489 -
1056 464 1296 499 Difficultates
1329 473 1453 499 contra

336 524 486 558 alteram
506 531 664 568 partem:
692 523 756 558 tria
775 523 941 558 videntur
955 524 1112 566 obstare,
1141 524 1333 570 quominus
1360 522 1450 558 ratio

336 584 395 617 illa
415 592 559 618 aeterna
579 584 624 617 sit
641 583 789 629 proprio
818 594 923 617 sensu
951 583 1019 617 lex:
1047 602 1092 608 —-
1120 583 1221 618 deest
1248 582 1453 617 communi-

336 651 388 676 tas
416 643 469 676 cui
496 643 539 676 ab
567 652 713 677 aeterno
741 642 797 677 lex
826 643 1033 689 imponatur
1053 663 1091 668 —-
1114 643 1193 676 finis
1217 642 1260 676 ad
1281 653 1387 688 quem
1406 642 1448 676 ab

337 711 483 736 aeterno
512 701 568 735 lex
595 701 781 736 ordinetur
800 722 843 728 -
862 701 1109 747 promulgatio
1131 713 1220 748 quae
1240 702 1282 735 ab
1302 710 1449 736 aeterno

337 761 590 795 communitati
617 759 687 795 fiat.
715 781 759 786 —-
786 761 1057 807 Responsiones
1074 761 1117 794 ad
1137 769 1298 795 mentem
1318 771 1343 794 s.
1364 759 1448 794 Tho

333 832 425 854 mae.
479 847 725 856 .....
780 848 786 856 .
838 848 846 855 .
897 849 904 855 .
959 846 1380 856 ........
1435 845 1443 853 .
1496 826 1564 862 253

145 893 322 936 Thesis
355 892 543 935 XXXII.
587 917 644 924 -—
682 891 794 947 Quid
841 894 893 935 sit
937 893 999 935 lex
1046 900 1225 935 aeterna.
1438 924 1446 933 .
1482 902 1570 944 259»

239 975 294 1021 98.
321 975 564 1009 Declaratio.
592 994 636 1000 —
663 974 837 1009 Definitio
853 986 879 1008 s.
901 974 1066 1009 Thomae
1086 993 1129 999 ——
1149 985 1174 1008 s,
1194 972 1386 1020 Augustini
1405 991 1451 997 —-

335 1034 488 1068 aliorum
516 1042 720 1068 auctorum.
747 1054 792 1058 —-
821 1034 894 1068 Cur
920 1033 1109 1067 definiatur
1137 1032 1226 1066 ratio
1246 1043 1365 1065 rerum
1386 1042 1449 1077 gu-

332 1092 609 1135 bernandarum,
637 1103 707 1127 non
735 1101 855 1127 autem
883 1092 1097 1138 gubernatio
1130 1092 1205 1136 ipsa
1233 1102 1364 1125 rerum.
1440 1117 1447 1124 .
1495 1110 1497 1114 ·
1522 1089 1571 1123 ib.

239 1162 294 1198 99.
323 1153 535 1187 Scholion.
562 1171 605 1178 —
632 1151 836 1186 Discrimen
868 1151 958 1185 inter
986 1151 1102 1185 ideam
1142 1150 1304 1184 divinam
1339 1158 1372 1184 ct
1399 1149 1449 1184 le-

335 1224 418 1257 gem
447 1222 630 1246 aeternam
660 1232 702 1236 —-
730 1212 822 1246 inter
848 1210 1118 1255 providentiam
1147 1208 1303 1243 divinam
1331 1218 1365 1243 et
1393 1207 1448 1242 le-

334 1283 416 1318 gem
445 1279 641 1305 aeternam.
673 1291 713 1295 ——
743 1271 800 1304 An
829 1270 953 1303 omnia
981 1277 1100 1303 creata
1120 1268 1352 1303 subiiciantur
1378 1267 1450 1313 legi

333 1335 502 1364 aeternae
529 1349 572 1354 -—
600 1340 750 1375 eamque
789 1328 1014 1374 participent:
1042 1347 1084 1352 —
1113 1339 1156 1360 an
1177 1327 1305 1360 eodem
1323 1325 1446 1360 modo.

337 1409 375 1412 ——
396 1388 506 1434 Legis
524 1397 690 1422 aeternae
711 1387 938 1432 participatio
958 1387 994 1420 in
1022 1394 1181 1420 creatura
1208 1383 1375 1419 rationali
1396 1392 1449 1419 est

333 1459 415 1481 rera
443 1447 500 1481 lex
526 1467 570 1473 -—-
598 1447 633 1480 in
663 1456 821 1481 creatura
841 1445 1038 1480 irrationali
1058 1457 1133 1479 non
1153 1453 1205 1479 est
1223 1445 1281 1479 lex
1300 1443 1367 1477 nisi
1388 1453 1449 1489 per

334 1507 620 1541 similitudinem:
647 1506 833 1552 quomodo
863 1505 978 1551 magis
1005 1504 1149 1550 proprie
1191 1511 1350 1538 vocetur.
1377 1530 1384 1536 .
1437 1529 1444 1536 .

142 1580 405 1622 ARTICULUs
440 1579 516 1621 IV.
550 1603 606 1610 —
639 1578 701 1619 De
735 1577 810 1633 lege
843 1576 989 1618 divina
1022 1575 1222 1618 naturali.

242 1671 314 1696 100.
384 1660 440 1694 uid
469 1661 588 1695 veniat
615 1661 766 1694 nomine
793 1660 884 1706 legis
914 1660 1054 1693 divinae
1093 1658 1286 1693 naturalis:
1314 1677 1357 1683 —
1386 1657 1443 1692 lex

333 1709 533 1766 procedens
561 1718 770 1754 immediate
797 1732 814 1754 a
842 1721 921 1754 Deo
950 1739 993 1744 —
1020 1728 1203 1764 tamquam
1224 1726 1367 1752 auctore
1387 1729 1447 1751 na-

331 1788 431 1813 turae
458 1798 502 1804 —
526 1790 686 1825 quaeque
713 1779 755 1812 ab
783 1778 934 1812 homine
965 1777 1139 1823 cognosci
1178 1785 1299 1823 potest
1337 1784 1444 1810 natu-

331 1838 462 1872 raliter.
489 1867 495 1872 .
549 1861 1441 1873 ................

237 1898 268 1942 Ε.
295 1898 320 1932 Ι
349 1898 400 1930 An
429 1899 472 1930 sit
498 1897 552 1930 lex
577 1896 697 1930 divina
724 1896 906 1931 naturalis.

146 1969 327 2012 TheSiS
363 1968 574 2010 XXXIII
609 1993 665 2000 —
699 1968 851 2010 Existit
900 1969 940 2010 in
990 1967 1145 2010 homine
1191 1966 1255 2009 lex
1303 1965 1446 2008 divina

322 2038 526 2080 naturalis
539 2071 550 2081 .

241 2132 316 2155 101.
345 2122 651 2155 Demonstratio
673 2142 711 2146 —
732 2132 775 2154 ex
801 2121 930 2156 intimo
959 2121 1202 2155 conscientiae
1235 2118 1444 2154 testimonio

332 2198 372 2203 ——
403 2190 445 2213 ex
473 2179 696 2212 evidentibus
724 2179 873 2213 rationis
915 2179 1097 2224 principiis
1125 2197 1168 2203 —
1204 2190 1245 2213 ex
1279 2177 1443 2211 unanimi

331 2238 520 2271 hominum
537 2238 722 2283 suffragio,
739 2258 778 2263 —
796 2237 981 2273 Praeclara
996 2237 1203 2272 testimonia
1218 2257 1261 2262 —
1277 2236 1444 2271 ethnico-

331 2307 423 2336 rum,
452 2296 668 2339 Aristotelis,
696 2296 822 2338 Tullii,
852 2296 1045 2341 Sophoclis
1068 2316 1106 2321 -
1135 2304 1352 2337 sanctorum,
1371 2295 1444 2329 Ba-

334 2355 412 2396 silii,
429 2356 627 2397 Ambrosii,
654 2356 798 2389 Ioannis
826 2355 965 2401 Chrys„
988 2354 1152 2389 Anselmi
1172 2355 1287 2396 Cant,
1314 2355 1444 2400 Augu-

334 2414 430 2455 stini,
461 2414 687 2460 Hieronymi,
713 2414 816 2448 Pauli
855 2415 924 2460 Ap.
950 2434 995 2439 -—
1033 2415 1195 2460 ipsorum
1232 2414 1443 2460 impiorum,

334 2471 510 2514 Voltaire‚
521 2473 717 2506 Rousseau.
731 2492 772 2497 —
785 2473 926 2514 Quibus
935 2472 1234 2518 appellationibus
1246 2484 1272 2507 s.
1282 2472 1444 2506 Thomas

333 2529 484 2563 definiat
512 2539 546 2564 et
566 2531 718 2566 extollat
737 2531 858 2577 legem
878 2531 1075 2566 naturalem
1082 2557 1442 2567 .......

239 2587 273 2633 §.
303 2587 348 2623 ΙΙ,
381 2587 475 2632 Quid
503 2589 546 2623 sit
572 2589 624 2624 lex
649 2591 818 2625 naturalis
843 2589 1019 2625 secundum
1045 2601 1076 2624 se
1108 2591 1265 2636 inspecta.
1317 2617 1325 2625 .
1375 2615 1384 2625 .

1497 1500 1569 1536 260·

1431 1607 1439 1616 .
1475 1574 1555 1627 263

1514 2529 1566 2563 ib..

1433 2615 1444 2624 .
1491 2597 1566 2633 279
