<?xml version="1.0" encoding="UTF-8"?>
<!DOCTYPE html PUBLIC "-//W3C//DTD XHTML 1.0 Transitional//EN"
    "http://www.w3.org/TR/xhtml1/DTD/xhtml1-transitional.dtd">
<html xmlns="http://www.w3.org/1999/xhtml" xml:lang="en" lang="en">
 <head>
  <title>
</title>
<meta http-equiv="Content-Type" content="text/html;charset=utf-8" />
  <meta name='ocr-system' content='tesseract 3.04.00' />
  <meta name='ocr-capabilities' content='ocr_page ocr_carea ocr_par ocr_line ocrx_word'/>
</head>
<body>
  <div class='ocr_page' id='page_1' title='image "./institutionesphi01ferr_0242.png"; bbox 0 0 1734 2784; ppageno 0'>
   <div class='ocr_carea' id='block_1_1' title="bbox 739 95 998 125">
    <p class='ocr_par' dir='ltr' id='par_1_1' title="bbox 739 95 998 125">
     <span class='ocr_line' id='line_1_1' title="bbox 739 95 998 125; baseline -0.004 0"><span class='ocrx_word' id='word_1_1' title='bbox 739 95 998 125; x_wconf 87' lang='lat'>-222—</span> 
     </span>
    </p>
   </div>
   <div class='ocr_carea' id='block_1_2' title="bbox 158 176 1592 2379">
    <p class='ocr_par' dir='ltr' id='par_1_2' title="bbox 158 176 1592 2379">
     <span class='ocr_line' id='line_1_2' title="bbox 161 176 1576 236; baseline 0.001 -15"><span class='ocrx_word' id='word_1_2' title='bbox 161 178 412 236; x_wconf 77' lang='lat' dir='ltr'><strong>postulatur.</strong></span> <span class='ocrx_word' id='word_1_3' title='bbox 446 177 560 220; x_wconf 87' lang='lat' dir='ltr'><strong>Nam</strong></span> <span class='ocrx_word' id='word_1_4' title='bbox 594 176 660 219; x_wconf 87' lang='lat' dir='ltr'><strong>vel</strong></span> <span class='ocrx_word' id='word_1_5' title='bbox 693 177 770 219; x_wconf 84' lang='lat' dir='ltr'><strong>iste</strong></span> <span class='ocrx_word' id='word_1_6' title='bbox 804 193 854 219; x_wconf 87' lang='lat' dir='ltr'><strong>ex</strong></span> <span class='ocrx_word' id='word_1_7' title='bbox 886 176 994 233; x_wconf 84' lang='lat' dir='ltr'><strong>lege,</strong></span> <span class='ocrx_word' id='word_1_8' title='bbox 1028 178 1094 220; x_wconf 89' lang='lat' dir='ltr'><strong>cui</strong></span> <span class='ocrx_word' id='word_1_9' title='bbox 1118 176 1276 235; x_wconf 84' lang='lat' dir='ltr'><strong>subest,</strong></span> <span class='ocrx_word' id='word_1_10' title='bbox 1300 177 1384 221; x_wconf 87' lang='lat' dir='ltr'><strong>iam</strong></span> <span class='ocrx_word' id='word_1_11' title='bbox 1407 189 1576 222; x_wconf 85' lang='lat' dir='ltr'><strong>tenetur</strong></span> 
     </span>
     <span class='ocr_line' id='line_1_3' title="bbox 161 248 1578 306; baseline 0 -12"><span class='ocrx_word' id='word_1_12' title='bbox 161 250 405 294; x_wconf 77' lang='lat' dir='ltr'>mercedem</span> <span class='ocrx_word' id='word_1_13' title='bbox 439 249 628 302; x_wconf 81' lang='lat' dir='ltr'><strong>reddere,</strong></span> <span class='ocrx_word' id='word_1_14' title='bbox 662 261 701 292; x_wconf 89' lang='lat' dir='ltr'><strong>et</strong></span> <span class='ocrx_word' id='word_1_15' title='bbox 736 248 839 291; x_wconf 83' lang='lat' dir='ltr'><strong>haec</strong></span> <span class='ocrx_word' id='word_1_16' title='bbox 881 248 1086 306; x_wconf 85' lang='lat' dir='ltr'>obligatio</span> <span class='ocrx_word' id='word_1_17' title='bbox 1133 248 1184 293; x_wconf 87' lang='lat' dir='ltr'><strong>ad</strong></span> <span class='ocrx_word' id='word_1_18' title='bbox 1218 248 1333 292; x_wconf 86' lang='lat' dir='ltr'><strong>hunc</strong></span> <span class='ocrx_word' id='word_1_19' title='bbox 1379 249 1578 294; x_wconf 86' lang='lat' dir='ltr'><strong>effectum</strong></span> 
     </span>
     <span class='ocr_line' id='line_1_4' title="bbox 160 321 1577 381; baseline 0.001 -16"><span class='ocrx_word' id='word_1_20' title='bbox 160 323 279 381; x_wconf 89' lang='lat' dir='ltr'><strong>quod</strong></span> <span class='ocrx_word' id='word_1_21' title='bbox 317 334 476 379; x_wconf 77' lang='lat' dir='ltr'><strong>spectat</strong></span> <span class='ocrx_word' id='word_1_22' title='bbox 526 334 588 364; x_wconf 87' lang='lat' dir='ltr'><strong>est</strong></span> <span class='ocrx_word' id='word_1_23' title='bbox 634 321 823 364; x_wconf 85' lang='lat' dir='ltr'><strong>virtualis</strong></span> <span class='ocrx_word' id='word_1_24' title='bbox 872 321 1118 379; x_wconf 86' lang='lat' dir='ltr'><strong>acceptatio:</strong></span> <span class='ocrx_word' id='word_1_25' title='bbox 1168 321 1232 365; x_wconf 90' lang='lat' dir='ltr'><strong>vel</strong></span> <span class='ocrx_word' id='word_1_26' title='bbox 1280 337 1368 365; x_wconf 93' lang='lat' dir='ltr'><strong>non</strong></span> <span class='ocrx_word' id='word_1_27' title='bbox 1410 334 1577 366; x_wconf 88' lang='lat' dir='ltr'><strong>tenetur</strong></span> 
     </span>
     <span class='ocr_line' id='line_1_5' title="bbox 163 392 1579 451; baseline 0.001 -14"><span class='ocrx_word' id='word_1_28' title='bbox 163 394 414 438; x_wconf 83' lang='lat' dir='ltr'><strong>huiusmodi</strong></span> <span class='ocrx_word' id='word_1_29' title='bbox 446 393 553 451; x_wconf 83' lang='lat' dir='ltr'><strong>lege,</strong></span> <span class='ocrx_word' id='word_1_30' title='bbox 586 394 676 435; x_wconf 88' lang='lat' dir='ltr'><strong>imo</strong></span> <span class='ocrx_word' id='word_1_31' title='bbox 715 405 777 435; x_wconf 91' lang='lat' dir='ltr'><strong>est</strong></span> <span class='ocrx_word' id='word_1_32' title='bbox 819 392 1113 450; x_wconf 83' lang='lat' dir='ltr'><strong>independens</strong></span> <span class='ocrx_word' id='word_1_33' title='bbox 1147 409 1169 436; x_wconf 90' lang='lat' dir='ltr'><strong>a</strong></span> <span class='ocrx_word' id='word_1_34' title='bbox 1201 394 1348 451; x_wconf 80' lang='lat' dir='ltr'><strong>quavis</strong></span> <span class='ocrx_word' id='word_1_35' title='bbox 1392 393 1502 451; x_wconf 86' lang='lat' dir='ltr'><strong>lege,</strong></span> <span class='ocrx_word' id='word_1_36' title='bbox 1538 407 1579 438; x_wconf 86' lang='lat' dir='ltr'><strong>et</strong></span> 
     </span>
     <span class='ocr_line' id='line_1_6' title="bbox 162 463 1578 523; baseline 0 -14"><span class='ocrx_word' id='word_1_37' title='bbox 162 479 262 509; x_wconf 89' lang='lat' dir='ltr'><strong>tunc</strong></span> <span class='ocrx_word' id='word_1_38' title='bbox 295 467 360 509; x_wconf 88' lang='lat' dir='ltr'><strong>vel</strong></span> <span class='ocrx_word' id='word_1_39' title='bbox 394 482 437 510; x_wconf 88' lang='lat' dir='ltr'><strong>se</strong></span> <span class='ocrx_word' id='word_1_40' title='bbox 471 467 558 523; x_wconf 86' lang='lat' dir='ltr'><strong>ipse</strong></span> <span class='ocrx_word' id='word_1_41' title='bbox 594 463 752 521; x_wconf 77' lang='lat' dir='ltr'><strong>obligat</strong></span> <span class='ocrx_word' id='word_1_42' title='bbox 784 464 850 507; x_wconf 79' lang='lat' dir='ltr'><strong>vel</strong></span> <span class='ocrx_word' id='word_1_43' title='bbox 884 478 986 508; x_wconf 87' lang='lat' dir='ltr'><strong>non:</strong></span> <span class='ocrx_word' id='word_1_44' title='bbox 1020 465 1055 507; x_wconf 87' lang='lat' dir='ltr'><strong>si</strong></span> <span class='ocrx_word' id='word_1_45' title='bbox 1088 480 1175 508; x_wconf 93' lang='lat' dir='ltr'><strong>non</strong></span> <span class='ocrx_word' id='word_1_46' title='bbox 1209 480 1253 508; x_wconf 91' lang='lat' dir='ltr'><strong>se</strong></span> <span class='ocrx_word' id='word_1_47' title='bbox 1282 464 1454 522; x_wconf 85' lang='lat' dir='ltr'><strong>obligat,</strong></span> <span class='ocrx_word' id='word_1_48' title='bbox 1479 481 1578 509; x_wconf 87' lang='lat' dir='ltr'><strong>cum</strong></span> 
     </span>
     <span class='ocr_line' id='line_1_7' title="bbox 161 535 1581 594; baseline 0 -14"><span class='ocrx_word' id='word_1_49' title='bbox 161 538 275 581; x_wconf 86' lang='lat' dir='ltr'><strong>nulla</strong></span> <span class='ocrx_word' id='word_1_50' title='bbox 309 539 361 580; x_wconf 89' lang='lat' dir='ltr'><strong>sit</strong></span> <span class='ocrx_word' id='word_1_51' title='bbox 396 538 435 579; x_wconf 92' lang='lat' dir='ltr'><strong>in</strong></span> <span class='ocrx_word' id='word_1_52' title='bbox 470 538 563 594; x_wconf 79' lang='lat' dir='ltr'><strong>ipso</strong></span> <span class='ocrx_word' id='word_1_53' title='bbox 598 535 817 592; x_wconf 81' lang='lat' dir='ltr'>obligatio,</span> <span class='ocrx_word' id='word_1_54' title='bbox 851 551 928 579; x_wconf 92' lang='lat' dir='ltr'><strong>nec</strong></span> <span class='ocrx_word' id='word_1_55' title='bbox 962 535 1043 578; x_wconf 82' lang='lat' dir='ltr'><strong>ulla</strong></span> <span class='ocrx_word' id='word_1_56' title='bbox 1076 551 1168 578; x_wconf 83' lang='lat' dir='ltr'><strong>esse</strong></span> <span class='ocrx_word' id='word_1_57' title='bbox 1201 548 1342 593; x_wconf 88' lang='lat' dir='ltr'><strong>potest</strong></span> <span class='ocrx_word' id='word_1_58' title='bbox 1369 537 1581 594; x_wconf 83' lang='lat' dir='ltr'><strong>exigentia</strong></span> 
     </span>
     <span class='ocr_line' id='line_1_8' title="bbox 162 606 1580 665; baseline 0.001 -15"><span class='ocrx_word' id='word_1_59' title='bbox 162 608 333 652; x_wconf 86' lang='lat' dir='ltr'><strong>alterius</strong></span> <span class='ocrx_word' id='word_1_60' title='bbox 368 608 416 651; x_wconf 86' lang='lat' dir='ltr'><strong>ad</strong></span> <span class='ocrx_word' id='word_1_61' title='bbox 451 607 725 665; x_wconf 87' lang='lat' dir='ltr'><strong>repetendam</strong></span> <span class='ocrx_word' id='word_1_62' title='bbox 773 606 821 649; x_wconf 87' lang='lat' dir='ltr'><strong>ab</strong></span> <span class='ocrx_word' id='word_1_63' title='bbox 871 623 922 650; x_wconf 94' lang='lat' dir='ltr'><strong>eo</strong></span> <span class='ocrx_word' id='word_1_64' title='bbox 971 606 1228 650; x_wconf 83' lang='lat' dir='ltr'><strong>mercedem:</strong></span> <span class='ocrx_word' id='word_1_65' title='bbox 1277 608 1311 649; x_wconf 84' lang='lat' dir='ltr'><strong>si</strong></span> <span class='ocrx_word' id='word_1_66' title='bbox 1354 620 1495 652; x_wconf 86' lang='lat' dir='ltr'><strong>autem</strong></span> <span class='ocrx_word' id='word_1_67' title='bbox 1535 624 1580 652; x_wconf 88' lang='lat' dir='ltr'><strong>se</strong></span> 
     </span>
     <span class='ocr_line' id='line_1_9' title="bbox 162 678 1580 737; baseline 0.001 -14"><span class='ocrx_word' id='word_1_68' title='bbox 162 680 335 737; x_wconf 75' lang='lat' dir='ltr'><strong>obligat,</strong></span> <span class='ocrx_word' id='word_1_69' title='bbox 368 679 469 722; x_wconf 67' lang='lat' dir='ltr'><strong>haec</strong></span> <span class='ocrx_word' id='word_1_70' title='bbox 503 678 706 735; x_wconf 74' lang='lat' dir='ltr'>obligatio</span> <span class='ocrx_word' id='word_1_71' title='bbox 740 690 803 721; x_wconf 86' lang='lat' dir='ltr'><strong>est</strong></span> <span class='ocrx_word' id='word_1_72' title='bbox 836 680 1080 736; x_wconf 85' lang='lat' dir='ltr'><strong>acceptatio.</strong></span> <span class='ocrx_word' id='word_1_73' title='bbox 1115 696 1134 718; x_wconf 70' lang='lat' dir='ltr'><strong>n</strong></span> <span class='ocrx_word' id='word_1_74' title='bbox 1176 679 1287 721; x_wconf 86' lang='lat' dir='ltr'><strong>Hinc</strong></span> <span class='ocrx_word' id='word_1_75' title='bbox 1315 695 1349 723; x_wconf 89' lang='lat' dir='ltr'><strong>e.</strong></span> <span class='ocrx_word' id='word_1_76' title='bbox 1374 695 1413 736; x_wconf 83' lang='lat' dir='ltr'><strong>g.</strong></span> <span class='ocrx_word' id='word_1_77' title='bbox 1450 695 1580 724; x_wconf 87' lang='lat' dir='ltr'><strong>nemo</strong></span> 
     </span>
     <span class='ocr_line' id='line_1_10' title="bbox 161 749 1581 808; baseline 0.001 -15"><span class='ocrx_word' id='word_1_78' title='bbox 161 767 249 794; x_wconf 90' lang='lat' dir='ltr'><strong>non</strong></span> <span class='ocrx_word' id='word_1_79' title='bbox 282 750 479 807; x_wconf 80' lang='lat' dir='ltr'><strong>intelligit</strong></span> <span class='ocrx_word' id='word_1_80' title='bbox 513 749 744 793; x_wconf 81' lang='lat' dir='ltr'><strong>discrimen</strong></span> <span class='ocrx_word' id='word_1_81' title='bbox 779 765 869 792; x_wconf 90' lang='lat' dir='ltr'><strong>esse</strong></span> <span class='ocrx_word' id='word_1_82' title='bbox 894 750 1002 793; x_wconf 88' lang='lat' dir='ltr'><strong>inter</strong></span> <span class='ocrx_word' id='word_1_83' title='bbox 1026 751 1261 807; x_wconf 81' lang='lat' dir='ltr'><strong>operarios,</strong></span> <span class='ocrx_word' id='word_1_84' title='bbox 1285 751 1355 808; x_wconf 91' lang='lat' dir='ltr'><strong>qui</strong></span> <span class='ocrx_word' id='word_1_85' title='bbox 1382 751 1581 795; x_wconf 85' lang='lat' dir='ltr'><strong>conducti</strong></span> 
     </span>
     <span class='ocr_line' id='line_1_11' title="bbox 165 820 1582 881; baseline 0.001 -17"><span class='ocrx_word' id='word_1_86' title='bbox 165 838 184 864; x_wconf 84' lang='lat' dir='ltr'><strong>a</strong></span> <span class='ocrx_word' id='word_1_87' title='bbox 219 821 398 864; x_wconf 86' lang='lat' dir='ltr'><strong>domino</strong></span> <span class='ocrx_word' id='word_1_88' title='bbox 432 822 475 863; x_wconf 87' lang='lat' dir='ltr'><strong>in</strong></span> <span class='ocrx_word' id='word_1_89' title='bbox 508 822 598 864; x_wconf 92' lang='lat' dir='ltr'><strong>eius</strong></span> <span class='ocrx_word' id='word_1_90' title='bbox 631 822 754 864; x_wconf 85' lang='lat' dir='ltr'><strong>vinea</strong></span> <span class='ocrx_word' id='word_1_91' title='bbox 787 820 1016 864; x_wconf 86' lang='lat' dir='ltr'><strong>excolenda</strong></span> <span class='ocrx_word' id='word_1_92' title='bbox 1049 820 1256 876; x_wconf 81' lang='lat' dir='ltr'><strong>laborent,</strong></span> <span class='ocrx_word' id='word_1_93' title='bbox 1282 834 1323 865; x_wconf 89' lang='lat' dir='ltr'><strong>et</strong></span> <span class='ocrx_word' id='word_1_94' title='bbox 1346 824 1582 881; x_wconf 80' lang='lat' dir='ltr'><strong>operariOS,</strong></span> 
     </span>
     <span class='ocr_line' id='line_1_12' title="bbox 163 892 1586 951; baseline 0.002 -16"><span class='ocrx_word' id='word_1_95' title='bbox 163 894 237 951; x_wconf 87' lang='lat' dir='ltr'><strong>qui</strong></span> <span class='ocrx_word' id='word_1_96' title='bbox 272 905 425 951; x_wconf 85' lang='lat' dir='ltr'><strong>sponte</strong></span> <span class='ocrx_word' id='word_1_97' title='bbox 459 909 533 935; x_wconf 86' lang='lat' dir='ltr'><strong>sua</strong></span> <span class='ocrx_word' id='word_1_98' title='bbox 565 892 722 950; x_wconf 84' lang='lat' dir='ltr'><strong>absque</strong></span> <span class='ocrx_word' id='word_1_99' title='bbox 757 908 968 935; x_wconf 84' lang='lat' dir='ltr'><strong>consensu</strong></span> <span class='ocrx_word' id='word_1_100' title='bbox 1018 892 1186 935; x_wconf 89' lang='lat' dir='ltr'><strong>domini</strong></span> <span class='ocrx_word' id='word_1_101' title='bbox 1234 893 1438 937; x_wconf 87' lang='lat' dir='ltr'><strong>eumdem</strong></span> <span class='ocrx_word' id='word_1_102' title='bbox 1469 894 1586 938; x_wconf 85' lang='lat' dir='ltr'><strong>labo-</strong></span> 
     </span>
     <span class='ocr_line' id='line_1_13' title="bbox 164 963 1583 1023; baseline 0.003 -16"><span class='ocrx_word' id='word_1_103' title='bbox 164 982 254 1008; x_wconf 87' lang='lat' dir='ltr'><strong>rem</strong></span> <span class='ocrx_word' id='word_1_104' title='bbox 289 965 550 1023; x_wconf 77' lang='lat' dir='ltr'><strong>impendant:</strong></span> <span class='ocrx_word' id='word_1_105' title='bbox 585 966 627 1008; x_wconf 91' lang='lat' dir='ltr'><strong>in</strong></span> <span class='ocrx_word' id='word_1_106' title='bbox 662 966 794 1023; x_wconf 87' lang='lat' dir='ltr'><strong>priori</strong></span> <span class='ocrx_word' id='word_1_107' title='bbox 830 981 926 1008; x_wconf 86' lang='lat' dir='ltr'><strong>casu</strong></span> <span class='ocrx_word' id='word_1_108' title='bbox 960 963 1078 1008; x_wconf 86' lang='lat' dir='ltr'><strong>labor</strong></span> <span class='ocrx_word' id='word_1_109' title='bbox 1103 965 1225 1008; x_wconf 83' lang='lat' dir='ltr'><strong>habet</strong></span> <span class='ocrx_word' id='word_1_110' title='bbox 1254 967 1463 1009; x_wconf 83' lang='lat' dir='ltr'><strong>rationem</strong></span> <span class='ocrx_word' id='word_1_111' title='bbox 1487 982 1583 1011; x_wconf 89' lang='lat' dir='ltr'><strong>me-</strong></span> 
     </span>
     <span class='ocr_line' id='line_1_14' title="bbox 164 1035 1585 1093; baseline 0.001 -14"><span class='ocrx_word' id='word_1_112' title='bbox 164 1037 247 1093; x_wconf 79' lang='lat' dir='ltr'><strong>riti,</strong></span> <span class='ocrx_word' id='word_1_113' title='bbox 265 1037 307 1078; x_wconf 89' lang='lat' dir='ltr'><strong>in</strong></span> <span class='ocrx_word' id='word_1_114' title='bbox 340 1037 475 1080; x_wconf 84' lang='lat' dir='ltr'><strong>altero</strong></span> <span class='ocrx_word' id='word_1_115' title='bbox 510 1052 605 1080; x_wconf 88' lang='lat' dir='ltr'><strong>casu</strong></span> <span class='ocrx_word' id='word_1_116' title='bbox 640 1052 727 1079; x_wconf 92' lang='lat' dir='ltr'><strong>non</strong></span> <span class='ocrx_word' id='word_1_117' title='bbox 752 1035 875 1079; x_wconf 85' lang='lat' dir='ltr'><strong>habet</strong></span> <span class='ocrx_word' id='word_1_118' title='bbox 908 1037 1118 1079; x_wconf 88' lang='lat' dir='ltr'><strong>rationem</strong></span> <span class='ocrx_word' id='word_1_119' title='bbox 1143 1037 1299 1090; x_wconf 86' lang='lat' dir='ltr'><strong>meriti,</strong></span> <span class='ocrx_word' id='word_1_120' title='bbox 1324 1037 1404 1080; x_wconf 90' lang='lat' dir='ltr'><strong>nisi</strong></span> <span class='ocrx_word' id='word_1_121' title='bbox 1428 1039 1470 1081; x_wconf 81' lang='lat' dir='ltr'><strong>in</strong></span> <span class='ocrx_word' id='word_1_122' title='bbox 1493 1046 1585 1081; x_wconf 76' lang='lat' dir='ltr'><strong>actu</strong></span> 
     </span>
     <span class='ocr_line' id='line_1_15' title="bbox 158 1107 1583 1165; baseline 0.001 -14"><span class='ocrx_word' id='word_1_123' title='bbox 158 1110 306 1165; x_wconf 81' lang='lat' dir='ltr'><strong>primo:</strong></span> <span class='ocrx_word' id='word_1_124' title='bbox 326 1109 365 1150; x_wconf 90' lang='lat' dir='ltr'><strong>in</strong></span> <span class='ocrx_word' id='word_1_125' title='bbox 400 1109 532 1165; x_wconf 84' lang='lat' dir='ltr'><strong>priori</strong></span> <span class='ocrx_word' id='word_1_126' title='bbox 565 1124 662 1150; x_wconf 82' lang='lat' dir='ltr'><strong>casu</strong></span> <span class='ocrx_word' id='word_1_127' title='bbox 694 1108 846 1151; x_wconf 71' lang='lat' dir='ltr'><strong>iustum</strong></span> <span class='ocrx_word' id='word_1_128' title='bbox 879 1123 924 1150; x_wconf 82' lang='lat' dir='ltr'><strong>ac</strong></span> <span class='ocrx_word' id='word_1_129' title='bbox 957 1107 1134 1151; x_wconf 76' lang='lat' dir='ltr'><strong>debitum</strong></span> <span class='ocrx_word' id='word_1_130' title='bbox 1157 1120 1236 1161; x_wconf 84' lang='lat' dir='ltr'><strong>est,</strong></span> <span class='ocrx_word' id='word_1_131' title='bbox 1258 1109 1300 1150; x_wconf 91' lang='lat' dir='ltr'><strong>in</strong></span> <span class='ocrx_word' id='word_1_132' title='bbox 1327 1108 1461 1152; x_wconf 83' lang='lat' dir='ltr'><strong>altero</strong></span> <span class='ocrx_word' id='word_1_133' title='bbox 1487 1124 1583 1152; x_wconf 83' lang='lat' dir='ltr'><strong>casu</strong></span> 
     </span>
     <span class='ocr_line' id='line_1_16' title="bbox 164 1178 1584 1237; baseline 0.001 -16"><span class='ocrx_word' id='word_1_134' title='bbox 164 1194 340 1237; x_wconf 71' lang='lat' dir='ltr'><strong>aequum</strong></span> <span class='ocrx_word' id='word_1_135' title='bbox 374 1192 413 1222; x_wconf 91' lang='lat' dir='ltr'><strong>et</strong></span> <span class='ocrx_word' id='word_1_136' title='bbox 444 1195 662 1235; x_wconf 70' lang='lat' dir='ltr'><strong>congruum</strong></span> <span class='ocrx_word' id='word_1_137' title='bbox 692 1191 768 1236; x_wconf 90' lang='lat' dir='ltr'><strong>est,</strong></span> <span class='ocrx_word' id='word_1_138' title='bbox 802 1191 847 1221; x_wconf 91' lang='lat' dir='ltr'><strong>ut</strong></span> <span class='ocrx_word' id='word_1_139' title='bbox 882 1178 1084 1222; x_wconf 87' lang='lat' dir='ltr'><strong>dominus</strong></span> <span class='ocrx_word' id='word_1_140' title='bbox 1120 1180 1324 1237; x_wconf 83' lang='lat' dir='ltr'><strong>operariis</strong></span> <span class='ocrx_word' id='word_1_141' title='bbox 1358 1181 1584 1237; x_wconf 89' lang='lat' dir='ltr'><strong>pecuniam</strong></span> 
     </span>
     <span class='ocr_line' id='line_1_17' title="bbox 163 1250 1581 1308; baseline 0.002 -16"><span class='ocrx_word' id='word_1_142' title='bbox 163 1250 316 1304; x_wconf 79' lang='lat' dir='ltr'><strong>solvat,</strong></span> <span class='ocrx_word' id='word_1_143' title='bbox 334 1266 439 1308; x_wconf 85' lang='lat' dir='ltr'><strong>quae</strong></span> <span class='ocrx_word' id='word_1_144' title='bbox 463 1250 623 1294; x_wconf 80' lang='lat' dir='ltr'><strong>solutio</strong></span> <span class='ocrx_word' id='word_1_145' title='bbox 648 1251 849 1307; x_wconf 83' lang='lat' dir='ltr'><strong>pecuniae</strong></span> <span class='ocrx_word' id='word_1_146' title='bbox 873 1251 914 1292; x_wconf 89' lang='lat' dir='ltr'><strong>in</strong></span> <span class='ocrx_word' id='word_1_147' title='bbox 937 1251 1070 1307; x_wconf 83' lang='lat' dir='ltr'><strong>priori</strong></span> <span class='ocrx_word' id='word_1_148' title='bbox 1090 1266 1185 1293; x_wconf 86' lang='lat' dir='ltr'><strong>casu</strong></span> <span class='ocrx_word' id='word_1_149' title='bbox 1206 1252 1284 1293; x_wconf 87' lang='lat' dir='ltr'><strong>erit</strong></span> <span class='ocrx_word' id='word_1_150' title='bbox 1300 1265 1398 1293; x_wconf 85' lang='lat' dir='ltr'><strong>vera</strong></span> <span class='ocrx_word' id='word_1_151' title='bbox 1420 1267 1581 1305; x_wconf 76' lang='lat' dir='ltr'><strong>merces,</strong></span> 
     </span>
     <span class='ocr_line' id='line_1_18' title="bbox 165 1321 1585 1380; baseline 0.002 -17"><span class='ocrx_word' id='word_1_152' title='bbox 165 1322 207 1364; x_wconf 91' lang='lat' dir='ltr'><strong>in</strong></span> <span class='ocrx_word' id='word_1_153' title='bbox 241 1322 372 1365; x_wconf 81' lang='lat' dir='ltr'><strong>altero</strong></span> <span class='ocrx_word' id='word_1_154' title='bbox 406 1335 548 1365; x_wconf 85' lang='lat' dir='ltr'><strong>autem</strong></span> <span class='ocrx_word' id='word_1_155' title='bbox 573 1338 669 1365; x_wconf 85' lang='lat' dir='ltr'><strong>casu</strong></span> <span class='ocrx_word' id='word_1_156' title='bbox 692 1323 770 1364; x_wconf 89' lang='lat' dir='ltr'><strong>erit</strong></span> <span class='ocrx_word' id='word_1_157' title='bbox 808 1321 988 1364; x_wconf 86' lang='lat' dir='ltr'><strong>liberalis</strong></span> <span class='ocrx_word' id='word_1_158' title='bbox 1022 1322 1229 1379; x_wconf 75' lang='lat' dir='ltr'><strong>quaedam</strong></span> <span class='ocrx_word' id='word_1_159' title='bbox 1255 1322 1417 1379; x_wconf 77' lang='lat' dir='ltr'><strong>largitio</strong></span> <span class='ocrx_word' id='word_1_160' title='bbox 1441 1324 1585 1380; x_wconf 87' lang='lat' dir='ltr'><strong>potius</strong></span> 
     </span>
     <span class='ocr_line' id='line_1_19' title="bbox 165 1393 1586 1454; baseline 0.001 -17"><span class='ocrx_word' id='word_1_161' title='bbox 165 1411 293 1452; x_wconf 84' lang='lat' dir='ltr'><strong>quam</strong></span> <span class='ocrx_word' id='word_1_162' title='bbox 327 1395 466 1438; x_wconf 82' lang='lat' dir='ltr'><strong>debita</strong></span> <span class='ocrx_word' id='word_1_163' title='bbox 498 1410 674 1438; x_wconf 81' lang='lat' dir='ltr'><strong>merceS.</strong></span> <span class='ocrx_word' id='word_1_164' title='bbox 721 1394 871 1438; x_wconf 84' lang='lat' dir='ltr'><strong>Simile</strong></span> <span class='ocrx_word' id='word_1_165' title='bbox 905 1393 1152 1451; x_wconf 82' lang='lat' dir='ltr'><strong>exemplum</strong></span> <span class='ocrx_word' id='word_1_166' title='bbox 1188 1407 1249 1437; x_wconf 85' lang='lat' dir='ltr'><strong>est</strong></span> <span class='ocrx_word' id='word_1_167' title='bbox 1293 1394 1344 1438; x_wconf 88' lang='lat' dir='ltr'><strong>de</strong></span> <span class='ocrx_word' id='word_1_168' title='bbox 1377 1394 1475 1452; x_wconf 78' lang='lat' dir='ltr'><strong>iliis,</strong></span> <span class='ocrx_word' id='word_1_169' title='bbox 1513 1397 1586 1454; x_wconf 90' lang='lat' dir='ltr'><strong>qui</strong></span> 
     </span>
     <span class='ocr_line' id='line_1_20' title="bbox 165 1466 1586 1524; baseline 0.001 -15"><span class='ocrx_word' id='word_1_170' title='bbox 165 1467 208 1509; x_wconf 87' lang='lat' dir='ltr'><strong>in</strong></span> <span class='ocrx_word' id='word_1_171' title='bbox 241 1467 377 1509; x_wconf 88' lang='lat' dir='ltr'><strong>stadio</strong></span> <span class='ocrx_word' id='word_1_172' title='bbox 413 1479 610 1524; x_wconf 90' lang='lat' dir='ltr'><strong>currunt,</strong></span> <span class='ocrx_word' id='word_1_173' title='bbox 644 1466 762 1509; x_wconf 84' lang='lat' dir='ltr'><strong>nullo</strong></span> <span class='ocrx_word' id='word_1_174' title='bbox 805 1467 1031 1524; x_wconf 88' lang='lat' dir='ltr'><strong>proposito</strong></span> <span class='ocrx_word' id='word_1_175' title='bbox 1065 1482 1086 1508; x_wconf 89' lang='lat' dir='ltr'><strong>a</strong></span> <span class='ocrx_word' id='word_1_176' title='bbox 1131 1481 1230 1523; x_wconf 86' lang='lat' dir='ltr'><strong>rege</strong></span> <span class='ocrx_word' id='word_1_177' title='bbox 1264 1467 1485 1524; x_wconf 85' lang='lat' dir='ltr'><strong>praemio,</strong></span> <span class='ocrx_word' id='word_1_178' title='bbox 1519 1466 1586 1510; x_wconf 87' lang='lat' dir='ltr'><strong>vel</strong></span> 
     </span>
     <span class='ocr_line' id='line_1_21' title="bbox 165 1537 1587 1597; baseline 0 -16"><span class='ocrx_word' id='word_1_179' title='bbox 165 1552 313 1582; x_wconf 75' lang='lat' dir='ltr'><strong>contra</strong></span> <span class='ocrx_word' id='word_1_180' title='bbox 344 1541 536 1597; x_wconf 81' lang='lat' dir='ltr'><strong>praemio</strong></span> <span class='ocrx_word' id='word_1_181' title='bbox 570 1555 592 1582; x_wconf 80' lang='lat' dir='ltr'><strong>a</strong></span> <span class='ocrx_word' id='word_1_182' title='bbox 624 1555 723 1596; x_wconf 81' lang='lat' dir='ltr'><strong>rege</strong></span> <span class='ocrx_word' id='word_1_183' title='bbox 756 1539 986 1596; x_wconf 87' lang='lat' dir='ltr'><strong>promisso.</strong></span> <span class='ocrx_word' id='word_1_184' title='bbox 1011 1564 1064 1572; x_wconf 88' lang='lat'><strong>—-</strong></span> <span class='ocrx_word' id='word_1_185' title='bbox 1093 1539 1218 1591; x_wconf 84' lang='lat' dir='ltr'><strong>Quae</strong></span> <span class='ocrx_word' id='word_1_186' title='bbox 1252 1550 1299 1581; x_wconf 88' lang='lat' dir='ltr'><strong>ut</strong></span> <span class='ocrx_word' id='word_1_187' title='bbox 1332 1537 1482 1581; x_wconf 85' lang='lat' dir='ltr'><strong>clarius</strong></span> <span class='ocrx_word' id='word_1_188' title='bbox 1517 1539 1587 1581; x_wconf 90' lang='lat' dir='ltr'><strong>in-</strong></span> 
     </span>
     <span class='ocr_line' id='line_1_22' title="bbox 165 1610 1588 1668; baseline 0.001 -14"><span class='ocrx_word' id='word_1_189' title='bbox 165 1611 421 1668; x_wconf 79' lang='lat' dir='ltr'><strong>telligantur,</strong></span> <span class='ocrx_word' id='word_1_190' title='bbox 455 1624 517 1654; x_wconf 89' lang='lat' dir='ltr'><strong>est</strong></span> <span class='ocrx_word' id='word_1_191' title='bbox 550 1624 739 1654; x_wconf 80' lang='lat' dir='ltr'><strong>accurate</strong></span> <span class='ocrx_word' id='word_1_192' title='bbox 779 1610 1135 1667; x_wconf 85' lang='lat' dir='ltr'><strong>distinguendum</strong></span> <span class='ocrx_word' id='word_1_193' title='bbox 1168 1611 1276 1653; x_wconf 89' lang='lat' dir='ltr'><strong>inter</strong></span> <span class='ocrx_word' id='word_1_194' title='bbox 1308 1612 1511 1654; x_wconf 88' lang='lat' dir='ltr'><strong>meritum</strong></span> <span class='ocrx_word' id='word_1_195' title='bbox 1545 1613 1588 1655; x_wconf 81' lang='lat' dir='ltr'><strong>in</strong></span> 
     </span>
     <span class='ocr_line' id='line_1_23' title="bbox 166 1681 1589 1740; baseline 0.001 -15"><span class='ocrx_word' id='word_1_196' title='bbox 166 1692 257 1725; x_wconf 72' lang='lat' dir='ltr'><strong>actu</strong></span> <span class='ocrx_word' id='word_1_197' title='bbox 288 1684 420 1740; x_wconf 79' lang='lat' dir='ltr'><strong>primo</strong></span> <span class='ocrx_word' id='word_1_198' title='bbox 470 1695 509 1725; x_wconf 91' lang='lat' dir='ltr'><strong>et</strong></span> <span class='ocrx_word' id='word_1_199' title='bbox 558 1683 763 1725; x_wconf 88' lang='lat' dir='ltr'><strong>meritum</strong></span> <span class='ocrx_word' id='word_1_200' title='bbox 807 1683 848 1725; x_wconf 81' lang='lat' dir='ltr'><strong>in</strong></span> <span class='ocrx_word' id='word_1_201' title='bbox 898 1690 989 1725; x_wconf 72' lang='lat' dir='ltr'><strong>actu</strong></span> <span class='ocrx_word' id='word_1_202' title='bbox 1031 1681 1230 1735; x_wconf 75' lang='lat' dir='ltr'><strong>secundo,</strong></span> <span class='ocrx_word' id='word_1_203' title='bbox 1264 1697 1432 1725; x_wconf 90' lang='lat' dir='ltr'><strong>necnon</strong></span> <span class='ocrx_word' id='word_1_204' title='bbox 1479 1683 1589 1726; x_wconf 89' lang='lat' dir='ltr'><strong>inter</strong></span> 
     </span>
     <span class='ocr_line' id='line_1_24' title="bbox 165 1752 1588 1811; baseline 0.001 -15"><span class='ocrx_word' id='word_1_205' title='bbox 165 1756 371 1797; x_wconf 85' lang='lat' dir='ltr'><strong>meritum</strong></span> <span class='ocrx_word' id='word_1_206' title='bbox 404 1755 447 1798; x_wconf 68' lang='lat' dir='ltr'><strong>de</strong></span> <span class='ocrx_word' id='word_1_207' title='bbox 481 1754 670 1811; x_wconf 76' lang='lat' dir='ltr'><strong>condigno</strong></span> <span class='ocrx_word' id='word_1_208' title='bbox 703 1766 744 1796; x_wconf 88' lang='lat' dir='ltr'><strong>et</strong></span> <span class='ocrx_word' id='word_1_209' title='bbox 778 1754 981 1796; x_wconf 88' lang='lat' dir='ltr'><strong>meritum</strong></span> <span class='ocrx_word' id='word_1_210' title='bbox 1019 1752 1063 1795; x_wconf 79' lang='lat' dir='ltr'><strong>de</strong></span> <span class='ocrx_word' id='word_1_211' title='bbox 1095 1768 1280 1809; x_wconf 76' lang='lat' dir='ltr'><strong>congruo.</strong></span> <span class='ocrx_word' id='word_1_212' title='bbox 1309 1752 1351 1810; x_wconf 72' lang='grc' dir='ltr'><strong>α)</strong></span> <span class='ocrx_word' id='word_1_213' title='bbox 1384 1754 1588 1797; x_wconf 84' lang='lat' dir='ltr'><strong>Meritum</strong></span> 
     </span>
     <span class='ocr_line' id='line_1_25' title="bbox 166 1823 1589 1881; baseline 0 -14"><span class='ocrx_word' id='word_1_214' title='bbox 166 1824 210 1866; x_wconf 89' lang='lat' dir='ltr'><strong>in</strong></span> <span class='ocrx_word' id='word_1_215' title='bbox 245 1837 337 1867; x_wconf 85' lang='lat' dir='ltr'><strong>actu</strong></span> <span class='ocrx_word' id='word_1_216' title='bbox 372 1824 562 1867; x_wconf 86' lang='lat' dir='ltr'><strong>secundo</strong></span> <span class='ocrx_word' id='word_1_217' title='bbox 596 1836 658 1867; x_wconf 86' lang='lat' dir='ltr'><strong>est</strong></span> <span class='ocrx_word' id='word_1_218' title='bbox 690 1825 798 1867; x_wconf 84' lang='lat' dir='ltr'><strong>actio</strong></span> <span class='ocrx_word' id='word_1_219' title='bbox 832 1824 990 1881; x_wconf 72' lang='lat' dir='ltr'><strong>exigens</strong></span> <span class='ocrx_word' id='word_1_220' title='bbox 1023 1823 1350 1866; x_wconf 89' lang='lat' dir='ltr'><strong>retributionem</strong></span> <span class='ocrx_word' id='word_1_221' title='bbox 1398 1839 1473 1866; x_wconf 88' lang='lat' dir='ltr'><strong>seu</strong></span> <span class='ocrx_word' id='word_1_222' title='bbox 1520 1828 1589 1867; x_wconf 88' lang='lat' dir='ltr'><strong>cui</strong></span> 
     </span>
     <span class='ocr_line' id='line_1_26' title="bbox 168 1895 1588 1952; baseline 0.001 -14"><span class='ocrx_word' id='word_1_223' title='bbox 168 1895 343 1939; x_wconf 87' lang='lat' dir='ltr'><strong>debetur</strong></span> <span class='ocrx_word' id='word_1_224' title='bbox 376 1911 554 1939; x_wconf 81' lang='lat' dir='ltr'><strong>merces.</strong></span> <span class='ocrx_word' id='word_1_225' title='bbox 587 1896 794 1939; x_wconf 87' lang='lat' dir='ltr'><strong>Meritum</strong></span> <span class='ocrx_word' id='word_1_226' title='bbox 827 1896 870 1937; x_wconf 92' lang='lat' dir='ltr'><strong>in</strong></span> <span class='ocrx_word' id='word_1_227' title='bbox 902 1906 997 1937; x_wconf 87' lang='lat' dir='ltr'><strong>actu</strong></span> <span class='ocrx_word' id='word_1_228' title='bbox 1032 1895 1174 1952; x_wconf 88' lang='lat' dir='ltr'><strong>primo</strong></span> <span class='ocrx_word' id='word_1_229' title='bbox 1219 1907 1281 1937; x_wconf 86' lang='lat' dir='ltr'><strong>est</strong></span> <span class='ocrx_word' id='word_1_230' title='bbox 1314 1895 1425 1937; x_wconf 81' lang='lat' dir='ltr'><strong>actio</strong></span> <span class='ocrx_word' id='word_1_231' title='bbox 1469 1911 1517 1938; x_wconf 77' lang='lat' dir='ltr'><strong>ex</strong></span> <span class='ocrx_word' id='word_1_232' title='bbox 1550 1911 1588 1939; x_wconf 83' lang='lat' dir='ltr'><strong>se</strong></span> 
     </span>
     <span class='ocr_line' id='line_1_27' title="bbox 166 1965 1590 2024; baseline -0.001 -14"><span class='ocrx_word' id='word_1_233' title='bbox 166 1976 262 2023; x_wconf 74' lang='lat' dir='ltr'><strong>apta</strong></span> <span class='ocrx_word' id='word_1_234' title='bbox 283 1967 337 2010; x_wconf 79' lang='lat' dir='ltr'><strong>ad</strong></span> <span class='ocrx_word' id='word_1_235' title='bbox 354 1968 587 2024; x_wconf 66' lang='lat' dir='ltr'><strong>exigendam</strong></span> <span class='ocrx_word' id='word_1_236' title='bbox 618 1967 1025 2019; x_wconf 74' lang='lat' dir='ltr'><strong>remunerationem,</strong></span> <span class='ocrx_word' id='word_1_237' title='bbox 1059 1981 1133 2008; x_wconf 87' lang='lat' dir='ltr'><strong>seu</strong></span> <span class='ocrx_word' id='word_1_238' title='bbox 1167 1977 1229 2008; x_wconf 88' lang='lat' dir='ltr'><strong>est</strong></span> <span class='ocrx_word' id='word_1_239' title='bbox 1253 1965 1377 2022; x_wconf 78' lang='lat' dir='ltr'><strong>actio,</strong></span> <span class='ocrx_word' id='word_1_240' title='bbox 1400 1981 1506 2023; x_wconf 84' lang='lat' dir='ltr'><strong>quae</strong></span> <span class='ocrx_word' id='word_1_241' title='bbox 1539 1983 1590 2009; x_wconf 83' lang='lat' dir='ltr'><strong>ex</strong></span> 
     </span>
     <span class='ocr_line' id='line_1_28' title="bbox 169 2035 1588 2094; baseline -0.001 -15"><span class='ocrx_word' id='word_1_242' title='bbox 169 2038 396 2080; x_wconf 82' lang='lat' dir='ltr'><strong>intrinseca</strong></span> <span class='ocrx_word' id='word_1_243' title='bbox 429 2053 503 2079; x_wconf 87' lang='lat' dir='ltr'><strong>sua</strong></span> <span class='ocrx_word' id='word_1_244' title='bbox 526 2037 787 2094; x_wconf 86' lang='lat' dir='ltr'><strong>perfectione</strong></span> <span class='ocrx_word' id='word_1_245' title='bbox 820 2037 973 2079; x_wconf 86' lang='lat' dir='ltr'><strong>morali</strong></span> <span class='ocrx_word' id='word_1_246' title='bbox 997 2035 1120 2079; x_wconf 82' lang='lat' dir='ltr'><strong>habet</strong></span> <span class='ocrx_word' id='word_1_247' title='bbox 1143 2037 1187 2078; x_wconf 90' lang='lat' dir='ltr'><strong>in</strong></span> <span class='ocrx_word' id='word_1_248' title='bbox 1219 2052 1263 2079; x_wconf 89' lang='lat' dir='ltr'><strong>se</strong></span> <span class='ocrx_word' id='word_1_249' title='bbox 1294 2035 1486 2079; x_wconf 80' lang='lat' dir='ltr'><strong>valorem</strong></span> <span class='ocrx_word' id='word_1_250' title='bbox 1509 2052 1588 2094; x_wconf 92' lang='lat' dir='ltr'><strong>pro</strong></span> 
     </span>
     <span class='ocr_line' id='line_1_29' title="bbox 169 2106 1590 2152; baseline -0.002 -1"><span class='ocrx_word' id='word_1_251' title='bbox 169 2109 526 2152; x_wconf 79' lang='lat' dir='ltr'><strong>remuneratione:</strong></span> <span class='ocrx_word' id='word_1_252' title='bbox 562 2108 668 2151; x_wconf 79' lang='lat' dir='ltr'><strong>hanc</strong></span> <span class='ocrx_word' id='word_1_253' title='bbox 700 2121 841 2151; x_wconf 79' lang='lat' dir='ltr'><strong>tamen</strong></span> <span class='ocrx_word' id='word_1_254' title='bbox 863 2109 952 2151; x_wconf 74' lang='lat' dir='ltr'><strong>vim</strong></span> <span class='ocrx_word' id='word_1_255' title='bbox 973 2108 1126 2151; x_wconf 82' lang='lat' dir='ltr'><strong>exserit</strong></span> <span class='ocrx_word' id='word_1_256' title='bbox 1150 2119 1190 2149; x_wconf 88' lang='lat' dir='ltr'><strong>et</strong></span> <span class='ocrx_word' id='word_1_257' title='bbox 1213 2106 1351 2149; x_wconf 86' lang='lat' dir='ltr'><strong>evadit</strong></span> <span class='ocrx_word' id='word_1_258' title='bbox 1384 2108 1590 2150; x_wconf 87' lang='lat' dir='ltr'><strong>meritum</strong></span> 
     </span>
     <span class='ocr_line' id='line_1_30' title="bbox 169 2179 1592 2236; baseline -0.001 -14"><span class='ocrx_word' id='word_1_259' title='bbox 169 2181 212 2222; x_wconf 86' lang='lat' dir='ltr'><strong>in</strong></span> <span class='ocrx_word' id='word_1_260' title='bbox 246 2192 338 2222; x_wconf 78' lang='lat' dir='ltr'><strong>actu</strong></span> <span class='ocrx_word' id='word_1_261' title='bbox 372 2179 580 2232; x_wconf 87' lang='lat' dir='ltr'><strong>secundo,</strong></span> <span class='ocrx_word' id='word_1_262' title='bbox 616 2195 713 2221; x_wconf 85' lang='lat' dir='ltr'><strong>cum</strong></span> <span class='ocrx_word' id='word_1_263' title='bbox 747 2179 795 2221; x_wconf 84' lang='lat' dir='ltr'><strong>ab</strong></span> <span class='ocrx_word' id='word_1_264' title='bbox 831 2196 896 2232; x_wconf 89' lang='lat' dir='ltr'><strong>eo,</strong></span> <span class='ocrx_word' id='word_1_265' title='bbox 932 2180 1004 2236; x_wconf 84' lang='lat' dir='ltr'><strong>qui</strong></span> <span class='ocrx_word' id='word_1_266' title='bbox 1038 2190 1390 2221; x_wconf 74' lang='lat' dir='ltr'><strong>remuneraturus</strong></span> <span class='ocrx_word' id='word_1_267' title='bbox 1424 2190 1500 2231; x_wconf 87' lang='lat' dir='ltr'><strong>est,</strong></span> <span class='ocrx_word' id='word_1_268' title='bbox 1525 2193 1592 2221; x_wconf 86' lang='lat' dir='ltr'><strong>ac-</strong></span> 
     </span>
     <span class='ocr_line' id='line_1_31' title="bbox 170 2247 1592 2308; baseline -0.002 -15"><span class='ocrx_word' id='word_1_269' title='bbox 170 2263 360 2307; x_wconf 83' lang='lat' dir='ltr'><strong>ceptatur</strong></span> <span class='ocrx_word' id='word_1_270' title='bbox 401 2250 452 2293; x_wconf 86' lang='lat' dir='ltr'><strong>ad</strong></span> <span class='ocrx_word' id='word_1_271' title='bbox 486 2251 728 2294; x_wconf 89' lang='lat' dir='ltr'><strong>mercedem</strong></span> <span class='ocrx_word' id='word_1_272' title='bbox 762 2250 928 2308; x_wconf 67' lang='lat'>(1).(5)</span> <span class='ocrx_word' id='word_1_273' title='bbox 963 2250 1169 2292; x_wconf 87' lang='lat' dir='ltr'><strong>Meritum</strong></span> <span class='ocrx_word' id='word_1_274' title='bbox 1215 2247 1259 2290; x_wconf 73' lang='lat' dir='ltr'><strong>de</strong></span> <span class='ocrx_word' id='word_1_275' title='bbox 1301 2249 1493 2306; x_wconf 74' lang='lat' dir='ltr'><strong>condigno</strong></span> <span class='ocrx_word' id='word_1_276' title='bbox 1527 2259 1592 2290; x_wconf 86' lang='lat' dir='ltr'><strong>est</strong></span> 
     </span>
     <span class='ocr_line' id='line_1_32' title="bbox 170 2319 1591 2379; baseline -0.002 -15"><span class='ocrx_word' id='word_1_277' title='bbox 170 2322 289 2376; x_wconf 78' lang='lat' dir='ltr'><strong>illud,</strong></span> <span class='ocrx_word' id='word_1_278' title='bbox 325 2322 374 2365; x_wconf 90' lang='lat' dir='ltr'><strong>de</strong></span> <span class='ocrx_word' id='word_1_279' title='bbox 408 2337 494 2379; x_wconf 87' lang='lat' dir='ltr'><strong>quo</strong></span> <span class='ocrx_word' id='word_1_280' title='bbox 528 2321 610 2365; x_wconf 89' lang='lat' dir='ltr'><strong>huc</strong></span> <span class='ocrx_word' id='word_1_281' title='bbox 643 2338 778 2379; x_wconf 85' lang='lat' dir='ltr'><strong>usque</strong></span> <span class='ocrx_word' id='word_1_282' title='bbox 812 2321 942 2364; x_wconf 85' lang='lat' dir='ltr'><strong>locuti</strong></span> <span class='ocrx_word' id='word_1_283' title='bbox 976 2336 1143 2373; x_wconf 87' lang='lat' dir='ltr'><strong>sumus,</strong></span> <span class='ocrx_word' id='word_1_284' title='bbox 1178 2335 1252 2362; x_wconf 89' lang='lat' dir='ltr'><strong>seu</strong></span> <span class='ocrx_word' id='word_1_285' title='bbox 1287 2332 1349 2362; x_wconf 90' lang='lat' dir='ltr'><strong>est</strong></span> <span class='ocrx_word' id='word_1_286' title='bbox 1378 2321 1488 2363; x_wconf 84' lang='lat' dir='ltr'><strong>actio</strong></span> <span class='ocrx_word' id='word_1_287' title='bbox 1523 2319 1591 2362; x_wconf 92' lang='lat' dir='ltr'><strong>cui</strong></span> 
     </span>
    </p>
   </div>
   <div class='ocr_carea' id='block_1_3' title="bbox 167 2470 417 2476">
    <p class='ocr_par' dir='ltr' id='par_1_3' title="bbox 167 2470 417 2476">
     <span class='ocr_line' id='line_1_33' title="bbox 167 2470 417 2476; baseline 0 0"><span class='ocrx_word' id='word_1_288' title='bbox 167 2470 417 2476; x_wconf 95' lang='lat' dir='ltr'><strong> </strong></span> 
     </span>
    </p>
   </div>
   <div class='ocr_carea' id='block_1_4' title="bbox 267 2542 940 2589">
    <p class='ocr_par' dir='ltr' id='par_1_4' title="bbox 267 2542 940 2589">
     <span class='ocr_line' id='line_1_34' title="bbox 267 2542 940 2589; baseline 0 -13"><span class='ocrx_word' id='word_1_289' title='bbox 267 2543 322 2587; x_wconf 73' lang='grc' dir='ltr'><strong>(ι)</strong></span> <span class='ocrx_word' id='word_1_290' title='bbox 351 2543 405 2578; x_wconf 88' lang='lat' dir='ltr'><strong>Cf.</strong></span> <span class='ocrx_word' id='word_1_291' title='bbox 436 2543 604 2578; x_wconf 76' lang='lat' dir='ltr'><strong>Palmieri</strong></span> <span class='ocrx_word' id='word_1_292' title='bbox 630 2543 713 2577; x_wconf 91' lang='lat' dir='ltr'><strong>loco</strong></span> <span class='ocrx_word' id='word_1_293' title='bbox 741 2554 855 2589; x_wconf 88' lang='lat' dir='ltr'><strong>nuper</strong></span> <span class='ocrx_word' id='word_1_294' title='bbox 882 2542 940 2577; x_wconf 84' lang='lat' dir='ltr'><strong>cit.</strong></span> 
     </span>
    </p>
   </div>
   <div class='ocr_carea' id='block_1_5' title="bbox 1679 2488 1724 2784">
    <p class='ocr_par' dir='ltr' id='par_1_5' title="bbox 1679 2488 1724 2784">
     <span class='ocr_line' id='line_1_35' title="bbox 1679 2488 1724 2784; baseline 0 0"><span class='ocrx_word' id='word_1_295' title='bbox 1679 2488 1724 2784; x_wconf 95' lang='lat' dir='ltr'><strong> </strong></span> 
     </span>
    </p>
   </div>
  </div>
 </body>
</html>
