1734 2784
729 144 785 152 —
820 121 902 175 348
942 145 994 150 —

156 229 260 260 tates
311 216 488 258 hebetat.
534 240 588 247 —
627 215 792 259 Rursus
841 212 1047 271 quaedam
1095 213 1203 257 bona
1253 230 1351 257 cum
1401 216 1572 270 virtute,

154 288 361 345 quaedam
411 303 507 329 cum
542 287 647 328 vitio
698 286 913 328 sociantur
963 286 1226 338 naturaliter,
1263 288 1285 329 i.
1324 301 1361 330 e.
1395 302 1445 329 ex
1486 287 1575 344 ipsa

155 360 327 401 humani
364 358 590 414 compositi
628 357 946 400 constitutione.
981 358 1131 400 Virtus
1166 358 1295 410 enim,
1345 358 1571 415 praecipue

153 445 254 473 vero
288 431 583 486 temperantia,
619 445 668 471 ex
702 444 745 471 se
780 427 1000 471 confirmat
1034 429 1144 471 vires
1179 429 1386 486 corporis,
1406 443 1574 472 conser-

154 512 221 542 vat
255 498 555 552 vale-tridiiieiii,
590 515 611 541 a
645 499 804 541 morbis
837 498 998 554 liberat,
1032 499 1162 541 vitam
1202 498 1297 541 facit
1333 499 1576 543 diuturnio-

155 659 252 686 cum
297 656 373 699 est,
408 642 584 685 morbos
633 655 841 699 procreat,
890 654 1076 684 mortem
1126 641 1341 685 accelerat.
1376 642 1573 685 —Item

153 713 361 771 quaedam
396 713 506 756 hona
554 730 650 756 cum
699 714 870 770 virtute,
920 712 1129 771 quaedam
1179 712 1285 755 mala
1335 727 1434 756 cum
1466 713 1591 756 vitio*

153 786 390 841 iunguntur
423 785 641 828 moraliter.
677 786 828 828 Virtus
852 784 965 827 enim
992 783 1187 826 conciliat
1212 784 1571 840 aestimationem,

153 871 344 898 amorem
377 855 466 913 (1),
491 851 707 912 fiduciam,
730 855 1023 898 auctoritatem
1048 854 1158 912 apud
1182 855 1393 898 homines:
1420 855 1572 898 vitium

152 942 252 969 vero
277 939 590 984 contemptum,
615 926 783 979 odium,
805 925 1102 979 diffidentiam,
1129 926 1362 969 infamiam.
1384 925 1573 969 —Adde

152 999 325 1055 insuper
356 998 483 1051 bona,
521 1013 627 1055 quae
661 997 870 1041 humanae
918 998 1121 1051 societati,
1173 999 1261 1040 sive
1315 997 1574 1041 domesticae

151 1070 240 1112 sive
273 1069 403 1122 civili,
438 1069 697 1126 proveniunt
747 1084 796 1112 ex
834 1069 1005 1121 virtute,
1059 1081 1099 1112 et
1133 1085 1154 1112 e
1189 1069 1401 1111 contrario
1450 1067 1573 1123 mala,

150 1156 257 1198 quae
291 1141 330 1182 in
365 1140 559 1183 eamdem
595 1156 645 1183 ex
677 1140 783 1182 vitio
819 1139 1022 1183 derivant.
1074 1140 1156 1182 Eae
1204 1155 1303 1182 sane
1349 1139 1572 1183 societates

149 1211 397 1263 florescunt,
433 1211 543 1269 apud
568 1227 671 1268 quas
695 1210 864 1267 religio,
890 1203 1183 1268 temperantia,
1206 1211 1426 1263 veracitas,
1452 1211 1572 1254 iusti-

150 1283 220 1338 tia,
253 1281 546 1324 benevolentia
579 1283 739 1339 vigent:
789 1280 882 1323 illae
929 1296 1031 1323 vero
1081 1280 1200 1323 malis
1250 1280 1496 1337 affliguntur
1531 1293 1571 1324 et

157 1353 217 1405 ad,
256 1352 590 1396 dissolutionem
638 1364 840 1409 vergunt,
890 1353 932 1394 in
980 1350 1132 1410 quibus
1181 1352 1392 1409 impietaS,
1428 1350 1575 1409 libido,

152 1423 283 1476 fraus,
320 1424 506 1481 perfidia,
540 1425 744 1467 iniustitia
777 1436 1034 1481 grassantur.
1070 1424 1162 1466 Hac
1194 1424 1371 1481 ratione,
1394 1435 1434 1466 et
1455 1438 1573 1481 prae-

151 1495 260 1539 clare
285 1495 475 1553 quidem,
509 1496 754 1553 Tongiorgi
790 1495 967 1539 disserit.

155 1715 408 1749 conscendisse
435 1714 606 1760 regalem,
634 1722 668 1749 et
694 1723 879 1761 tamqnam
906 1714 1060 1748 iudicem
1088 1714 1296 1760 quempiam
1323 1714 1521 1757 sedentem,
1540 1722 1573 1749 et

155 1774 398 1819 cogitationes
435 1773 518 1807 loco
558 1772 768 1807 carnificum
807 1773 1049 1816 adhibentem,
1077 1773 1239 1807 animum
1276 1773 1571 1819 suspendentem,

154 1844 218 1878 pro
247 1833 401 1877 peccatis
427 1832 661 1875 lacerantem,
690 1832 922 1867 vehementer
949 1832 1219 1875 inclamantem,
1239 1844 1321 1866 cum
1340 1844 1450 1867 nemo
1467 1832 1571 1873 sciat,

153 1891 221 1924 nisi
247 1891 346 1924 solus
372 1891 481 1932 Deus,
510 1892 567 1936 qui
594 1891 683 1925 haec
710 1891 934 1936 conspicit....
959 1891 1001 1925 Et
1031 1891 1066 1924 in
1093 1891 1200 1933 lecto,
1228 1899 1261 1924 et
1301 1891 1336 1924 in
1375 1901 1510 1934 mensa,
1538 1898 1573 1925 et

153 1950 188 1983 in
217 1948 310 1991 foro,
340 1958 373 1983 et
400 1949 435 1982 in
463 1949 586 1992 dom0‚
614 1958 647 1984 et
685 1948 850 1989 interdiu,
877 1957 912 1984 et
951 1957 1073 1991 noctu,
1100 1957 1134 1983 et
1172 1950 1207 1983 in
1245 1950 1331 1995 ipsis
1370 1949 1574 1996 frequenter

151 2007 303 2042 somniis
330 2007 418 2041 haec
445 2008 642 2053 iniquitatis
669 2007 861 2043 simulacra
886 2007 996 2050 videt,
1027 2008 1206 2054 ipsiusque
1227 2008 1316 2043 Cain
1344 2008 1454 2042 vitam
1473 2007 1571 2050 vivit,

152 2079 300 2114 gemens
327 2079 367 2101 ac
395 2076 554 2102 tremens
581 2079 687 2113 super
711 2077 855 2111 terram,
883 2079 965 2102 cum
992 2078 1101 2102 nemo
1130 2068 1216 2103 sciat
1243 2067 1354 2113 (Gen.
1381 2067 1445 2112 4.),
1476 2067 1571 2102 intus

151 2136 271 2162 tamen
298 2126 406 2161 habet
433 2128 554 2173 ignem
582 2138 723 2173 semper
749 2135 1000 2162 coacervatum
1029 2135 1127 2162 etc.»
1151 2125 1204 2161 Cf.
1232 2126 1339 2161 etiam
1358 2138 1386 2162 s.
1405 2128 1571 2171 August„

151 2187 187 2219 in
214 2187 271 2221 Ps.
301 2196 356 2229 45.
384 2197 482 2219 num.
513 2194 555 2228 3.v
582 2186 642 2219 ubi
668 2194 808 2231 praeter
833 2185 902 2219 alia
927 2185 1035 2219 habet
1060 2185 1161 2219 haec:
1194 2185 1328 2220 «Inter
1354 2195 1481 2219 omnes
1506 2184 1571 2219 tri-

151 2244 354 2279 bulationes
380 2245 562 2278 humanae
589 2244 730 2279 animae
756 2244 853 2278 nulla
880 2253 932 2279 est
959 2244 1088 2285 maior,
1118 2255 1223 2290 quam
1252 2244 1473 2278 conscientia
1511 2243 1572 2277 de-

151 2302 326 2338 lictorum.
344 2318 359 2333 »
391 2302 443 2338 Cf.
472 2304 582 2337 etiam
611 2303 797 2345 Senecam,
826 2303 926 2348 epist.
955 2303 1024 2345 82„
1052 2304 1236 2344 Perseum,
1263 2303 1333 2337 Sat.
1362 2303 1422 2337 III.
1450 2314 1482 2337 V.
1512 2310 1567 2346 35.

157 2373 257 2408 seqq.
285 2362 449 2406 aliosque
477 2362 622 2406 passim.

247 2420 303 2464 (1)
333 2419 387 2454 Cf.
415 2420 651 2462 Pallavicino‚
678 2420 729 2455 del
753 2422 832 2455 bene
860 2420 880 2454 1.
908 2430 940 2462 4.
970 2431 1000 2454 c.
1026 2429 1177 2466 29—30.:
1210 2435 1226 2451 κ
1247 2421 1397 2464 Quanto
1424 2420 1474 2453 sia
1503 2429 1569 2464 gu-

150 2487 250 2512 stoso
277 2477 418 2512 l'essere
444 2488 565 2512 amato
594 2490 611 2513 e
631 2478 761 2525 perche
788 2478 858 2513 cio.
879 2478 1098 2513 Dimostrasi
1126 2477 1190 2512 che
1209 2478 1232 2511 il
1251 2478 1309 2524 piu
1330 2486 1426 2512 certo
1446 2488 1568 2511 mezzo

151 2549 213 2583 per
238 2548 354 2571 essere
382 2548 500 2571 amato
529 2539 546 2570 'e
574 2538 606 2572 la
632 2538 736 2580 virtu,
765 2549 782 2572 e
821 2538 888 2572 due
926 2537 1140 2571 limitazioni
1169 2537 1202 2570 di
1232 2544 1356 2582 questa
1394 2535 1565 2582 regola.»

151 2594 205 2629 Cf.
233 2587 343 2630 e'tiam
371 2595 391 2629 1.
424 2607 450 2629 1.
478 2607 506 2629 c.
534 2606 614 2640 2—3.
