1734 2784
681 101 948 143 ,205-

99 181 236 225 malas
246 196 265 233 ;
297 180 340 224 id
382 180 501 239 quod
532 183 676 225 sensui
709 183 931 226 communi
965 198 1012 225 ac
1058 181 1245 240 generali
1288 182 1521 227 hominum

99 251 307 312 loquendi
342 253 697 311 concipiendique
730 253 864 297 modo
892 254 991 297 satis
1014 253 1184 297 videtur
1207 269 1460 312 repugnare.

225 325 257 368 I.
293 324 456 367 Dicunt
481 326 619 382 primo
652 340 741 368 non
772 326 934 369 intendi
965 327 1008 368 in
1040 326 1091 368 iis
1126 325 1361 369 actionibus
1394 341 1521 384 prae-

100 395 219 438 dicto
253 395 387 439 modo
419 396 574 453 positis
596 395 701 439 fines
727 396 950 440 ulteriores
984 396 1200 455 finemque
1227 398 1524 441 ultimum.—
1571 419 1575 422 ⁴

96 466 372 524 Respondeo:
391 467 481 510 dist.
501 468 686 525 positive
705 467 988 511 excluduntur
1007 467 1111 512 fines
1130 469 1352 512 ulteriores
1370 468 1520 513 finisve

96 537 273 581 ultimus
305 554 416 596 nego,
434 553 522 581 non
558 539 838 583 intenduntur
868 540 1105 594 suhd.,non
1134 540 1416 583 intenduntur
1449 542 1519 583 in-

95 611 286 654 tentione
318 610 466 654 actuali
508 611 574 654 vel
607 612 775 654 virtuali
823 628 896 655 seu
942 612 1143 655 habituali
1176 611 1247 670 (1)
1284 627 1404 669 conc„
1427 629 1518 656 non

95 680 375 726 intenduntur
408 681 557 725 saltem
598 683 836 726 intentione
883 685 1197 742 interpretativa
1241 700 1347 739 nego.
1396 684 1519 737 Quid

94 757 148 799 sit
180 755 360 798 intentio
395 755 731 812 interpretativa,
767 757 906 813 accipe
947 773 996 799 ex
1031 757 1231 799 Suaresio
1264 755 1358 815 (2):
1392 773 1414 798 c(
1446 757 1517 799 In-

91 826 260 870 terdum
295 825 491 870 voluntas
525 826 707 870 intendit
739 827 912 886 aliquod
945 827 1178 884 obiectum,
1214 829 1255 870 in
1291 844 1378 886 quo
1402 829 1515 870 sistit

91 916 142 943 ex
174 899 215 941 vi
251 897 604 942 considerationis
640 912 680 941 et
712 898 840 941 huius
883 899 1055 942 actualis
1104 900 1334 957 motionis;
1370 911 1514 942 tamen

89 969 159 1013 illa
190 985 256 1013 res
290 971 449 1013 intenta
482 983 631 1013 natura
662 986 738 1013 sua
785 969 918 1014 fertur
966 983 1006 1013 et
1040 970 1263 1014 ordinatur
1303 971 1345 1013 in
1382 970 1511 1013 alium

89 1039 232 1084 finem.
270 1041 398 1084 Tunc
432 1056 535 1097 ergo
568 1041 765 1084 voluntas
800 1041 956 1084 dicitur
1003 1042 1175 1099 proprie
1209 1054 1248 1084 et
1282 1042 1400 1099 quasi
1436 1058 1512 1085 ex·—

83 1115 220 1172 plicite
253 1113 473 1156 intendere
492 1112 621 1156 finem
655 1112 733 1155 sibi
768 1114 1058 1171 propositum,
1082 1114 1380 1171 interpretati-ve
1404 1129 1507 1156 vero

90 1184 243 1228 dicitur
275 1183 495 1227 intendere
528 1183 777 1226 ulteriorem
810 1183 956 1239 finem,
990 1183 1040 1226 ad
1073 1199 1201 1241 quem
1244 1182 1340 1226 finis
1375 1183 1509 1241 priori

87 1255 221 1298 modo
255 1256 440 1298 intentus
473 1267 621 1297 natura
655 1270 729 1298 sua
762 1254 950 1297 fertur....
983 1255 1103 1297 Licet
1136 1254 1271 1297 hoino
1296 1267 1389 1297 actu
1424 1270 1507 1297 suo

86 1343 175 1371 non
221 1325 411 1371 intendat
463 1326 586 1369 illum
639 1325 768 1369 finem
817 1325 1081 1381 ulteriorem,
1131 1325 1285 1368 dicitur
1339 1326 1504 1383 operari

86 1412 261 1458 propter
312 1397 433 1441 illum
482 1400 799 1456 interpretativa,
849 1396 966 1456 quod
1014 1397 1081 1440 alii
1131 1409 1285 1440 vocant
1338 1398 1504 1454 operari

85 1482 260 1529 propter
292 1469 422 1513 finem
456 1485 506 1512 ex
539 1481 687 1511 natura
720 1469 852 1525 ipsius
897 1468 1055 1525 operiS,
1103 1468 1247 1525 potius
1291 1482 1419 1525 quam
1453 1482 1506 1509 ex

84 1541 327 1592 intentione,
356 1541 585 1599 operantis.
621 1557 640 1580 »
682 1541 875 1582 Iamvero
910 1538 986 1581 hac
1019 1540 1256 1582 intentione
1289 1539 1503 1595 interpre-

85 1614 213 1656 tativa
244 1612 291 1656 fit
323 1613 423 1655 satis
457 1610 709 1669 obligationi
734 1610 945 1668 dirigendi
979 1622 1095 1653 actus
1130 1610 1171 1652 in
1205 1610 1368 1662 Deum,
1394 1621 1508 1652 tam-

86 1700 215 1743 quam
248 1683 378 1728 finem
410 1682 614 1726 ultimum
650 1682 738 1741 (3).

181 1843 237 1887 (1)
263 1842 357 1877 Vide
385 1854 463 1889 pag.
499 1852 575 1887 119.
607 1843 658 1877 Ci.
681 1842 821 1884 SuarCZ,
844 1840 886 1875 de
905 1841 967 1875 ult.
994 1840 1065 1875 fine
1090 1840 1190 1875 hom.
1210 1840 1338 1886 disput.
1359 1841 1401 1874 II.
1422 1848 1507 1874 sect.

85 1902 159 1945 IV.,
186 1902 285 1937 cuius
311 1903 447 1945 titulus,
475 1911 561 1948 quot
588 1901 708 1935 modis
737 1902 935 1946 contingat,
964 1900 1188 1934 voluntatem
1229 1899 1385 1934 hominis
1425 1910 1512 1945 ope—

83 1962 152 1996 rari
178 1971 325 2008 propter
350 1962 473 1996 finem.

180 2022 237 2066 (2)
264 2022 350 2057 Loc.
378 2033 472 2055 nunc
501 2022 557 2056 cit.
585 2032 684 2055 num.
715 2029 744 2063 ς.
786 2020 1100 2065 «Interpretative,
1131 2019 1246 2066 inquit
1285 2018 1505 2063 Tongiorgi,

84 2081 156 2116 eth.
183 2093 284 2116 num.
319 2092 381 2126 15„
408 2081 489 2115 finis
516 2081 654 2115 intendi
683 2080 821 2121 dicitur,
850 2091 959 2126 quum
986 2091 1095 2125 agens
1123 2090 1206 2113 eum
1224 2087 1305 2113 actu
1324 2089 1397 2111 non
1420 2089 1503 2123 spe-

83 2151 167 2183 ctat,
194 2149 310 2188 neque
337 2150 441 2175 antea
469 2141 634 2183 intendit,
662 2140 722 2174 sed
752 2141 786 2173 in
813 2139 884 2173 alio
913 2139 983 2173 fine
1010 2139 1213 2174 intentione
1239 2139 1345 2179 sistit,
1375 2138 1432 2183 qui
1452 2146 1505 2171 ta-

82 2212 166 2236 men
191 2211 318 2236 natura
344 2212 407 2235 sua
436 2201 478 2234 ad
506 2200 607 2234 illum
637 2201 679 2233 sit
707 2199 901 2233 ordinatus:
923 2207 959 2232 ut
987 2199 1045 2244 qui
1072 2198 1210 2231 muneri
1230 2209 1294 2231 suo
1316 2196 1503 2235 satisfacit,

81 2261 172 2296 nihil
197 2261 363 2307 cogitans
390 2261 433 2294 de
459 2258 702 2294 satisfaciendi
731 2258 968 2304 obligatione,
998 2269 1065 2304 qua
1092 2266 1244 2291 tenetur.
1262 2271 1277 2288 »
1308 2255 1364 2290 Cf.
1392 2255 1500 2289 etiam

79 2332 181 2356 num.
207 2320 295 2362 162„
312 2320 505 2366 Taparelli‚
522 2320 640 2365 =<aggia
657 2322 769 2353 teoret.
786 2318 967 2352 dissertaz.
987 2328 1014 2352 ι.
1035 2328 1109 2362 cap.
1128 2317 1226 2350 VIII.
1246 2328 1280 2350 n.
1302 2315 1376 2350 186.
1392 2326 1506 2360 segg„

80 2379 200 2423 Iouin,
229 2379 335 2414 elem.
363 2380 451 2424 phil.
479 2390 569 2412 mor.
591 2390 670 2425 pag.
694 2389 747 2423 33.

177 2439 235 2484 (3)
263 2437 318 2473 Cf.
345 2439 485 2477 Suarez,
514 2437 556 2471 de
583 2437 652 2483 leg.
680 2437 705 2471 l.
735 2437 777 2470 Ii.
807 2447 882 2481 cap.
922 2446 983 2477 11.,
1015 2435 1074 2468 ubi
1101 2434 1258 2480 inquirit,
1288 2442 1406 2468 utrum
1447 2432 1505 2467 lex

79 2497 252 2532 naturalis
278 2497 416 2543 obliget
441 2496 485 2531 ad
513 2496 663 2530 modum
691 2494 865 2541 operandi
893 2507 935 2529 cx
964 2494 1156 2528 dilectione
1176 2494 1242 2528 Dei
1263 2493 1317 2528 vel
1339 2492 1505 2527 caritate.

79 2557 122 2592 In
147 2558 219 2593 fine
244 2558 349 2592 huius
377 2557 514 2603 capitis,
542 2557 585 2591 ad
613 2556 868 2603 explicandum
907 2555 993 2590 illud
1028 2566 1053 2589 1.
1083 2555 1165 2590 Cor.
1194 2554 1251 2596 X„
1296 2553 1423 2589 Omnia
1460 2553 1496 2586 in
