1734 2784
690 103 954 133 —201—

112 201 243 246 stum,
276 203 349 231 seu
381 185 570 244 ponendi
602 197 666 229 tot
699 197 817 228 actus
850 184 1034 243 positive
1068 182 1290 236 honestos,
1314 192 1420 240 quot
1453 197 1529 239 po-

115 271 273 303 nuntur
305 270 423 301 actus
458 255 688 301 deliberati.
723 257 838 313 Ergo
872 271 943 299 eae
977 255 1164 298 actiones
1197 268 1285 297 non
1332 264 1430 296 sunt
1462 254 1533 295 in—

117 331 334 374 honestae.

234 414 352 456 Haec
384 424 449 455 est
481 413 686 454 sententia
719 427 751 454 s.
778 410 1204 468 Bonaventurae(1),
1222 411 1283 453 Io.
1309 410 1425 454 Scoti
1450 409 1536 468 (2),

116 484 385 540 aliorumque
417 481 531 525 illius
566 481 735 525 scholae
771 481 1014 524 doctorum.
1050 482 1113 524 En
1148 480 1385 537 conclusio,
1409 496 1537 538 quam

120 568 219 614 post
269 554 450 598 adducta
501 555 714 597 variarum
764 554 1022 610 opinionum
1065 565 1318 609 argumenta
1367 552 1538 595 deducit

116 644 150 672 s.
181 629 492 670 Bonaventura:
532 644 552 667 «
586 624 927 669 Concedendum
951 637 1013 668 est
1037 625 1182 681 igitur,
1206 625 1315 666 sicut
1348 625 1534 666 rationes

121 698 329 757 quaedam
363 696 610 753 ostendunt,
644 696 761 754 quod
796 695 949 739 divisio
983 696 1164 738 actionis
1200 711 1274 752 per
1307 694 1465 737 bonam
1500 706 1540 736 et

118 769 271 813 malam
306 785 396 812 non
429 781 492 812 est
525 784 598 826 per
633 767 888 811 differentias
924 767 1207 820 immediatam,
1243 782 1319 823 pro
1345 781 1395 808 eo
1424 764 1541 823 qnod

120 843 226 884 inter
273 840 347 883 has
399 839 657 883 differentias
707 840 918 895 contingit
968 839 1143 896 reperiri
1192 837 1403 890 medium,
1454 838 1542 880 sive

119 926 235 956 actus
270 912 565 956 consideretur
596 910 835 954 secundum
869 926 1005 967 genus
1041 911 1201 967 operis,
1228 910 1316 952 sive
1350 920 1542 965 respectu

119 985 391 1042 operantis.»
423 982 632 1026 Eamdem
666 983 918 1025 sententiani
954 981 1104 1023 saltem
1139 994 1185 1023 ut
1211 979 1544 1038 probabiliorem

119 1068 355 1114 sequuntur
400 1054 529 1097 Gabr.
581 1056 781 1110 Vasquez
821 1052 906 1110 (3),
940 1054 1073 1095 Leon.
1118 1053 1292 1095 Lessius
1326 1051 1412 1109 (4),
1444 1052 1542 1093 Ant.

120 1128 243 1184 Mayr
275 1126 360 1184 (5),
411 1125 588 1168 Domin.
636 1126 743 1167 Viva
791 1123 876 1182 (6),
910 1125 980 1181 qui
1029 1125 1083 1166 ait
1134 1123 1241 1166 hanc
1290 1123 1545 1165 sententiam

120 1197 249 1241 fuisse
292 1213 366 1240 sua
413 1208 546 1239 aetate
582 1196 942 1247 communiorem,
973 1197 1118 1237 Franc.
1155 1195 1219 1237 De
1254 1192 1427 1238 Oviedo
1461 1192 1546 1250 (7),

121 1269 311 1326 Ignatius
347 1267 545 1312 Schwarz
578 1266 658 1324 (8),
692 1266 847 1323 aliique
891 1266 1032 1323 plnres
1067 1281 1214 1322 graves
1249 1278 1458 1308 auctores,

237 1341 293 1384 Π.
327 1341 590 1383 SENTENTIA
624 1352 776 1381 NEGAN
796 1353 832 1382 s,
880 1339 942 1380 En
977 1339 1284 1395 potissimum,
1328 1352 1413 1394 quo
1448 1336 1550 1379 haec

125 1410 337 1454 sententia
370 1409 579 1462 innititur,
615 1401 944 1464 argumentum.v

250 1482 295 1526 Si
329 1497 435 1539 quae
468 1482 656 1523 actiones
691 1480 731 1521 in
757 1479 977 1522 individuo
1004 1479 1293 1522 consideratae
1326 1478 1465 1522 forent
1490 1479 1551 1520 in-

122 1551 378 1607 differentes,
410 1551 503 1594 illae
538 1566 635 1594 sane
684 1564 837 1607 essent,
871 1567 977 1608 quae
1026 1563 1124 1593 sunt
1176 1549 1482 1606 indifferentes,
1517 1550 1552 1591 si

122 1623 402 1667 solummodo
439 1623 675 1666 secundum
712 1623 898 1680 speciem
955 1635 1219 1679 spectentur,
1269 1638 1303 1664 e.
1339 1638 1379 1678 g.
1429 1634 1546 1664 actus

226 1798 283 1842 (1)
313 1797 400 1832 Loc.
425 1808 540 1842 nuper
567 1796 624 1830 cit.

223 1858 278 1903 (2)
307 1857 347 1890 In
376 1867 407 1891 2.
435 1866 523 1891 sent.
552 1856 631 1889 dist.
656 1866 712 1898 41.

225 1915 282 1960 (3)
312 1916 352 1949 In
384 1926 411 1950 1.
438 1925 470 1950 2.
498 1927 530 1961 q.
558 1915 690 1949 XVIII.
717 1915 805 1959 disp.
835 1914 893 1947 III.

228 1975 285 2019 (4)
313 1975 354 2008 In
387 1985 413 2008 1.
442 1985 473 2008 2.
504 1986 536 2019 q.
564 1974 695 2007 XVIII.
728 1985 757 2006 a.
786 1973 846 2006 IX.
873 1972 984 2006 dnbio
1015 1972 1038 2005 Ι.

224 2034 280 2078 (5)
308 2033 441 2068 Theol.
477 2032 592 2066 schol.
618 2040 723 2066 tract.
752 2032 812 2065 IV.
840 2031 930 2076 disp.
963 2041 973 2064 1
1018 2042 1049 2076 q.
1079 2031 1139 2064 III.
1167 2040 1230 2065 art.
1258 2031 1317 2064 III.
1344 2038 1377 2064 et
1406 2029 1466 2063 IV.

222 2091 279 2137 (6)
307 2092 442 2127 Cursus
471 2091 603 2126 Theol.
631 2103 711 2137 pars
748 2102 818 2125 sec.
847 2091 933 2136 disp.
961 2091 1042 2125 VII.
1070 2102 1101 2137 q.
1129 2091 1191 2124 ΙΙΙ.

218 2152 274 2196 (7)
304 2152 342 2185 In
375 2162 402 2185 1.
439 2160 471 2185 2.
497 2159 599 2185 tract.
629 2150 696 2184 IV.
725 2159 888 2184 controv.
916 2150 995 2184 VII.
1024 2157 1159 2195 puncto
1186 2150 1230 2183 V.

217 2211 274 2256 (8)
301 2211 458 2245 Institut.
486 2210 570 2244 iuris
598 2209 693 2255 publ.
722 2209 818 2243 univ.
845 2221 878 2254 p.
911 2219 939 2244 1.
969 2209 1020 2243 tit.
1055 2220 1081 2243 1.
1108 2209 1208 2243 instr.
1238 2219 1269 2243 2.
1301 2210 1328 2254 S.
1350 2208 1381 2243 8.
1408 2209 1547 2243 «Utra-

126 2280 194 2316 que
224 2271 400 2305 sententia
429 2278 482 2304 est
508 2269 706 2302 admodum
736 2269 941 2314 probabilis,
972 2269 1085 2314 prima
1127 2269 1298 2314 (negans)
1332 2269 1553 2314 probabilior

128 2331 171 2364 ab
198 2329 420 2371 auctoritate,
447 2329 601 2364 secunda
648 2328 864 2373 (affirmans)
892 2340 910 2362 a
938 2329 1090 2370 ratione,
1133 2329 1194 2363 illa
1221 2329 1264 2363 de
1303 2329 1461 2363 consitio
1490 2342 1549 2364 sc-

126 2388 267 2429 manda,
301 2400 383 2422 cum
417 2388 606 2422 hominem
633 2388 762 2421 melius
788 2387 958 2433 disponat
985 2387 1027 2420 ad
1054 2387 1163 2422 finem
1196 2387 1378 2423 ultimum.
1406 2397 1440 2423 et
1476 2389 1551 2422 vir-

126 2456 245 2483 tutum
273 2448 494 2490 exercitium,
522 2447 607 2481 haec
634 2448 669 2481 in
698 2448 797 2493 praxi
823 2448 975 2482 omnino
1004 2456 1090 2489 tuta,
1118 2445 1342 2482 conformior
1368 2449 1548 2483 humanae

130 2506 329 2553 fragilitati,
363 2516 398 2542 et
423 2507 527 2541 statui
548 2515 602 2541 tot
621 2507 908 2550 distractionum,
927 2508 1139 2554 benignitati
1162 2508 1288 2542 itidem
1308 2508 1448 2543 divinae
1468 2509 1559 2542 circa

128 2576 198 2600 nos
222 2566 488 2608 Providentiae,
516 2575 552 2600 ut
580 2575 675 2601 recte
702 2567 955 2601 animadvertit
983 2577 1009 2601 s,
1038 2568 1302 2602 Bonaventura.
1319 2581 1336 2599 ³)
