1734 2784
93 233 168 262 seu
199 217 446 274 simpliciter,
479 215 684 271 tenderet,
718 216 810 258 eius
850 230 948 257 sane
992 204 1232 258 tendentiae
1282 214 1523 272 implendae

92 303 168 346 par
201 302 289 330 non
321 299 433 330 esset
467 286 558 330 sola
604 287 779 329 scientia
827 286 1071 329 matheseos
1121 298 1192 328 aut
1231 285 1525 343 cosmologiae

91 358 370 416 aut‘quaevis
404 357 483 400 alia
514 356 777 415 particularis
812 358 1014 414 scientia3
1051 358 1105 399 ita
1139 372 1237 399 cum
1287 357 1422 400 homo
1474 356 1524 399 ad

90 427 332 473 universale
364 440 405 471 et
436 429 671 471 increatum
711 428 904 483 bonum,
940 443 1013 471 seu
1063 427 1113 471 ad
1171 428 1314 485 ipsum
1349 428 1524 470 Bonum

96 501 257 554 tendat,
277 501 366 544 eius
389 500 631 544 tendentiae
651 500 892 558 implendae
918 499 1132 543 sufficiens
1155 515 1243 542 non
1266 512 1328 542 est
1351 499 1521 542 bonum

92 571 230 615 ullum
263 572 510 628 limitatum,
544 587 656 626 sen„
687 583 732 614 ut
770 587 800 615 s.
840 570 1036 614 Thomas
1070 570 1262 628 loquitur
1296 570 1380 626 (1),
1412 578 1521 627 pai·-

94 643 323 687 ticulatmn.

211 711 392 758 Nullum
415 726 480 756 est
503 711 666 756 bonum
690 712 877 765 finitum,
898 713 1016 755 cuius
1040 713 1256 770 possessio
1281 712 1334 754 sit
1357 711 1522 755 bonum

90 785 271 829 absolute
319 785 586 827 necessarium
636 783 846 826 humanae
896 783 1118 826 voluntati.
1154 783 1278 827 Ratio
1314 795 1390 835 est,
1427 783 1524 839 quia

97 856 279 899 «omnis
311 854 412 898 boni
446 854 746 897 sufficientiam
784 853 907 896 habet
942 853 1076 896 homo
1110 854 1153 895 in
1187 854 1284 896 Deo
1303 869 1322 891 ³)
1355 854 1429 909 (2):
1457 854 1525 894 ni-

93 927 252 969 mirum
287 926 505 984 possessio
526 926 634 968 Boni
660 924 828 976 infiniti,
855 938 904 967 ut
927 923 1321 966 demonstravimus
1346 924 1388 966 in
1413 923 1522 965 thesi

90 997 384 1056 praecedente,
417 1009 480 1039 est
515 996 702 1039 hominis
728 995 933 1038 beatitudo
967 994 1205 1047 essentialis,
1231 1009 1304 1036 seu
1328 993 1521 1035 substan-

91 1069 150 1112 tia
180 1070 290 1111 vitae
323 1067 479 1111 beatae:
515 1082 560 1110 ac
592 1067 772 1125 proinde
805 1067 895 1108 sine
930 1065 1053 1108 bonis
1088 1064 1218 1107 finitis
1251 1077 1393 1122 potest
1428 1066 1524 1122 quis

90 1155 185 1183 esse
217 1138 494 1183 essentialiter
528 1138 689 1194 beatus,
724 1139 759 1180 si
793 1153 947 1194 nempe
981 1152 1079 1180 cum
1116 1138 1211 1179 Deo
1245 1137 1299 1179 sit
1339 1136 1524 1194 perfecte

91 1211 362 1254 coniunctus.
397 1209 567 1255 Scilicet
601 1209 711 1252 bona
743 1208 859 1251 finita
893 1221 991 1250 sunt
1026 1208 1089 1250 vel
1124 1207 1394 1250 conditiones
1444 1224 1524 1250 ne·-

93 1282 279 1326 cessario
314 1282 642 1340 praerequisitae
682 1280 731 1324 ad
764 1280 1069 1323 beatitudinem
1104 1278 1401 1331 obtinendam,
1459 1279 1525 1321 vel

90 1353 419 1413 consequentiae
451 1352 661 1395 beatitatis
687 1353 769 1394 iani
803 1351 1013 1403 obtentae,
1038 1351 1103 1393 vel
1137 1351 1422 1407 proprietates
1450 1366 1523 1393 seu

90 1423 324 1468 accidentia
357 1439 430 1467 seu
465 1435 604 1481 partes
639 1421 911 1466 beatitudinis
937 1421 1164 1478 integrales
1200 1434 1269 1463 aut
1304 1425 1524 1464 concomi-

93 1508 236 1540 tantes
269 1494 354 1554 (3).

186 1695 240 1739 (1)
265 1693 306 1728 In
338 1703 366 1728 1.
389 1701 420 1726 2.
441 1704 473 1738 q.
497 1702 529 1726 2.
550 1702 578 1725 a.
602 1690 632 1724 8.
653 1692 694 1725 Et
722 1690 872 1724 articulo
900 1689 1063 1734 sequenti
1083 1688 1172 1721 haec
1194 1687 1312 1721 habet:
1346 1701 1363 1718 «
1385 1687 1525 1732 Impos-

93 1751 200 1788 sibile
225 1760 277 1786 est
306 1750 568 1786 beatitudinem
595 1749 756 1783 hominis
783 1760 860 1782 esse
886 1749 920 1781 in
949 1747 1070 1793 aliquo
1098 1748 1198 1780 bono
1225 1755 1355 1781 creatO.
1396 1747 1519 1780 Beati-

92 1811 181 1847 tudo
207 1811 306 1845 enirn
333 1819 385 1845 est
411 1811 549 1845 bonum
576 1808 787 1854 perfectum,
818 1807 914 1853 quod
942 1806 1102 1841 totaliter
1130 1807 1262 1852 quietat
1301 1806 1521 1852 appetitum:

90 1869 251 1917 alioquin
279 1881 354 1903 non
381 1872 474 1903 esset
500 1867 649 1902 ultimus
677 1866 769 1908 finis,
800 1866 826 1900 si
855 1866 968 1899 adhuc
996 1873 1144 1899 restaret
1173 1864 1306 1911 aliquid
1341 1874 1521 1910 appeten-

90 1928 191 1964 dum.
217 1928 412 1963 Obiectum
439 1935 559 1961 autem
586 1926 793 1967 voluntatis,
823 1936 912 1971 quae
953 1933 1005 1958 est
1033 1924 1212 1968 appetitus
1249 1923 1441 1964 humanus,
1470 1932 1522 1957 est

100 1987 302 2023 universale
328 1987 479 2028 bonum,
506 1985 595 2021 sicut
622 1985 801 2019 obiectum
831 1983 1031 2017 intellectus
1067 1991 1119 2016 est
1147 1982 1350 2016 universale
1385 1993 1522 2015 verum.

91 2046 145 2082 Ex
171 2058 242 2093 quo
270 2053 378 2092 patet,
405 2045 500 2092 quod
530 2044 617 2078 nihil
646 2053 763 2089 potest
795 2043 951 2089 quietare
993 2043 1219 2077 voluntatem
1256 2041 1426 2082 hominis,
1456 2041 1524 2074 nisi

92 2107 229 2141 bonum
258 2104 474 2147 universale,
502 2103 597 2150 quod
625 2115 698 2137 non
729 2104 910 2136 invenitur
937 2103 970 2135 in
1000 2101 1120 2148 aliquo
1149 2110 1283 2138 creato,
1313 2100 1375 2134 sed
1403 2100 1522 2134 solum

94 2165 128 2200 in
155 2164 249 2200 Deo:
292 2163 374 2210 quia
411 2164 532 2198 omnis
560 2171 718 2196 creatura
758 2161 865 2195 habet
893 2162 1095 2195 bonitatem
1131 2160 1438 2205 participatam.»
1470 2159 1524 2192 De

92 2235 165 2271 quo
190 2235 216 2258 s.
244 2223 412 2258 Thomae
439 2230 653 2268 argumento
681 2220 758 2254 vide
786 2221 925 2261 Suarez,
946 2220 989 2253 de
1016 2220 1079 2254 ult.
1107 2219 1175 2253 sine
1203 2218 1294 2264 disp.
1317 2219 1360 2252 V.
1386 2228 1472 2252 sect.
1498 2229 1525 2251 1.

95 2293 196 2318 num.
223 2282 255 2317 8.

187 2343 241 2388 (2)
268 2341 320 2377 Ita
346 2353 374 2377 s,
404 2340 485 2382 Th„
518 2350 545 2374 1.
577 2349 609 2373 2.
638 2351 671 2384 q.
702 2349 734 2381 4.
763 2350 792 2373 a.
820 2339 853 2373 8.

189 2401 245 2446 (3)
269 2401 304 2435 S.
331 2401 505 2441 Thomas,
526 2398 608 2433 loco
636 2410 731 2432 nunc
759 2399 829 2439 cit.,
853 2398 1032 2431 disserens
1050 2397 1093 2430 de
1112 2397 1287 2430 societate
1307 2396 1524 2437 amicorum,

98 2467 217 2495 utrum
244 2470 284 2494 ea
312 2459 354 2493 ad
383 2458 642 2493 beatitudinem
680 2457 886 2503 requiratur,
915 2456 962 2490 ita
998 2456 1166 2502 loquitur:
1213 2470 1229 2485 «
1248 2453 1430 2490 Perfectio
1462 2465 1522 2487 ca-

97 2520 209 2554 ritatis
235 2527 288 2554 est
315 2517 496 2554 essentialis
524 2517 733 2552 beatitudini
775 2525 949 2562 quantuni
990 2516 1032 2549 ad
1060 2515 1295 2549 dilectionem
1335 2514 1416 2554 Dei,
1452 2525 1523 2547 non

98 2587 270 2625 quantum
297 2578 341 2612 ad
381 2577 613 2612 dilectionem
642 2576 809 2621 proximi.
849 2574 954 2610 Unde
983 2575 1011 2608 si
1038 2583 1129 2609 esset
1170 2574 1240 2608 u'na
1283 2572 1360 2608 sola
1400 2572 1522 2606 anima
