1734 2784
75 188 257 245 gnilatis.
293 187 421 230 Tunc
454 187 570 230 enim
603 186 708 230 illud
741 188 889 230 statim
938 201 1213 246 praeceptum
1260 177 1429 234 deberet
1462 192 1508 233 in

79 258 272 302 medium
306 257 507 317 proferri,
545 258 663 317 quod
712 258 910 302 Christus
954 260 1172 303 Dominus
1206 260 1284 304 hac
1317 262 1368 306 de
1402 278 1446 306 re
1480 279 1503 306 a

78 328 316 372 Pharisaeis
364 329 654 386 interrogatus
705 329 885 387 protulit
932 330 1128 388 inquiens
1160 330 1245 390 (1):
1294 333 1507 391 «Diliges

76 400 307 444 Dominum
341 402 476 444 Deum
509 409 629 444 tuum
661 415 708 444 ex
742 409 819 444 toto
853 401 966 445 corde
1001 411 1080 456 tuo,
1114 412 1149 446 et
1181 404 1223 446 in
1257 412 1339 447 tota
1360 405 1503 447 anima

77 480 164 525 ma,
198 481 235 515 et
267 473 309 515 in
343 480 428 515 tota
475 480 601 515 mente
651 480 732 516 tua.
769 473 859 516 Hoc
891 482 946 516 est
980 475 1207 517 maximum
1253 485 1291 518 et
1317 478 1504 534 primum·

75 542 332 586 mandatum.
366 568 423 576 —
455 543 611 601 Neque
660 542 729 587 hic
777 545 916 602 agitur
965 544 1015 588 de
1049 546 1235 602 primatu
1279 549 1321 590 in
1365 548 1502 591 ordine

74 614 244 657 virtutis*
275 626 316 657 et
349 613 557 658 efficaciae
606 614 943 658 adsscetero’rum
993 618 1122 659 etiam
1170 630 1498 675 praeceptorum

74 685 313 729 custodiam
347 686 647 731 inducendam.
685 687 814 730 Tunc
847 688 963 731 enim
997 688 1111 731 idem
1161 705 1309 733 rursus
1343 689 1392 733 de
1427 690 1499 734 di-

69 755 252 801 lectione
299 759 383 802 Dei
431 758 682 802 mandatum
730 760 934 816 assignari
984 759 1168 804 deberet.
1220 762 1332 805 Hinc
1381 761 1496 805 idem

70 829 270 873 Christus
303 831 520 874 Dominus
555 830 716 874 addidit
749 832 909 875 statim:
950 849 969 872 «
1007 832 1233 876 Secundum
1265 843 1403 876 autem
1434 836 1498 878 si-

68 901 161 944 mile
193 910 247 945 est
279 902 384 957 huic,
423 902 576 960 Diliges
594 904 834 960 proximum
858 912 972 946 tunm
994 905 1096 948 sicut
1119 905 1298 961 leipsmn.
1317 922 1337 945 ³)
1369 906 1498 958 Quae

66 971 195 1015 verba
241 972 507 1031 perpendens
542 973 789 1016 &Ioannes
825 969 1168 1031 Chrysostomus
1201 974 1287 1033 (2),
1333 993 1353 1016 «
1385 991 1494 1033 qua-

67 1042 281 1100 mobrem,
316 1045 569 1101 interrogat,
621 1044 761 1087 simile
794 1056 856 1087 est
891 1044 1026 1088 huic?
1060 1063 1082 1084 »
1121 1046 1368 1103 Respondet
1412 1063 1491 1089 au-

65 1126 165 1157 tem:
208 1133 227 1156 «
262 1116 378 1168 Quia
411 1115 494 1159 hoc
527 1115 631 1159 illud
679 1114 842 1159 inducit
885 1128 926 1159 et
960 1116 1007 1159 ab
1041 1116 1112 1160 illo
1147 1133 1293 1160 rursus
1343 1120 1495 1161 muni-

64 1198 187 1229 tur.»
218 1209 274 1218 —
307 1186 456 1244 Itaque
490 1185 565 1230 hac
601 1188 644 1229 in
676 1186 787 1229 thesi
821 1187 961 1243 agitur
994 1186 1044 1230 de
1079 1188 1292 1245 principio
1347 1189 1488 1245 primo

60 1258 103 1300 in
136 1256 272 1301 ordine
304 1259 542 1315 cognitionis
574 1268 750 1312 nostrae,
785 1259 810 1302 i.
845 1274 880 1301 e.
915 1257 968 1301 de
1000 1259 1215 1316 principio
1252 1258 1338 1315 illo,
1371 1259 1491 1316 quod

62 1346 215 1374 omnes
248 1331 355 1387 legis
388 1331 590 1374 naturalis
639 1329 954 1389 prohibitiones
1003 1342 1043 1373 et
1090 1330 1302 1373 iussiones
1352 1331 1395 1372 in
1443 1347 1488 1375 se

64 1403 254 1446 continet
287 1401 362 1461 (eo
397 1414 519 1460 pacto
553 1417 639 1460 quo
674 1401 895 1445 conclusio
925 1401 1168 1444 continetur
1191 1403 1233 1444 in
1257 1403 1490 1459 praemissa

62 1473 247 1532 maiore)
291 1475 348 1517 ita
382 1486 428 1517 ut
461 1473 578 1518 facile
612 1489 658 1517 ac
690 1485 783 1517 tuto
818 1488 970 1516 omnes
1015 1489 1065 1516 ex
1108 1488 1159 1516 eo
1198 1474 1363 1531 possint
1410 1474 1490 1517 de-

60 1547 157 1592 duci
198 1547 524 1606 (3).Ia1nvero
573 1562 595 1589 a
641 1562 673 1590 s,
716 1545 891 1589 Thoma
939 1544 1010 1603 (4)
1059 1557 1098 1588 et
1141 1562 1162 1588 a
1207 1545 1484 1589 Scholasticis

58 1619 143 1664 hoc
175 1619 468 1663 communiter
503 1618 758 1672 admittitur,
792 1630 1011 1675 tamquam
1047 1617 1238 1674 primum
1273 1616 1380 1674 legis
1413 1633 1490 1660 na-

56 1690 204 1735 turalis
237 1702 547 1749 praeceptum:
579 1691 741 1733 Bonum
774 1697 826 1732 est
849 1687 1090 1746 faciendum
1124 1696 1157 1731 et
1210 1688 1367 1732 mallim
1414 1689 1486 1731 vi-

58 1764 242 1808 tandum.
276 1764 431 1822 Neque
465 1762 547 1806 ulla
580 1778 678 1806 sane
711 1763 817 1805 ratio
852 1772 929 1817 est,
964 1774 1038 1802 cur
1071 1759 1119 1802 ab
1152 1761 1201 1803 iis
1232 1760 1481 1804 recedamus

58 1835 236 1879 aliamve
269 1834 502 1879 formulam
535 1834 776 1878 afferamus,

149 2093 205 2138 (1)
231 2092 361 2128 Matth.
392 2092 509 2127 XXII.
542 2100 597 2135 37.

150 2154 208 2198 (2)
237 2153 374 2187 Homil.
404 2163 458 2197 72.
488 2152 523 2186 in
551 2150 678 2185 Matth.

148 2213 205 2256 (3)
234 2211 293 2248 Cf.
321 2212 470 2253 Carctti‚
500 2210 581 2245 Eth.
614 2221 690 2255 cap.
721 2209 782 2244 IV.
813 2219 960 2254 propos.
997 2219 1047 2243 10.

144 2273 201 2318 (4)
230 2272 269 2306 In
301 2283 331 2306 1.
363 2283 394 2306 2.
422 2284 454 2318 q.
494 2281 551 2318 94.
580 2282 610 2304 a.
643 2282 671 2304 1.
703 2270 813 2303 «Hoc
844 2278 896 2303 est
922 2269 1077 2314 primum
1107 2276 1337 2313 praeceptum
1367 2267 1472 2312 legi5‚

51 2331 137 2378 quod
164 2333 287 2367 bonum
318 2337 362 2366 est
383 2330 582 2376 faciendum
623 2335 652 2364 et
688 2328 968 2376 prosequendum,
996 2334 1025 2362 et
1062 2327 1188 2361 malum
1224 2325 1412 2368 vitandum,
1440 2335 1475 2360 et

48 2403 155 2438 super
181 2393 252 2427 hoc
278 2390 472 2425 fundantur
497 2390 622 2425 omnia
650 2389 719 2423 alia
746 2398 935 2435 praecepta
964 2387 1054 2433 legis
1081 2395 1272 2421 naturae.»
1303 2386 1345 2420 Et
1364 2384 1472 2431 paulo

47 2459 129 2495 post
155 2451 191 2485 in
219 2461 378 2497 respons.
408 2449 451 2484 ad
480 2455 535 2484 2.'¹²
561 2448 670 2483 addit:
714 2462 731 2479 «
750 2447 956 2483 Secundum
996 2446 1064 2479 hoc
1091 2455 1173 2480 sunt
1212 2444 1324 2480 multa
1365 2455 1471 2490 prae-

47 2519 151 2556 cepta
177 2510 267 2558 legis
294 2519 440 2546 naturae
466 2509 503 2543 in
531 2509 670 2554 seipsis,
698 2519 787 2554 quae
813 2516 934 2542 tamen
962 2505 1235 2541 communicant
1260 2505 1296 2538 in
1322 2515 1393 2537 una
1411 2513 1471 2537 ra·

50 2567 134 2605 dice.
154 2584 172 2601 a·
