1734 2784
801 63 1067 105 —182—

348 162 493 218 Itaque
536 160 691 202 merito
729 158 1036 202 condemnatur
1069 158 1110 200 in
1145 156 1316 215 Syllabo
1355 156 1426 216 (Ι)
1459 169 1650 215 sequens

231 232 493 288 propositio:
524 230 725 274 «Omnis
760 244 934 271 morum
969 227 1189 284 disciplina
1225 227 1512 285 honestasque
1547 224 1648 269 col-

231 300 358 343 locari
393 299 513 343 debet
545 301 587 342 in
621 298 885 342 cumulandis
919 310 959 341 et
993 297 1195 354 augendis
1229 298 1381 355 quovis
1415 298 1548 342 modo
1582 297 1654 342 di*

231 372 344 413 vitiis
377 384 417 413 et
449 370 734 428 voluptatibus
768 370 983 428 explendis
1016 387 1056 413 ».

352 445 419 498 67.
454 444 703 486 Senotion.
739 443 799 485 Ex
832 442 953 485 dictis
987 443 1028 484 iu
1061 441 1137 484 hac
1161 453 1201 483 et
1229 441 1506 498 praecedente
1535 440 1649 484 thesi

233 528 430 572 apparet,
464 530 671 572 quaenam
705 515 757 557 sit
789 529 886 557 vera
920 513 1173 557 moralitatis
1207 514 1345 571 ‘rae’gula
1379 531 1453 557 seu
1488 528 1653 558 norma.

233 585 386 641 Regula
418 587 459 627 in
492 601 567 628 sua
601 584 803 628 materiali
837 584 1149 641 significatione
1186 597 1248 627 est
1283 586 1615 628 instrumentum
1636 619 1654 640 ,.

233 672 320 713 quo
353 656 484 700 lineae
517 657 770 713 diriguntur.
804 658 909 700 Item
944 673 1086 699 norma
1126 658 1296 714 proprie
1335 657 1550 715 loquendo
1586 669 1648 699 est

234 729 566 771 instrumentum
602 729 651 771 ad
685 728 862 785 angulos
896 741 1032 771 rectos
1057 728 1360 782 conficiendos,
1385 730 1654 771 instrumen--

236 811 327 841 tum
362 798 533 852 scilicet,
568 799 618 841 ad
651 799 767 857 quod
801 801 835 841 si
869 799 1046 856 angulus
1083 800 1136 841 sit
1170 812 1356 856 exactus,
1393 812 1455 842 est
1489 811 1656 852 rectuS,.

237 885 259 912 a
290 886 376 927 quo
410 871 443 913 si
479 870 657 927 angulus
692 870 872 924 deficiat,
908 884 969 913 est
1003 886 1090 912 non
1125 884 1277 914 rectus.
1314 872 1467 924 Quum
1509 872 1660 928 itaque*

236 942 374 997 agitur
407 941 457 984 de
490 941 740 985 invenienda
774 942 1024 985 moralitatis
1062 942 1206 999 regula
1241 959 1313 986 seu
1338 958 1501 999 norma,
1525 958 1651 1000 quae-

238 1013 343 1055 ritur
374 1013 577 1070 quidnam
610 1015 663 1056 sit
697 1014 737 1056 id
756 1050 766 1067 ‚
802 1014 865 1056 cui
889 1015 922 1055 si
947 1015 1055 1056 actio
1079 1014 1133 1055 sit
1160 1012 1410 1068 conformiS,
1436 1025 1499 1056 est
1523 1025 1660 1068 ῖθθῖαγ

238 1100 260 1126 a
292 1099 378 1141 quo
413 1084 446 1125 si
488 1085 597 1127 actio
645 1086 697 1127 sit
746 1084 983 1141 difformis,
1019 1097 1080 1129 est
1128 1101 1213 1128 non
1264 1098 1375 1128 recta
1417 1085 1654 1128 moraliter.

238 1156 356 1198 Patet
388 1168 530 1199 autem
564 1172 613 1199 ex
647 1156 768 1200 dictis
803 1157 1006 1215 quidnam
1043 1157 1144 1200 huic
1194 1158 1432 1215 quaestioni
1481 1158 1533 1199 sit
1583 1173 1656 1200 re-

239 1227 569 1284 spondendum:
604 1228 695 1271 talis
730 1230 873 1286 regula
906 1245 979 1272 seu
1033 1244 1183 1271 norma
1238 1241 1299 1271 est
1348 1229 1442 1271 ordo
1465 1263 1475 1281 ,
1526 1243 1655 1286 quem

239 1297 424 1342 diximus
457 1300 695 1343 naturalem.
748 1301 861 1343 Huic
910 1301 1024 1343 enim
1063 1300 1201 1343 ordini
1248 1299 1458 1357 complete
1508 1300 1659 1342 consi--

242 1370 385 1413 derato
420 1372 454 1413 si
488 1372 597 1414 actio
632 1371 817 1414 humana
850 1371 1060 1429 complete
1095 1384 1277 1428 spectata
1296 1370 1367 1430 (2)
1392 1383 1453 1413 est
1477 1370 1659 1413 confor-

243 1442 339 1498 mis,
372 1454 434 1484 est
465 1457 562 1485 vere
595 1442 869 1500 absoluteqne
903 1455 1033 1495 recta,
1080 1458 1164 1485 non
1200 1454 1309 1485 recta
1343 1455 1418 1495 est,
1454 1443 1487 1484 si
1521 1442 1567 1485 ab
1603 1457 1654 1485 eo

243 1513 295 1555 sit
328 1512 553 1558 difformis.

363 1586 414 1627 Et
446 1601 543 1628 sane
577 1585 643 1628 hic
675 1585 770 1629 ordo
803 1585 1010 1628 naturalis
1033 1597 1095 1627 θεῖ
1121 1583 1292 1641 aliquid,
1318 1584 1383 1626 cui
1407 1595 1660 1641 competunt

241 1668 367 1699 notae
399 1672 473 1699 seu
508 1657 783 1711 characteres,
818 1657 890 1714 qui
935 1656 1103 1713 regulae
1137 1668 1176 1698 et
1225 1670 1429 1708 normae,
1479 1653 1529 1697 de
1577 1670 1658 1712 qua

245 1743 357 1771 nunc
389 1730 663 1786 quaerimu5‚
710 1728 810 1771 boni
856 1728 1039 1786 malique
1088 1726 1260 1769 moralis
1311 1725 1464 1769 debent
1506 1727 1658 1769 inesse.

244 1799 381 1842 Debet
413 1801 528 1843 enim
561 1816 651 1843 esse
682 1799 722 1858 α)
754 1815 905 1842 norma
937 1798 1180 1856 infallibilis,
1215 1798 1268 1839 ita
1302 1809 1347 1839 ut
1380 1812 1431 1839 ex
1461 1813 1507 1839 ea
1540 1796 1658 1839 diiu-

246 1869 386 1913 dicans
420 1870 655 1914 intellectus
689 1882 870 1928 nequeat
903 1885 1054 1926 errare,
1077 1867 1308 1911 reiiciendo
1344 1869 1450 1910 inter
1473 1868 1659 1910 actiones

247 1940 373 1984 malas
407 1941 586 1999 aliquam
622 1943 851 1994 actionem,
886 1956 990 1998 quae
1024 1955 1168 1996 reapse
1200 1938 1310 1982 bona
1344 1940 1411 1992 sit,
1444 1938 1509 1982 vel
1542 1940 1667 1982 vice-

245 2027 377 2056 versa.
412 2012 546 2056 Debet
579 2029 669 2056 esse
694 2013 738 2071 β)
772 2028 923 2055 norma
956 2012 1177 2055 necessaria
1211 2022 1251 2053 et
1287 2009 1568 2062 invariabilis,
1605 2010 1667 2052 ita

342 2187 399 2231 (1)
427 2189 569 2232 Paragr.
597 2187 677 2221 VII.
707 2197 854 2231 propos.
883 2185 936 2228 58.
966 2185 1019 2220 Cf.
1049 2185 1160 2219 etiam
1188 2194 1328 2229 propos.
1358 2181 1414 2225 64.

343 2246 399 2290 (2)
429 2247 501 2281 Cur
526 2245 703 2279 adduntur
727 2245 793 2279 hae
820 2246 950 2280 voces?
979 2245 1033 2279 Ad
1061 2242 1340 2291 significandum
1370 2241 1533 2275 ordinem
1560 2250 1667 2275 natu·

248 2305 370 2348 talem,
397 2305 594 2351 pariterque
621 2305 801 2338 actionem
832 2307 1025 2338 humanam
1055 2303 1184 2338 debere
1213 2300 1432 2335 considerari
1460 2299 1661 2346 adaequate,

250 2363 350 2397 illum
377 2364 575 2398 secundum
602 2375 730 2397 omnes
746 2375 830 2409 quas
856 2363 1111 2408 complectitur
1136 2360 1318 2396 naturales
1343 2360 1547 2401 relationes,
1567 2359 1661 2393 hanc

250 2435 324 2457 non
344 2423 453 2457 modo
472 2422 668 2457 secundum
687 2434 737 2464 se,
759 2422 817 2456 sed
839 2423 944 2456 etiam
967 2422 1166 2455 secundum
1186 2431 1323 2459 omnes,
1344 2419 1468 2465 quibus
1495 2418 1660 2460 afficitur,

253 2483 546 2517 circumstantias.
573 2483 680 2516 Secus
708 2481 877 2516 iudicium
917 2481 960 2515 de
997 2481 1145 2515 actionis
1187 2479 1390 2514 moralitate
1416 2477 1545 2523 poterit
1583 2488 1662 2512 esse

253 2541 384 2577 salsum
411 2542 468 2576 vel
495 2542 771 2588 incompletum.
794 2540 885 2576 Vide
906 2551 993 2586 quae
1020 2540 1177 2574 diximus
1213 2549 1329 2584 super.
1365 2547 1462 2571 uum.
1488 2535 1543 2581 63.
