1734 2784
792 102 1053 154 -155—

205 211 257 238 ex
291 195 511 237 coactione
540 209 584 235 s:
619 193 772 236 hahent
797 193 950 238 eodsm
989 193 1137 250 modo,
1164 194 1199 236 si
1227 194 1498 238 materialiter
1524 194 1635 238 actio

209 265 503 308 consideretur
538 273 680 317 trans„
724 266 758 306 si
798 263 1034 308 formaliter
1069 277 1108 307 et
1158 276 1352 322 respectu
1404 265 1633 308 voluntatis

211 353 317 394 nego.
354 336 418 379 Ad
453 350 525 379 rat.
561 335 654 379 add.
691 336 783 379 dist.
818 337 959 379 Metus
994 348 1034 379 et
1082 337 1243 379 coactio
1278 348 1377 379 sunt
1412 352 1534 379 causa
1565 351 1633 380 ac-

212 409 338 451 tionis
373 407 526 450 eodem
571 406 704 449 modo
739 423 846 463 nego,
896 407 978 449 alio
1028 419 1067 449 et
1101 406 1181 449 aiio
1239 406 1387 461 modo,
1430 407 1635 450 nimirum

212 492 350 521 metus
383 492 445 521 est
481 494 602 520 causa
636 477 822 534 moralis,
857 478 1020 520 coactio
1055 494 1156 520 vero
1191 490 1254 520 est
1289 493 1414 520 causa
1456 477 1635 535 physica

209 550 386 591 actionis
436 564 539 591 cine.
590 549 649 591 Ut
699 549 781 590 iam
830 547 1032 605 diximus,
1084 549 1172 606 ipsa
1222 550 1385 591 coactio
1438 547 1636 606 producit

211 620 384 677 physice
418 609 646 672 actionem,
698 620 1005 661 contranitente
1051 619 1288 672 voluntate,
1345 631 1484 662 metus
1531 634 1635 662 vero

211 705 296 732 non
334 690 503 747 physice
538 689 663 732 efficit
698 690 785 747 ipse
822 690 1051 743 actionem,
1088 690 1160 734 sed
1187 703 1333 733 movet
1367 689 1634 733 voluntatem

211 761 261 803 ad
295 760 551 803 eliciendum
601 774 671 803 aut
722 761 1012 818 imperandam
1061 761 1245 819 aliquem
1295 775 1452 816 actum,
1505 777 1634 819 quem

210 832 406 874 voluntas
443 834 482 873 in
518 831 606 874 aliis
643 848 784 875 rerum
819 831 1023 875 adiunctis
1059 849 1146 876 non
1181 846 1359 890 poneret
1393 832 1478 891 (Ι).

330 904 401 945 IV.
423 904 599 946 Instant.
615 905 745 961 Atqui
770 917 908 947 metus
927 917 988 948 est
1013 920 1135 947 causa
1154 904 1329 962 physica
1350 905 1483 962 ipsius
1505 903 1636 947 actio-

206 974 359 1017 nis—
388 975 559 1017 Etenim
595 974 823 1017 dicendum
859 991 957 1018 sane
991 988 1066 1028 est,
1105 988 1281 1019 metum
1331 992 1423 1019 esse
1467 990 1636 1019 causam

214 1044 436 1102 physicam
472 1046 665 1097 actionis,
693 1047 726 1087 si
761 1045 842 1099 ille,
875 1047 941 1088 cui
969 1059 1107 1089 metus
1139 1047 1360 1098 incutitur,
1380 1062 1467 1089 non
1497 1057 1638 1104 potest

211 1130 335 1171 agere
369 1115 486 1158 aliter
520 1132 649 1173 quam
684 1117 781 1173 agit,
816 1130 940 1174 atque
974 1133 1017 1159 se
1052 1133 1096 1160 se
1132 1117 1254 1160 habet
1291 1130 1511 1175 tamquam
1545 1132 1639 1159 me-

208 1202 305 1229 rum
342 1188 700 1243 instrumentum,
734 1189 850 1245 quod
885 1188 930 1231 ab
965 1188 1096 1231 altero
1135 1201 1346 1232 movetur.
1377 1189 1509 1247 Atqui
1553 1188 1640 1245 ille,

210 1259 278 1300 cui
315 1271 455 1301 metus
491 1260 709 1311 incutitur,
743 1275 830 1302 non
866 1272 1005 1316 potest
1038 1276 1164 1316 agere
1207 1260 1324 1303 aliter
1372 1276 1499 1317 quam
1532 1260 1636 1316 agit,

211 1343 339 1387 atque
374 1346 417 1372 se
451 1346 494 1372 se
529 1330 649 1373 habet
684 1343 902 1388 tamquam
940 1347 1104 1374 merum
1143 1333 1496 1388 instrumentum,
1521 1330 1638 1389 quod

211 1400 264 1442 ab
299 1400 427 1444 altero
464 1414 675 1444 movetur.
705 1402 817 1457 Ergo
843 1415 983 1444 metus
1008 1415 1069 1444 est
1094 1419 1217 1445 causa
1242 1402 1418 1460 physica
1441 1402 1636 1445 actionis,

212 1495 272 1503 —
304 1472 430 1528 Resp.
469 1473 575 1514 Dist.
612 1474 708 1515 mai.
749 1472 977 1515 dicendum
1011 1486 1074 1515 est
1109 1486 1275 1516 metum
1324 1489 1416 1516 esse
1466 1487 1637 1515 causam

214 1543 433 1599 physicam
469 1545 662 1599 actionis,
696 1545 729 1586 si
764 1543 846 1600 ille,
882 1545 947 1586 cui
981 1545 1197 1601 incutitur,
1234 1559 1321 1587 non
1358 1556 1500 1601 potest
1528 1544 1638 1601 phy-

206 1614 291 1655 sica
325 1613 669 1670 impossibilitate
703 1629 824 1670 agere
858 1613 981 1656 aliter
1016 1630 1144 1671 quam
1180 1615 1280 1671 agit,
1314 1626 1354 1657 et
1384 1615 1418 1656 si
1441 1629 1539 1656 vere
1574 1625 1636 1656 est

213 1699 381 1726 merum
416 1685 767 1735 instrumentum,
801 1684 917 1742 quod
952 1684 999 1727 ab
1034 1684 1166 1727 altero
1218 1698 1418 1728 movetur
1456 1684 1635 1742 physice,

213 1771 264 1798 eo
298 1768 421 1812 pacto
469 1772 555 1813 quo
604 1758 763 1799 securis
813 1769 1013 1800 movetur
1060 1756 1107 1799 ab
1152 1756 1307 1799 artifice
1341 1755 1463 1798 vela
1500 1754 1638 1798 milite

311 1965 367 2008 (1)
396 1966 489 2008 Apte
516 1975 541 1997 s.
570 1963 648 2005 Th„
671 1975 695 1998 1.
724 1974 754 1999 2.
776 1977 805 2010 q.
826 1963 859 2000 6.
882 1976 911 1998 a.
933 1975 963 2008 7.
984 1965 1026 1998 ad
1055 1971 1125 2000 2¹''.:
1158 1979 1174 1995 «
1195 1965 1256 2006 Ea,
1287 1976 1376 2010 quae
1402 1972 1557 2009 aguntur
1575 1974 1638 2009 per

216 2032 352 2056 metum
382 2031 413 2056 et
442 2034 501 2067 per
529 2022 613 2062 vim,
641 2034 713 2056 non
742 2023 861 2057 solum
890 2023 1055 2057 differunt
1083 2023 1279 2057 secundum
1312 2033 1479 2068 praesens
1507 2031 1542 2056 et
1579 2021 1637 2056 fu-

216 2091 346 2123 turum,
375 2081 435 2114 scd
463 2080 571 2114 etiam
598 2082 794 2115 secundum
822 2082 903 2124 hoc,
932 2082 1026 2128 quod
1056 2083 1090 2116 in
1119 2094 1173 2123 eo,
1201 2082 1295 2128 quod
1324 2082 1440 2128 agitur
1466 2093 1526 2126 per
1553 2081 1638 2123 vim,

215 2140 383 2174 voluntas
410 2151 483 2173 non
512 2141 701 2181 consentit,
729 2142 789 2175 sed
829 2142 979 2175 omnino
1007 2152 1058 2176 est
1089 2151 1213 2176 contra
1247 2153 1388 2176 motum
1429 2141 1635 2175 voluntatis:

215 2200 276 2233 sed
306 2199 349 2241 id,
378 2199 471 2244 quod
501 2211 562 2243 per
599 2209 735 2233 metum
762 2201 889 2246 agitur,
917 2201 954 2235 fit
994 2201 1237 2235 voluntarium
1276 2201 1356 2235 ideo
1399 2200 1477 2246 quia
1519 2208 1640 2234 motus

216 2259 410 2293 voluntatis
438 2258 547 2292 fertur
575 2260 607 2292 in
648 2260 774 2303 ipsum,
802 2260 883 2294 licet
923 2272 996 2294 non
1020 2265 1161 2307 propter
1187 2271 1228 2300 se,
1257 2260 1318 2294 sed
1353 2265 1495 2306 propter
1529 2257 1638 2300 aliud3

215 2319 350 2352 scilicet
377 2318 420 2351 ad
448 2317 693 2362 repellendum
722 2319 867 2360 malum,
897 2319 992 2365 quod
1019 2320 1179 2353 timetur:
1210 2319 1337 2353 sufficit
1377 2319 1473 2353 enim
1500 2317 1545 2352 ad
1582 2329 1637 2352 ra-

215 2380 353 2412 tionem
380 2377 582 2419 voluntarii,
610 2378 705 2424 quod
733 2380 775 2412 sit
803 2388 948 2424 propter
975 2379 1070 2412 aliud
1100 2379 1354 2414 voluntarium.
1382 2377 1638 2412 Voluntarium

217 2438 310 2471 enim
339 2446 389 2470 est
417 2448 491 2470 non
520 2437 638 2470 solum
666 2437 759 2482 quod
789 2447 933 2482 propter
960 2440 1117 2483 seipsum
1146 2438 1326 2474 volumus,
1354 2446 1391 2471 ut
1429 2437 1550 2474 finem,
1576 2435 1638 2469 sed

217 2497 325 2531 etiam
355 2497 446 2541 quod
477 2507 619 2541 propter
645 2497 739 2530 aliud
766 2497 947 2540 volumus,
977 2506 1011 2530 ut
1053 2507 1198 2543 propter
1238 2497 1354 2532 finem.
1398 2498 1497 2532 Patet
1535 2507 1636 2541 ergo,

217 2554 313 2602 quod
343 2556 375 2587 in
405 2566 458 2594 eo,
488 2555 581 2600 quod
610 2568 672 2601 per
699 2556 771 2589 vim
800 2557 925 2601 agitur,
954 2557 1120 2590 voluntas
1145 2558 1292 2591 interior
1318 2556 1407 2590 nihil
1434 2555 1557 2601 agit.»
