1734 2784
198 164 507 221 obligationem
545 163 685 207 divina
719 164 913 207 voluntas
949 164 1151 222 approbat
1185 180 1231 208 ac
1263 165 1352 209 vult
1390 166 1470 226 (id,
1508 167 1626 226 quod

200 252 272 292 per
296 239 434 292 ipsum
462 235 648 278 naturale
671 235 816 279 lumen
843 237 1016 279 rationis
1037 235 1083 278 ab
1104 236 1281 280 homine
1303 238 1625 297 cognoscitur),

197 320 235 348 et
272 308 329 348 sic
364 321 518 349 novam
555 318 593 348 et
627 321 770 349 veram
821 306 983 349 inducit
1018 306 1358 365 obligationem,
1392 309 1447 351 ita
1496 320 1542 352 ut
1589 309 1625 352 si

198 376 448 419 antecedens
483 376 551 418 illa
585 376 789 434 obligatio
825 392 910 420 non
960 376 1160 435 daretur,
1193 395 1243 421 ex
1292 378 1435 421 divina
1478 391 1624 422 tamen

198 447 414 489 voluntate
449 460 695 503 exsurgeret
719 463 818 490 vera
842 447 1046 504 obligatio
1083 448 1269 506 ponendi
1303 449 1369 492 vel
1393 447 1626 492 omittendi

197 518 284 560 illas
319 519 519 560 actioneS.
555 518 750 561 Iamvero
792 518 841 561 de
876 518 952 561 bac
991 521 1198 562 sententia
1237 519 1324 563 duo
1364 521 1624 564 statuimus:

202 615 252 619 -
273 601 365 631 toto
401 587 516 631 caelo
552 588 690 631 differt
724 604 744 630 a
777 588 941 631 theoria
975 590 1536 634 Rationalistarum—-non
1564 602 1626 634 est

199 673 342 702 tamen
377 659 652 703 admittenda.

323 744 414 785 125.
451 731 832 774 DEMONSTRATIO.
869 732 900 774 Ι.
938 732 1162 784 Quantum
1189 732 1290 776 haec
1314 733 1523 776 sententia
1545 731 1625 776 dif-

198 799 301 842 ferat
334 817 355 843 a
388 800 553 843 theoria
587 801 981 855 Rationalistarum‚
1016 815 1155 859 aperte
1199 815 1312 860 patet
1362 819 1412 846 ex
1461 801 1620 861 duplici

198 873 479 928 potissimum
504 873 651 930 capite.
672 899 727 905 —
758 873 798 931 2)
824 872 957 917 Nullo
979 873 1109 916 modo
1129 873 1367 917 admittitur
1385 873 1623 917 humanam

199 944 406 985 rationem
442 942 593 986 babere
637 960 684 986 ex
719 960 756 987 50
806 945 893 986 vim
943 944 1234 1001 obligativam.
1267 946 1370 990 Non
1409 958 1471 988 est
1519 960 1619 988 sane

200 1014 307 1056 ratio
342 1014 541 1071 humana,
566 1031 671 1072 quae
706 1015 830 1058 rebus
867 1014 1029 1072 affingit
1063 1015 1175 1059 illam
1210 1017 1486 1059 intrinsecam
1519 1031 1620 1060 con-

201 1086 458 1128 venientiam
493 1087 558 1128 vel
593 1086 1019 1140 disconvenientiam,
1044 1104 1094 1130 ex
1128 1103 1208 1146 qua
1241 1087 1446 1144 obligatio
1480 1087 1621 1146 aliqua

202 1156 356 1199 dicitur
390 1173 633 1214 exsurgere3
669 1158 742 1201 sed
778 1175 841 1201 res
874 1160 988 1216 ipsae
1022 1158 1127 1202 banc
1162 1159 1509 1202 convenientiam
1559 1158 1627 1202 vel

202 1226 609 1271 disconvenientiam
644 1228 850 1272 obiiciunt
883 1231 1036 1273 rationi
1071 1229 1428 1287 cognoscendam.
1472 1231 1623 1288 Itaque

202 1299 307 1341 ratio
326 1315 495 1356 semper
524 1312 664 1343 manet
689 1302 945 1358 principium
969 1301 1269 1358 cognoscendae,
1295 1317 1381 1343 non
1402 1300 1626 1358 gignendae

202 1368 488 1425 obligationis.
508 1396 563 1403 —
589 1371 634 1429 β)
652 1371 782 1414 Nullo
803 1371 935 1414 modo
955 1385 1133 1428 negatur
1151 1371 1339 1415 divinam
1358 1371 1624 1415 voluntatem

202 1439 354 1482 habere
386 1456 433 1484 ex
465 1457 503 1484 se,
536 1442 624 1484 vim
651 1441 880 1499 obligandi:
922 1444 1173 1499 praesertim
1198 1458 1298 1485 vero
1324 1457 1412 1485 non
1443 1454 1624 1499 negatur

203 1511 298 1553 Deo
330 1512 396 1554 ius
428 1511 671 1555 absolutum
706 1513 919 1570 obligandi
945 1526 1178 1556 creaturam
1213 1512 1478 1566 rationalem,
1515 1528 1624 1570 quo-

203 1581 526 1642 modocumque
558 1583 754 1637 voluerit,
788 1583 846 1626 illi
881 1585 1007 1627 etiam
1055 1583 1384 1642 praescribendo
1419 1599 1482 1641 ea,
1516 1598 1624 1640 quae

204 1665 302 1695 sunt
332 1670 459 1712 supra
490 1655 691 1698 naturalis
727 1656 905 1698 rationis
941 1668 1124 1714 captum.

322 1726 374 1768 H.
407 1725 707 1770 Nihilominus
731 1727 832 1771 haec
855 1727 1099 1785 aliquorum
1123 1726 1487 1771 Scholasticorum
1521 1741 1623 1770 sen-

202 1796 332 1838 tentia
363 1796 434 1855 (1)
467 1812 554 1840 non
588 1810 664 1855 est,
698 1810 743 1840 ut
776 1797 898 1841 nobis
932 1798 1115 1855 videtur,
1149 1796 1422 1841 admittenda.

320 1866 665 1910 Fundamentum
710 1869 855 1925 enim,
890 1884 976 1926 quo
1024 1869 1248 1926 praecipue
1298 1867 1523 1920 innititur,
1559 1878 1624 1910 est

203 1936 437 1981 infirmum.
465 1957 486 1979 «
507 1939 749 1996 Quaedam,
783 1940 837 1982 ait
871 1941 1136 1997 Vasquesius
1169 1939 1258 1998 (2),
1286 1940 1342 1981 ita
1375 1955 1426 1981 ex
1448 1954 1492 1981 se
1515 1937 1625 1981 mala

202 2020 242 2049 et
275 2021 442 2064 peccata
475 2021 586 2066 sunt,
621 2021 666 2051 ut
700 2026 749 2052 ex
783 2009 893 2052 nulla
927 2010 1148 2053 voluntate
1182 2010 1312 2052 etiam
1337 2009 1434 2064 Dei,
1468 2022 1622 2050 eorum

203 2078 435 2134 prohibitio
457 2079 638 2136 pendeat
744 2081 882 2122 immo
906 2081 961 2123 ita
985 2092 1082 2122 sunt
1107 2096 1157 2123 ex
1180 2095 1222 2122 se
1247 2077 1369 2135 mala,
1394 2090 1439 2120 ut
1468 2092 1622 2120 eorum

203 2149 361 2192 malitia
416 2150 636 2207 praecedat
677 2151 913 2194 secundum
963 2152 1173 2194 rationem
1222 2164 1351 2192 omne
1405 2147 1622 2191 iudicium

296 2407 351 2450 (ι)
379 2406 481 2440 Hanc
508 2407 722 2440 sententiam
749 2415 868 2440 tuetur
895 2406 1004 2441 Gabr.
1033 2406 1208 2452 VasqueZ.
1227 2404 1319 2440 Vide
1337 2404 1374 2438 in
1406 2414 1432 2438 1.
1461 2413 1493 2437 2.
1514 2402 1608 2448 disp.

207 2465 261 2507 58,
291 2474 348 2509 90,
379 2464 434 2508 96,
465 2475 519 2510 97,
549 2474 582 2500 et
610 2465 708 2500 alibi.

297 2524 479 2567 (2)11]1.
513 2520 541 2559 Ξ,
574 2537 607 2569 q.
642 2535 718 2568 150.
747 2536 775 2558 e.
806 2535 836 2569 3.
