1734 2784
243 177 339 218 116.
373 175 697 218 DECLARATIO.
730 174 763 216 I.
801 171 1024 230 Obligatio
1057 170 1126 230 (ut
1156 172 1300 229 ipsum
1331 182 1542 229 etymon,

111 263 146 293 a
178 247 354 306 ligando,
388 246 497 290 clare
530 245 690 304 innuit)
713 257 775 289 est
796 243 1013 303 quoddam
1050 243 1182 287 Veluti
1214 243 1434 287 vinculum
1468 259 1543 286 vo-

117 320 272 364 luntati
304 319 529 371 humanae,
566 318 725 375 quippe
758 333 864 375 quae
897 315 947 360 ad
979 315 1141 358 bonum
1183 314 1432 374 malumque
1480 327 1545 359 est

119 390 265 445 libera,
297 391 519 434 iniectum.
544 390 641 431 Hoc
674 400 817 431 autem
849 386 1071 431 vinculum
1102 386 1169 430 vel
1202 398 1266 429 est
1297 388 1444 430 coactio
1476 385 1543 430 vel

115 464 334 507 necessitas
365 460 510 519 agendi
541 459 725 519 differens
758 475 783 502 a
805 460 1016 502 coactione.
1041 451 1171 515 Atqui
1194 472 1281 500 non
1304 469 1367 500 est
1387 458 1545 501 coactio:

120 533 341 591 siquidem
374 532 476 575 haec
509 543 720 589 repugnat
750 530 957 573 voluntati
991 528 1077 588 (1).
1106 530 1221 586 Ergo
1254 541 1317 571 est
1348 529 1548 586 quaedam

121 605 335 648 necessitas
368 602 512 660 agendi
543 617 568 645 a
601 603 800 656 coactione
832 599 1037 658 differens,
1073 616 1180 658 quae
1211 600 1463 657 exprimitur
1497 600 1547 642 iis

125 674 318 729 vocibus,
351 674 480 727 debeo,
514 683 655 726 teneor,
688 671 754 715 vel
787 673 837 714 iis
870 671 1074 714 absolutis
1108 671 1318 725 formulis,
1351 672 1419 715 hoc
1451 671 1551 714 mihi

121 755 185 789 ,est
218 745 469 799 faciendum,
504 744 554 788 ab
590 746 658 788 hoc
692 752 745 787 est
777 743 1072 786 abstinendum.
1098 743 1293 786 Iamvero
1315 758 1448 800 quum
1472 741 1549 784 hac

124 818 252 860 unica
283 829 385 860 nota
418 829 650 874 conceptus
686 832 761 859 seu
795 813 985 858 definitio
1020 813 1292 870 obligationis
1315 828 1403 857 non
1428 812 1548 871 plene

122 887 381 941 absolvatur,
404 888 672 945 inquiramus
696 886 891 938 ulterius,
918 884 1164 928 cuiusmodi
1188 885 1242 927 sit
1273 884 1373 928 haec
1396 882 1549 941 agendi

123 960 356 1002 necessitas
390 974 412 1001 a
445 958 664 1001 coactione
699 956 910 1010 differens,
963 971 1068 1013 quae
1103 955 1407 1012 obligationem
1444 969 1554 997 con-

129 1031 287 1074 stituit.

252 1102 492 1147 Necessitas
541 1099 693 1157 agendi
727 1115 749 1142 a
782 1101 1001 1142 coactione
1057 1098 1251 1142 differens
1289 1110 1431 1155 potest
1464 1113 1557 1140 esse

127 1173 307 1232 duplex,
331 1172 397 1216 vel
420 1172 645 1216 subiectivcz
677 1171 743 1214 vel
777 1170 979 1214 obiectiva.
1005 1172 1079 1213 Est
1105 1169 1347 1224 subiectiva‚
1381 1168 1558 1226 quando

129 1244 381 1288 immediate
413 1244 604 1286 inhaeret
634 1243 813 1285 actionis
837 1243 1048 1300 principio
1072 1254 1111 1284 et
1136 1242 1278 1298 ipsum
1302 1239 1559 1283 determinat

132 1315 311 1374 physice
345 1331 397 1358 eo
431 1327 568 1373 pacto,
589 1330 676 1372 quo
709 1313 829 1356 bruta
862 1314 1171 1356 necessitantur
1195 1312 1368 1370 physice
1391 1310 1442 1354 ad
1466 1326 1560 1354 cer-

134 1400 204 1430 tos
249 1399 380 1444 actus,
430 1401 539 1444 quos
591 1398 824 1443 spontanee
870 1397 1037 1442 ponunt
1088 1400 1132 1427 ac
1182 1384 1437 1427 naturaliter.
1487 1383 1561 1425 Est

135 1458 361 1515 obiectiva,
395 1456 568 1516 quando
605 1469 747 1500 manet
779 1468 817 1499 et
850 1455 986 1499 elucet
1018 1456 1059 1498 in
1094 1456 1268 1498 rationis
1312 1454 1562 1511 cognitione

139 1541 180 1572 et
212 1528 480 1572 voluntatem
513 1542 600 1570 non
636 1538 782 1570 movet
816 1539 861 1569 ut
885 1542 1006 1569 causa
1033 1525 1224 1583 physica,
1247 1525 1320 1568 sed
1344 1525 1563 1568 dumtaxat

136 1613 186 1644 ut
219 1615 343 1643 causa
375 1598 563 1643 moralis,
598 1599 729 1656 Atqui
766 1597 969 1655 obligatio
1019 1612 1105 1639 non
1139 1609 1201 1639 est
1233 1596 1385 1652 agendi
1418 1611 1562 1639 neces-

134 1672 240 1714 sitas
272 1672 505 1714 sztbiecliva.
541 1670 713 1713 Etenim
747 1682 847 1712 tunc
871 1668 1068 1711 voluntas
1101 1684 1154 1710 ne
1178 1667 1356 1724 physice
1389 1665 1563 1724 quidem

140 1754 288 1801 posset
328 1741 443 1785 illam
491 1740 743 1797 transgredi,
792 1740 909 1783 aliter
958 1739 1137 1795 agendo:
1189 1739 1302 1795 atqui
1347 1750 1387 1781 et
1421 1753 1566 1794 reapse

142 1813 501 1872 transgredimur,
536 1825 576 1855 et
609 1811 780 1869 quando
815 1828 906 1854 eam
941 1827 1027 1854 non
1049 1809 1279 1862 violamus,
1315 1810 1468 1852 intime
1500 1820 1567 1851 ta-

144 1900 246 1928 men
278 1886 489 1928 sentimus
523 1884 789 1927 voluntatem
825 1896 1013 1925 nostram
1038 1882 1219 1925 retinere
1246 1880 1468 1938 physicam
1490 1893 1568 1937 po-

143 1969 341 2000 testatem
376 1972 469 1999 eam
504 1954 860 2012 transgrediendi.
908 1955 1023 2010 Ergo
1056 1966 1118 1996 est
1150 1951 1303 2009 agendi
1336 1952 1565 1994 necessitas

140 2019 358 2082 obiectivci‚
393 2043 466 2071 seu
501 2043 575 2084 per
609 2027 820 2069 rationem
855 2026 1039 2081 cognita,
1088 2040 1193 2082 quae
1242 2022 1351 2066 solet
1401 2023 1571 2066 moralis

148 2099 367 2157 appellari,
404 2111 551 2156 utpote
588 2113 768 2140 movens
803 2096 854 2139 ad
887 2096 1066 2139 modum
1101 2111 1247 2138 causae
1284 2093 1458 2137 moralis
1484 2092 1569 2151 (2).

149 2173 205 2214 At
240 2186 385 2214 rursus
431 2186 517 2213 non
552 2185 851 2227 quaecumque
893 2168 1043 2224 agendi
1075 2168 1302 2210 necessitas
1347 2164 1574 2220 obiectiva,

151 2257 225 2284 scu
261 2257 333 2299 per
369 2242 577 2284 rationem
623 2241 792 2296 cognita
838 2240 1058 2282 constituit
1107 2238 1426 2294 obligationem.
1461 2237 1575 2279 Hinc

250 2496 308 2540 (x)
338 2494 394 2530 Cf.
424 2506 521 2528 num.
555 2495 610 2538 54.
641 2463 723 2539 pag.
759 2501 832 2539 159.

254 2554 310 2599 (2)
338 2555 429 2590 Vide
458 2565 560 2589 num.
590 2563 648 2596 44.
682 2564 761 2598 pag.
795 2561 883 2595 1345
911 2551 992 2585 vide
1019 2551 1127 2585 etiam
1155 2562 1237 2595 pag.
1271 2559 1348 2593 150.
1374 2549 1493 2584 adnot.
1525 2555 1583 2583 13¹³
