1734 2784
151 223 155 226 ’
201 235 277 260 111.
302 225 622 260 Demonstratio.
639 244 680 249 —-
703 235 732 260 1.
751 223 967 270 Multiplicia
984 223 1072 271 Iegis
1099 224 1274 259 naturalis
1299 236 1406 270 prae—

292 292 394 331 cepta
420 293 574 330 possunt
599 284 732 331 absque
758 283 832 318 ullo
861 293 1010 335 externo
1051 285 1156 330 signo
1185 296 1246 329 per
1283 283 1404 317 solum

291 345 456 379 naturale
481 345 630 380 rationis
655 344 779 378 lumen
807 345 993 390 cognosci:
1016 363 1060 368 —-
1079 354 1148 389 qua
1178 343 1213 377 in
1242 355 1279 377 re
1304 343 1410 378 valde

295 404 414 440 differt
452 404 509 439 lex
547 404 717 439 naturalis
748 415 766 438 a
800 404 966 449 positiva:
997 404 1244 450 —huiusque
1283 404 1409 438 discri-

293 464 402 498 minis
428 463 559 509 duplex
586 472 638 498 est
663 463 767 497 ratio.
793 483 838 488 --
858 472 888 496 2.
907 463 1025 497 Immo
1053 463 1277 509 generaliora
1318 463 1409 508 legis

293 522 467 557 naturalis
485 531 675 569 praecepta
695 531 876 568 nequeunt
896 523 937 556 ab
956 522 1107 556 homine
1125 522 1274 557 ratIOnis
1301 533 1406 556 usum

292 573 448 616 habente
474 581 730 616 invincibiliter
754 581 925 627 ignorari:
944 602 986 606 -
1002 590 1082 616 sunt
1111 581 1208 616 enim
1236 580 1408 615 facillima

293 660 338 667 —-
365 649 400 675 et
426 641 648 675 conscientia
674 640 791 686 pulsat
819 641 854 674 in
883 640 1021 674 actibus
1049 652 1186 676 eorum:
1206 660 1249 665 —
1278 639 1406 674 confir-

294 700 406 735 matio
426 711 469 734 ex
486 699 636 746 paritate
655 711 734 733 cun]
755 698 879 733 ordine
908 699 1126 744 speculativo
1142 719 1185 724 —
1201 709 1234 734 et
1252 711 1292 733 ex
1311 698 1408 733 facto

292 760 465 795 historice
491 768 603 794 certO.
620 780 656 784 —
679 770 709 804 3.
728 759 860 793 Utrum
879 758 957 793 fleri
975 759 1100 804 possit,
1117 767 1154 793 ut
1182 758 1333 801 adultus,
1353 771 1410 792 ra·

295 820 406 854 tionis
431 830 536 853 usum
563 819 699 853 habens
716 847 723 859 ,
751 819 978 853 existentiam
1006 819 1108 852 Entis
1147 820 1304 864 supremi
1344 820 1408 853 sub

295 888 475 925 conceptu
500 879 718 925 legislatoris
738 879 889 913 omnino
910 884 942 912 et
965 878 1220 913 invincibiliter
1245 879 1400 924 ignoret.

205 950 280 975 112.
320 940 529 975 Scholion.
554 957 594 963 —-
626 939 881 974 Difficultates:
924 958 960 962 -
991 947 1045 973 tot
1084 947 1275 984 tantaeque
1314 939 1407 974 inter

293 999 391 1045 ipsos
416 999 468 1032 rei
494 996 640 1032 moralis
659 998 827 1032 doctores
854 999 1034 1043 agitantur
1055 998 1337 1032 controversiae:
1369 1019 1407 1022 —

296 1057 449 1092 historia
476 1065 594 1090 narrat
622 1055 756 1090 multos
783 1056 969 1101 ignorasse
997 1065 1187 1102 praecepta
1215 1056 1407 1090 naturalia:

294 1136 339 1143 -
366 1118 396 1151 si
420 1116 477 1151 lex
503 1115 674 1150 naturalis
702 1125 752 1150 est
780 1115 870 1149 adeo
899 1116 1097 1161 perspicua,
1126 1115 1156 1149 ei
1184 1116 1282 1149 deest
1323 1127 1408 1161 pro-

297 1176 487 1222 mulgatio:
516 1184 602 1209 tunc
630 1183 749 1209 antem
789 1186 949 1220 quonam
979 1183 1084 1220 pacto
1114 1184 1163 1209 est
1201 1187 1283 1208 vere
1319 1186 1406 1220 pro-

297 1236 445 1282 prieque
473 1234 540 1269 lex.
570 1254 613 1259 —
639 1234 919 1279 Responsiones
985 1262 992 1268 .
1042 1243 1055 1268 t
1107 1261 1410 1269 ......

105 1307 286 1352 Thesis
319 1307 572 1350 XXXVIII.
610 1330 666 1338 —
708 1306 856 1348 Unitus
905 1306 990 1348 iure
1037 1315 1257 1349 recensetur
1307 1308 1409 1348 inter

288 1377 397 1421 dotes
430 1377 521 1433 legis
552 1377 767 1418 naum-llis.-
813 1377 995 1432 primum
1028 1376 1163 1418 instem
1201 1378 1240 1418 in
1275 1376 1411 1419 ordine

286 1449 522 1506 cognitionis
550 1449 816 1506 principium,
854 1449 892 1489 in
927 1464 1001 1504 qno
1035 1457 1158 1490 cetera
1194 1448 1286 1503 legis
1331 1463 1412 1490 mz—

286 1520 433 1564 taralis
461 1527 673 1577 praecepta
707 1520 930 1571 uniuntur,
966 1527 1019 1561 est
1052 1519 1132 1562 hoc:
1158 1518 1305 1561 bonnm
1335 1535 1410 1562 0551·

277 1591 528 1650 faciendum,
563 1589 718 1632 malum
750 1590 982 1633 vitondmn.
1029 1625 1037 1633 .

209 1686 280 1721 113.
307 1674 626 1709 Demonstratio.
657 1693 699 1698 -
725 1672 941 1718 Multiplicia
968 1673 1058 1719 legis
1097 1673 1269 1706 naturalis
1312 1684 1414 1718 prae-

300 1743 404 1780 eepta
432 1732 660 1766 uniuntur—
687 1731 723 1765 in
764 1743 834 1765 uno
876 1731 946 1765 sine
976 1752 1015 1756 ω
1043 1731 1078 1765 in
1106 1743 1178 1765 uno
1208 1731 1414 1775 legislatore

301 1815 335 1819 —
360 1794 397 1827 in
426 1803 498 1826 uno
527 1792 643 1838 primo
671 1791 863 1836 principio.
882 1810 926 1816 —
945 1791 1073 1825 Sermo
1096 1800 1147 1825 est
1176 1790 1217 1824 de
1238 1791 1414 1836 principio

299 1853 417 1899 primo
445 1871 488 1877 —
515 1862 589 1885 non
616 1850 651 1884 in
681 1850 804 1884 ordine
832 1850 1016 1896 dignitatis
1045 1871 1076 1876 -
1098 1861 1214 1895 neque
1235 1850 1269 1883 in
1289 1849 1416 1883 ordine

300 1911 441 1945 virtutis
460 1908 582 1943 —sed
613 1909 646 1942 in
675 1908 800 1942 ordine
833 1907 1054 1953 cognitionis
1091 1917 1248 1942 nostrae.
1278 1926 1321 1932 -
1359 1909 1414 1942 De

299 1979 399 2005 recto
440 1980 545 2003 sensu
573 1967 750 2014 principii,
777 1968 870 2014 quod
900 1979 925 2002 5.
953 1966 1119 2001 Thomas
1160 1968 1331 2013 assignat:
1355 1966 1417 2012 sac

302 2031 436 2069 bonum,
469 2030 545 2061 vita
573 2027 711 2061 malum.
732 2047 772 2051 —
793 2025 918 2068 Effata,
938 2038 1027 2072 quae
1046 2026 1088 2060 ab
1108 2026 1186 2059 aliis
1206 2025 1414 2060 auctoribus

299 2095 561 2135 proponuntur,
588 2086 645 2120 vel
678 2084 766 2119 salsa
792 2094 874 2120 sont
904 2105 942 2109 ——
963 2085 1020 2118 vel
1040 2085 1278 2130 inadaequata
1303 2104 1335 2109 —-
1360 2083 1416 2117 vel

301 2148 421 2183 minus
448 2146 540 2181 clara
569 2154 603 2180 et
633 2145 823 2190 simplicia,
842 2156 949 2191 quam
969 2144 1055 2178 illud
1074 2156 1091 2178 a
1111 2156 1139 2179 s.
1164 2144 1309 2178 Thoma
1337 2154 1418 2189 pro-

301 2207 461 2254 positum
467 2230 1231 2241 ..............
1289 2230 1296 2237 .

213 2276 288 2310 114.
319 2265 530 2301 Scholion.
557 2283 601 2288 —
627 2263 682 2298 De
709 2261 852 2308 reliquis
881 2262 971 2308 legis
991 2261 1095 2296 huius
1114 2261 1270 2295 dotibus.
1295 2281 1336 2286 -
1356 2261 1415 2295 Est

301 2324 359 2360 lex
386 2334 468 2357 vera
496 2342 539 2348 —
566 2322 686 2356 divina
711 2341 756 2346 —
783 2321 982 2355 necessaria
1003 2342 1036 2346 —
1066 2319 1275 2355 universalis
1299 2340 1332 2344 -
1357 2320 1415 2353 in-

302 2381 463 2417 delebilis
488 2400 533 2406 —-
560 2390 716 2415 aeterna.
742 2399 787 2404 —
816 2381 900 2421 Quo
928 2391 1034 2413 sensu
1070 2379 1157 2414 haec
1184 2379 1227 2412 de
1266 2378 1417 2413 naturali

302 2442 382 2487 lege
408 2439 657 2487 praedicentur
661 2463 1417 2476 ..............

208 2503 238 2549 §-
262 2503 308 2538 V.
332 2501 386 2536 De
412 2500 613 2547 obligatione
639 2499 721 2545 legis
747 2499 929 2534 naturalis.
989 2523 1417 2534 ........

1466 1243 1531 1278 314

1489 2202 1534 2236 ib.

1470 2445 1539 2482 320
