1734 2784
736 128 788 134 -
830 116 908 158 147
943 128 1000 136 —

152 215 298 262 potest
323 199 614 244 voluntarium
648 199 854 251 imminui,
888 197 971 241 hoc
1004 213 1149 250 sensu,
1184 197 1302 256 quod
1337 211 1400 241 est
1442 199 1588 242 minus

146 275 371 336 perfectum
402 272 487 331 (1)
522 270 882 327 Concupiscentia
924 270 1042 313 enirn
1075 269 1326 313 antecedens
1362 271 1578 328 perturbat

152 348 381 401 rationem,
404 359 534 401 quam
554 342 684 386 veluti
701 341 794 399 figit
818 342 860 384 in
879 339 1223 384 consideratione
1242 340 1343 384 boni
1368 342 1579 386 sensibilis

150 432 196 462 ‘et
228 417 378 461 avertit
411 414 459 457 ab
493 426 652 457 attenta
684 412 1026 457 consideratione
1061 412 1263 466 aliorum,
1299 429 1404 471 quae
1445 428 1587 458 tamen

148 490 295 534 forent
327 485 564 545 spectanda.
595 485 698 538 «Si,
732 485 870 542 inquit
904 485 1060 527 Suarez
1094 483 1181 542 (2),
1216 485 1258 527 in
1294 485 1363 528 tali
1412 486 1587 531 obiecto

149 561 202 620 (i.
237 576 272 603 e.
305 559 420 602 bono
454 556 667 622 sensibili).
697 556 855 614 aliquid
889 568 951 599 est
992 555 1248 600 difficultatis
1299 571 1370 601 aut
1418 561 1590 603 incom-

151 631 290 688 modi,
322 629 427 673 illud
461 629 656 682 occultat,
686 644 760 672 seu
786 627 895 681 facit,
916 640 961 671 ut
984 643 1071 671 non
1092 630 1247 673 attente
1278 631 1587 693 consideretur:

151 716 196 747 et
228 703 325 746 ideo
359 701 516 745 dicitur
550 715 829 758 corrumpere
865 701 1209 744 aestimationem
1242 702 1508 759 prudentiae:
1546 718 1586 748 et

151 786 380 832 propterea
414 772 516 816 illud
549 785 739 830 tempus,
782 772 824 814 in
859 786 945 828 quo
983 771 1117 815 homo
1152 786 1214 816 est
1246 773 1417 817 affectus
1442 775 1590 819 huius-

150 845 273 888 modi
309 845 504 902 passione
539 844 689 901 aliqua‚
724 859 811 886 non
850 856 1044 886 censetur
1077 856 1225 902 aptum
1261 845 1310 889 ad
1337 847 1590 901 consilium,

149 932 292 973 neque
326 915 375 959 ad
410 915 616 958 iudicium
652 914 877 958 ferendum
913 915 964 958 de
999 914 1125 958 rebus
1168 917 1357 974 agendis.
1392 936 1411 958 ³>
1465 921 1591 973 Quae

150 988 299 1030 omnia
333 988 431 1030 satis
466 986 590 1030 docet
626 988 716 1045 ipsa
750 988 1021 1042 experientia.
1062 988 1215 1031 Iamve
1230 1004 1277 1031 ro
1313 990 1429 1047 quod
1463 989 1508 1033 fit
1542 1008 1592 1034 ex

149 1060 387 1115 semiplena
422 1060 670 1115 cognitione
703 1058 958 1114 intellectus,
990 1074 1077 1102 non
1112 1061 1257 1103 omnia
1290 1062 1367 1104 rite
1402 1078 1588 1120 perpen-

149 1129 306 1185 dentis,
324 1129 427 1172 illud
448 1143 510 1173 est
533 1129 823 1173 voluntarium
846 1130 1161 1187 imperfectum.
1185 1156 1241 1164 —
1268 1131 1312 1190 β)
1334 1131 1421 1175 Sub
1456 1132 1590 1177 altero

152 1213 384 1258 respectu,
431 1199 511 1243 dici
562 1213 701 1258 potest
749 1200 1044 1245 voluntarium
1092 1205 1247 1261 angeri,
1304 1203 1386 1246 hoc
1431 1220 1590 1259 sensu,

148 1272 270 1330 quod
304 1273 514 1314 intensior
547 1285 608 1314 est
641 1272 710 1330 (ut
744 1274 833 1330 ipsa
869 1275 997 1316 etiam
1031 1276 1292 1332 experientia
1326 1275 1473 1335 docet)
1508 1277 1593 1319 im-

151 1355 276 1400 petus
309 1358 383 1386 seu
419 1355 613 1400 conatuS‚
648 1360 735 1401 quo
770 1344 968 1388 voluntas
1004 1347 1372 1404 concupiscentiae
1412 1346 1592 1390 ductum

149 1429 337 1470 sequens
358 1450 367 1466 ‚
403 1413 604 1457 adhaeret
641 1414 756 1458 bono
803 1417 980 1474 sensili,
1014 1433 1065 1460 eo
1109 1418 1226 1475 quod
1260 1417 1495 1474 pulchrius,
1530 1420 1594 1461 ia-

149 1483 288 1538 cilius,
323 1486 499 1528 suavius
534 1499 717 1543 apparet.
754 1488 855 1529 Hoc
889 1503 1016 1530 sensu
1051 1488 1154 1531 dixit
1188 1504 1219 1531 s,
1258 1488 1456 1532 Thomas
1495 1488 1594 1547 (3),

152 1573 177 1595 <‹
202 1555 320 1613 quod
341 1556 689 1613 concupiscentia
711 1573 799 1600 non
823 1570 964 1601 causat
985 1559 1342 1612 involuntarium,
1363 1559 1436 1602 sed
1456 1561 1593 1617 magis

149 1625 250 1669 facit
285 1627 443 1685 aliquid
477 1628 785 1672 voluntarium.
822 1630 992 1672 Dicitur
1026 1632 1143 1673 enim
1182 1631 1340 1688 aliquid
1394 1630 1590 1675 volunta-

146 1698 308 1740 tarium
342 1715 392 1741 ex
427 1715 493 1753 eo,
528 1700 646 1757 quod
680 1700 876 1743 voluntas
912 1702 953 1743 in
988 1701 1029 1744 id
1063 1701 1206 1746 fertur.
1259 1703 1339 1746 Per
1389 1705 1590 1762 concupi-

245 1906 302 1949 (1)
331 1905 385 1940 Cf.
413 1906 543 1941 thesim
571 1909 681 1951 XIII„
713 1909 813 1943 divis.
835 1916 887 1943 23¹¹
917 1909 1115 1944 voluntarii
1153 1911 1187 1944 in
1216 1910 1421 1956 perfectum
1454 1922 1487 1947 et
1516 1913 1588 1946 im-

148 1963 367 2009 perfectum.

249 2025 306 2069 (2)
337 2026 423 2060 Loc.
452 2027 510 2061 cit.
541 2039 574 2062 n.
603 2028 634 2061 8.

247 2084 303 2128 (3)
332 2085 370 2118 In
392 2096 459 2119 1.2.
477 2098 507 2132 q.
528 2085 559 2120 6.
580 2098 610 2119 a.
632 2096 664 2130 7.
686 2086 744 2120 Cf.
766 2088 961 2123 Becanuin.
982 2087 1025 2122 de
1042 2088 1161 2123 beatit.
1179 2098 1213 2124 et
1232 2099 1302 2125 act.
1323 2090 1422 2124 hum,
1444 2101 1522 2135 cap.
1546 2090 1589 2123 II.

147 2155 186 2189 q.
214 2143 271 2178 X.:
295 2145 352 2190 qui
372 2145 417 2179 ib.
439 2157 517 2191 cap.
540 2146 597 2179 111.
619 2157 650 2191 q.
680 2147 738 2179 ΙΙΙ.
766 2158 865 2180 num.
885 2157 917 2189 4.
938 2148 1002 2181 ait:
1033 2160 1051 2179 «
1070 2148 1164 2182 Fieri
1193 2158 1326 2193 potest,
1351 2158 1387 2182 ut
1409 2149 1443 2182 in
1465 2160 1536 2183 uno
1557 2162 1590 2194 ct

145 2201 281 2236 eodem
308 2212 403 2245 actu,
433 2205 492 2250 qui
519 2204 626 2238 simul
657 2205 886 2239 voluntarius
915 2215 966 2240 est
995 2214 1026 2240 et
1068 2206 1168 2249 liber,
1208 2213 1376 2252 angeatur
1415 2207 1592 2241 volunta-

150 2261 242 2294 rium
269 2270 303 2295 et
329 2263 509 2296 minuatur
539 2263 706 2304 liberum,
737 2272 774 2297 ut
803 2264 948 2309 quando
977 2265 1117 2309 agimus
1153 2266 1285 2312 aliquid
1312 2266 1521 2300 voluntarie
1559 2275 1593 2300 et

150 2319 275 2361 libere,
304 2330 338 2355 et
365 2322 449 2354 dum
478 2323 630 2367 agimus,
661 2322 800 2356 accedit
823 2332 943 2358 motus
971 2323 1224 2359 delectationis
1244 2334 1303 2358 aut
1329 2325 1593 2370 concupiscen-

148 2378 234 2412 tiae.
263 2379 369 2414 Tunc
397 2381 507 2422 enim,
538 2392 608 2426 quo
637 2381 890 2415 vehementior
929 2391 983 2416 est
1027 2392 1161 2425 motus,
1189 2395 1232 2418 eo
1264 2384 1432 2417 voluutas
1474 2384 1592 2429 magis

150 2436 300 2472 trahitur
327 2447 358 2473 et
389 2439 581 2474 inclinatur
622 2439 664 2473 ad
693 2440 890 2485 agendum,
922 2451 955 2475 et
997 2443 1047 2476 sic
1073 2452 1222 2487 augetur
1261 2443 1522 2485 voluntarium,
1559 2451 1593 2477 et

142 2504 271 2530 tamen
298 2497 470 2531 minuitur
498 2497 661 2534 liberum.
693 2499 775 2545 quia
804 2510 874 2545 quo
904 2501 1022 2546 inagis
1050 2501 1202 2536 trahitur
1230 2502 1265 2535 i11
1293 2514 1403 2536 unam
1431 2511 1591 2553 partem,

146 2565 197 2589 eo
224 2555 343 2590 minus
373 2556 486 2590 libera
519 2568 580 2591 seu
610 2557 817 2592 indifferens
847 2569 897 2594 cst
929 2560 960 2593 in
991 2568 1178 2607 utramque
1205 2570 1392 2606 partein.»
