1734 2784
1 70 14 111 τ’
235 63 265 84 ·'
723 83 782 91 —
817 70 899 113 255
933 83 990 91 .-

146 165 320 197 aeterno
352 152 418 197 lex
448 152 517 196 illa
548 153 797 210 imponatur
823 178 881 187 —-
912 153 1025 205 finis,
1060 152 1110 196 ad
1145 167 1276 210 quem
1310 151 1359 195 ab
1392 164 1568 196 aeterno

147 224 214 269 lex
244 223 314 268 illa
345 225 541 268 ordinem
575 224 723 269 habeat
747 252 798 258 -
826 224 1134 285 promulgatio,
1171 239 1278 282 quae
1313 222 1362 266 ab
1395 235 1571 267 aeterno

149 296 451 339 communitati
482 294 564 340 fiat.
599 297 691 339 Hae
724 310 823 340 sunt
856 297 1105 355 praecipuae
1139 294 1425 348 difficultates,
1469 295 1572 353 qui-

151 367 228 411 bus
262 368 447 426 permoti
480 367 622 425 plures
655 381 850 412 auctores
884 379 1054 426 negant,
1090 382 1179 410 non
1220 367 1304 410 iam
1353 378 1570 420 aeternam

151 438 266 482 illam
284 440 492 482 rationem
512 455 655 482 rerum
674 439 957 496 regendarum
978 454 1069 482 esse
1092 439 1135 481 in
1155 439 1266 494 Deo,
1285 436 1571 495 eamdemque

149 509 199 553 ab
231 500 419 567 aetgrno,
452 510 526 554 sed
559 527 652 554 eam
676 512 831 554 mereri
864 510 1193 569 appellationem
1226 524 1351 552 verae
1374 508 1494 566 legiS.
1515 510 1571 551 At

150 597 223 625 eae
247 581 506 625 obiectiones
540 582 779 636 solvuntur,
799 583 832 624 si
867 581 969 625 illud
1004 581 1057 624 ob
1081 580 1230 624 oculos
1259 579 1480 632 habeatur,
1505 579 1573 623 le-

152 669 250 710 gem
284 652 392 697 hanc
415 669 504 696 esse
527 653 666 711 legem
688 640 821 698 active
856 666 1103 712 spectatam,
1138 665 1182 695 ut
1215 664 1278 695 est
1312 652 1354 693 in
1377 652 1472 694 Deo
1506 650 1573 693 le-

143 724 358 781 gislatore.

266 796 353 855 ⁷1.⁰)
384 796 538 841 Nullae
571 796 619 840 ab
652 810 821 841 aeterno
856 803 1028 841 luerunt
1052 809 1264 840 creaturae
1289 794 1427 854 (solus
1454 795 1568 837 enim

153 869 274 911 Deus
307 868 385 911 suit
419 867 466 911 ab
501 870 704 927 aeterno).
739 871 871 926 Atqui
905 882 951 912 ut
984 869 1050 911 lex
1084 867 1130 910 ab
1181 878 1355 910 aeterno
1390 865 1541 908 fuisset
1564 901 1575 921 ,

149 938 395 983 debuissent
427 939 474 982 ab
508 953 680 983 aeterno
730 956 821 983 esse
870 952 1083 983 creaturae
1125 939 1291 997 (omnis
1343 940 1459 981 enim
1508 938 1573 980 lex

152 1009 360 1068 aliquibus
393 1011 666 1069 imponitur).
702 1013 816 1068 Ergo
850 1011 963 1053 nulla
996 1011 1073 1053 fuit
1105 1010 1170 1053 lex
1214 1009 1261 1053 ab
1305 1021 1489 1052 aeterno.
1516 1033 1572 1041 —-

153 1083 426 1141 Respondeo.
461 1085 570 1127 Dist.
604 1085 699 1127 mai.
734 1082 798 1126 Ab
832 1096 1005 1126 aeterno
1054 1081 1192 1124 nullae
1226 1094 1438 1124 creaturae
1473 1081 1571 1122 iue-

154 1166 254 1197 runt
287 1156 331 1197 iu
362 1156 501 1213 seipsis
532 1164 624 1198 actu
649 1157 858 1198 existentes
881 1169 1003 1206 conc„
1029 1153 1076 1196 ab
1101 1164 1273 1196 aeterno
1297 1151 1435 1195 nullae
1460 1166 1573 1194 crea-

149 1238 268 1268 turae
301 1225 473 1269 fuerunt
505 1228 681 1283 cognitae
716 1243 736 1269 a
759 1227 872 1283 Deo,
901 1238 947 1269 ut
982 1239 1095 1268 certo
1131 1226 1335 1267 extiturae
1360 1225 1401 1266 in
1436 1223 1572 1266 deter-

98 1296 100 1298 ’
152 1297 311 1339 minata
344 1298 552 1354 temporis
587 1296 820 1340 differentia
853 1310 980 1354 atque
1015 1309 1060 1339 ut
1094 1296 1193 1339 tales
1230 1294 1276 1337 ab
1310 1311 1360 1337 eo
1396 1309 1573 1352 praeor⁶

149 1367 312 1411 dinatae
346 1369 388 1411 in
419 1367 550 1411 finem
584 1385 692 1426 nego.
727 1370 836 1412 Dist.
861 1371 959 1412 min.
985 1369 1043 1411 Ut
1066 1367 1131 1411 lex
1156 1367 1203 1410 ab
1228 1381 1398 1410 aeterno
1423 1366 1573 1409 fuisset

143 1441 305 1498 passive
338 1441 380 1483 in
413 1440 595 1497 subditis,
629 1440 872 1483 debuissent
921 1440 968 1483 ab
1003 1452 1173 1483 aeterno
1223 1454 1314 1482 esse
1359 1451 1572 1481 creaturae

146 1527 268 1569 conc„
301 1523 347 1554 ut
378 1510 446 1554 lex
478 1511 526 1554 ab
560 1524 731 1554 aeterno
775 1511 923 1554 fuisset
956 1513 1084 1554 active
1134 1512 1174 1553 in
1225 1511 1308 1553 Deo
1352 1508 1574 1566 legislatore

147 1582 278 1636 subd„
298 1582 544 1626 debuissent
575 1582 623 1626 ab
658 1595 830 1626 aeterno
865 1599 956 1626 esse
992 1596 1202 1625 creaturae
1226 1593 1321 1624 actu
1346 1582 1387 1623 in
1421 1580 1572 1638 seipsis

148 1655 374 1697 existentes
408 1670 520 1712 nego,
555 1667 647 1698 actu
683 1671 704 1697 a
738 1656 833 1698 Deo
862 1655 1172 1712 praecognitae,
1205 1666 1426 1711 tamquam
1467 1652 1576 1696 exti—

152 1737 270 1769 turae
303 1727 347 1769 in
381 1725 660 1770 determinata
694 1728 899 1783 temporis
935 1725 1167 1769 differentia
1200 1738 1325 1783 atque
1373 1737 1418 1767 ut
1467 1723 1572 1767 tales

148 1796 197 1840 ab
220 1813 272 1841 eo
290 1797 609 1856 praeordinatae
628 1799 670 1841 in
702 1797 832 1840 finem
851 1814 953 1842 conc.
979 1799 1039 1841 Ut
1058 1798 1193 1855 inquit
1217 1797 1460 1840 s.Thomas
1484 1797 1573 1855 (1),

153 1883 239 1911 «ea
270 1884 351 1926 qua
384 1871 425 1913 in
457 1871 596 1927 seipsis
619 1885 705 1912 non
738 1883 854 1922 sunt,
874 1870 985 1927 apud
1010 1871 1153 1912 Deum
1174 1870 1360 1912 existunt
1394 1870 1575 1926 inquan-

148 1951 243 1982 tum
275 1954 374 1984 sunt
407 1941 455 1984 ab
488 1943 582 1999 ipso
615 1943 770 1998 cognita
804 1950 837 1983 et
865 1941 1161 1998 praeordinata
1195 1940 1435 1984 secundum
1468 1939 1572 1983 illud

151 2013 279 2057 Rom.
315 2013 387 2057 IV.
421 2015 490 2072 qni
522 2023 635 2056 voca!
671 2028 734 2065 ea,
769 2028 871 2070 qnae
905 2028 984 2055 non
1016 2022 1127 2070 sunt,
1161 2022 1368 2070 [amquam
1401 2027 1446 2054 aa
1470 2026 1572 2070 quae

150 2095 258 2129 sunt.
295 2086 365 2129 Sic
398 2086 527 2142 igitur
560 2098 754 2128 aeternus
804 2084 967 2127 divinae
1010 2084 1114 2140 legis
1165 2097 1396 2141 conceptus
1446 2082 1574 2126 habet

248 2293 301 2338 (1)
329 2293 368 2327 In
400 2303 427 2328 1.
455 2303 487 2328 2.
517 2306 550 2338 q.
578 2304 635 2339 91.
671 2305 700 2327 a.
733 2304 759 2326 1.
801 2293 900 2326 Hanc
939 2292 1067 2326 addam
1107 2291 1438 2337 comparationem:
1479 2291 1571 2324 sicut

160 2351 388 2399 providentia
413 2362 615 2398 respectum
644 2353 728 2386 dicit
756 2352 798 2385 ad
826 2364 879 2385 res
905 2351 1076 2397 provisas,
1105 2360 1136 2385 et
1177 2351 1414 2385 nihilominus
1453 2358 1573 2396 potest

160 2423 238 2447 esse
265 2404 526 2456 aeternaslicet
552 2424 606 2447 res
633 2414 795 2458 provisae
822 2424 893 2445 non
923 2412 991 2445 sint
1020 2420 1199 2453 aeternae3
1222 2412 1267 2445 ita
1297 2411 1406 2445 etiam
1435 2409 1491 2444 lex
1511 2420 1575 2456 po-

151 2479 222 2506 test
248 2472 364 2506 dicere
389 2472 635 2506 habitudinem
656 2472 696 2505 ad
727 2472 887 2505 subditos
907 2481 939 2505 et
968 2482 1044 2504 esse
1065 2480 1221 2510 aeterna,
1249 2470 1331 2505 licet
1350 2468 1482 2504 subditi
1511 2480 1577 2503 re·

155 2531 266 2577 gendi
293 2543 357 2578 per
382 2531 501 2578 legem
528 2540 602 2567 non
629 2532 697 2566 sint
725 2531 872 2567 aeterni.
