<?xml version="1.0" encoding="UTF-8"?>
<!DOCTYPE html PUBLIC "-//W3C//DTD XHTML 1.0 Transitional//EN"
    "http://www.w3.org/TR/xhtml1/DTD/xhtml1-transitional.dtd">
<html xmlns="http://www.w3.org/1999/xhtml" xml:lang="en" lang="en">
 <head>
  <title>
</title>
<meta http-equiv="Content-Type" content="text/html;charset=utf-8" />
  <meta name='ocr-system' content='tesseract 3.04.00' />
  <meta name='ocr-capabilities' content='ocr_page ocr_carea ocr_par ocr_line ocrx_word'/>
</head>
<body>
  <div class='ocr_page' id='page_1' title='image "./institutionesphi01ferr_0285.png"; bbox 0 0 1734 2784; ppageno 0'>
   <div class='ocr_carea' id='block_1_1' title="bbox 736 103 998 155">
    <p class='ocr_par' dir='ltr' id='par_1_1' title="bbox 736 103 998 155">
     <span class='ocr_line' id='line_1_1' title="bbox 736 103 998 155; baseline 0.004 -24"><span class='ocrx_word' id='word_1_1' title='bbox 736 103 998 155; x_wconf 52' lang='lat'><strong><em>„255—</em></strong></span> 
     </span>
    </p>
   </div>
   <div class='ocr_carea' id='block_1_2' title="bbox 94 194 1627 1890">
    <p class='ocr_par' dir='ltr' id='par_1_2' title="bbox 94 194 1627 468">
     <span class='ocr_line' id='line_1_2' title="bbox 150 194 1583 255; baseline -0.001 -16"><span class='ocrx_word' id='word_1_2' title='bbox 150 195 361 255; x_wconf 84' lang='lat' dir='ltr'>quaedam</span> <span class='ocrx_word' id='word_1_3' title='bbox 380 207 421 238; x_wconf 90' lang='lat' dir='ltr'>et</span> <span class='ocrx_word' id='word_1_4' title='bbox 443 195 651 253; x_wconf 76' lang='lat' dir='ltr'>quaedam</span> <span class='ocrx_word' id='word_1_5' title='bbox 673 196 806 239; x_wconf 87' lang='lat' dir='ltr'>iussio</span> <span class='ocrx_word' id='word_1_6' title='bbox 827 195 1013 254; x_wconf 84' lang='lat' dir='ltr'>ponendi</span> <span class='ocrx_word' id='word_1_7' title='bbox 1032 194 1096 238; x_wconf 75' lang='lat' dir='ltr'>vel</span> <span class='ocrx_word' id='word_1_8' title='bbox 1121 195 1349 241; x_wconf 86' lang='lat' dir='ltr'>omittendi</span> <span class='ocrx_word' id='word_1_9' title='bbox 1369 195 1583 254; x_wconf 80' lang='lat' dir='ltr'>quosdam</span> 
     </span>
     <span class='ocr_line' id='line_1_3' title="bbox 94 266 1585 330; baseline -0.001 -18"><span class='ocrx_word' id='word_1_10' title='bbox 94 327 98 330; x_wconf 76' lang='lat'><em>.</em></span> <span class='ocrx_word' id='word_1_11' title='bbox 159 280 291 313; x_wconf 86' lang='lat' dir='ltr'>actus:</span> <span class='ocrx_word' id='word_1_12' title='bbox 310 266 412 310; x_wconf 81' lang='lat' dir='ltr'>haec</span> <span class='ocrx_word' id='word_1_13' title='bbox 435 279 578 310; x_wconf 85' lang='lat' dir='ltr'>autem</span> <span class='ocrx_word' id='word_1_14' title='bbox 603 267 837 325; x_wconf 83' lang='lat' dir='ltr'>prohibitio</span> <span class='ocrx_word' id='word_1_15' title='bbox 871 281 911 311; x_wconf 88' lang='lat' dir='ltr'>et</span> <span class='ocrx_word' id='word_1_16' title='bbox 935 270 1067 314; x_wconf 89' lang='lat' dir='ltr'>iussio</span> <span class='ocrx_word' id='word_1_17' title='bbox 1093 296 1145 302; x_wconf 92' lang='lat'>—</span> <span class='ocrx_word' id='word_1_18' title='bbox 1166 270 1300 327; x_wconf 77' lang='lat' dir='ltr'>primo</span> <span class='ocrx_word' id='word_1_19' title='bbox 1325 267 1501 326; x_wconf 89' lang='lat' dir='ltr'>quidem</span> <span class='ocrx_word' id='word_1_20' title='bbox 1520 279 1585 311; x_wconf 85' lang='lat' dir='ltr'>est</span> 
     </span>
     <span class='ocr_line' id='line_1_4' title="bbox 152 337 1627 385; baseline -0.001 -2"><span class='ocrx_word' id='word_1_21' title='bbox 152 354 254 383; x_wconf 81' lang='lat' dir='ltr'>vera</span> <span class='ocrx_word' id='word_1_22' title='bbox 271 337 404 382; x_wconf 79' lang='lat' dir='ltr'>lex—</span> <span class='ocrx_word' id='word_1_23' title='bbox 420 338 591 382; x_wconf 75' lang='lat' dir='ltr'>secundo</span> <span class='ocrx_word' id='word_1_24' title='bbox 610 352 672 382; x_wconf 90' lang='lat' dir='ltr'>est</span> <span class='ocrx_word' id='word_1_25' title='bbox 695 338 761 382; x_wconf 80' lang='lat' dir='ltr'>lex</span> <span class='ocrx_word' id='word_1_26' title='bbox 785 339 926 383; x_wconf 62' lang='lat' dir='ltr'>divinat</span> <span class='ocrx_word' id='word_1_27' title='bbox 944 366 998 375; x_wconf 88' lang='lat'>—</span> <span class='ocrx_word' id='word_1_28' title='bbox 1023 342 1137 385; x_wconf 75' lang='lat' dir='ltr'>tertio</span> <span class='ocrx_word' id='word_1_29' title='bbox 1163 353 1226 385; x_wconf 88' lang='lat' dir='ltr'>est</span> <span class='ocrx_word' id='word_1_30' title='bbox 1258 340 1325 383; x_wconf 79' lang='lat' dir='ltr'>lex</span> <span class='ocrx_word' id='word_1_31' title='bbox 1356 339 1580 383; x_wconf 65' lang='lat' dir='ltr'>naturalis.</span> <span class='ocrx_word' id='word_1_32' title='bbox 1626 364 1627 367; x_wconf 62' lang='lat'><em>=</em></span> 
     </span>
     <span class='ocr_line' id='line_1_5' title="bbox 153 411 1579 468; baseline 0.001 -14"><span class='ocrx_word' id='word_1_33' title='bbox 153 411 287 468; x_wconf 88' lang='lat' dir='ltr'>Ergo,</span> <span class='ocrx_word' id='word_1_34' title='bbox 304 422 408 453; x_wconf 89' lang='lat' dir='ltr'>teste</span> <span class='ocrx_word' id='word_1_35' title='bbox 428 411 704 464; x_wconf 70' lang='lat' dir='ltr'>conscientia,</span> <span class='ocrx_word' id='word_1_36' title='bbox 727 412 868 454; x_wconf 75' lang='lat' dir='ltr'>existit</span> <span class='ocrx_word' id='word_1_37' title='bbox 891 413 932 456; x_wconf 86' lang='lat' dir='ltr'>in</span> <span class='ocrx_word' id='word_1_38' title='bbox 957 412 1080 455; x_wconf 90' lang='lat' dir='ltr'>nobis</span> <span class='ocrx_word' id='word_1_39' title='bbox 1105 413 1171 456; x_wconf 80' lang='lat' dir='ltr'>lex</span> <span class='ocrx_word' id='word_1_40' title='bbox 1190 412 1333 455; x_wconf 74' lang='lat' dir='ltr'>divina</span> <span class='ocrx_word' id='word_1_41' title='bbox 1361 411 1579 455; x_wconf 74' lang='lat' dir='ltr'>naturalis.</span> 
     </span>
    </p>

    <p class='ocr_par' dir='ltr' id='par_1_3' title="bbox 151 481 1580 667">
     <span class='ocr_line' id='line_1_6' title="bbox 273 481 1580 539; baseline 0 -16"><span class='ocrx_word' id='word_1_42' title='bbox 273 481 420 524; x_wconf 87' lang='lat' dir='ltr'>Minor</span> <span class='ocrx_word' id='word_1_43' title='bbox 449 481 681 538; x_wconf 78' lang='lat' dir='ltr'>praemissa</span> <span class='ocrx_word' id='word_1_44' title='bbox 715 481 857 539; x_wconf 71' lang='lat' dir='ltr'>quoad</span> <span class='ocrx_word' id='word_1_45' title='bbox 891 483 1083 539; x_wconf 85' lang='lat' dir='ltr'>primum</span> <span class='ocrx_word' id='word_1_46' title='bbox 1118 481 1363 526; x_wconf 75' lang='lat' dir='ltr'>membrum</span> <span class='ocrx_word' id='word_1_47' title='bbox 1397 498 1486 525; x_wconf 85' lang='lat' dir='ltr'>non</span> <span class='ocrx_word' id='word_1_48' title='bbox 1510 482 1580 523; x_wconf 87' lang='lat' dir='ltr'>in-</span> 
     </span>
     <span class='ocr_line' id='line_1_7' title="bbox 153 550 1580 611; baseline 0.001 -17"><span class='ocrx_word' id='word_1_49' title='bbox 153 550 272 609; x_wconf 88' lang='lat' dir='ltr'>diget</span> <span class='ocrx_word' id='word_1_50' title='bbox 292 550 558 609; x_wconf 77' lang='lat' dir='ltr'>probatione,</span> <span class='ocrx_word' id='word_1_51' title='bbox 583 568 680 594; x_wconf 86' lang='lat' dir='ltr'>cum</span> <span class='ocrx_word' id='word_1_52' title='bbox 706 553 757 595; x_wconf 89' lang='lat' dir='ltr'>sit</span> <span class='ocrx_word' id='word_1_53' title='bbox 783 553 1017 597; x_wconf 60' lang='lat' dir='ltr'>manifesta:</span> <span class='ocrx_word' id='word_1_54' title='bbox 1043 553 1246 611; x_wconf 76' lang='lat' dir='ltr'>probatur</span> <span class='ocrx_word' id='word_1_55' title='bbox 1270 566 1412 596; x_wconf 86' lang='lat' dir='ltr'>autem</span> <span class='ocrx_word' id='word_1_56' title='bbox 1437 551 1580 610; x_wconf 81' lang='lat' dir='ltr'>quoad</span> 
     </span>
     <span class='ocr_line' id='line_1_8' title="bbox 151 622 690 667; baseline 0 -1"><span class='ocrx_word' id='word_1_57' title='bbox 151 622 335 667; x_wconf 82' lang='lat' dir='ltr'>alterum</span> <span class='ocrx_word' id='word_1_58' title='bbox 369 622 627 666; x_wconf 84' lang='lat' dir='ltr'>membrum.</span> <span class='ocrx_word' id='word_1_59' title='bbox 687 643 690 650; x_wconf 56' lang='lat'>*</span> 
     </span>
    </p>

    <p class='ocr_par' dir='ltr' id='par_1_4' title="bbox 154 692 1590 1890">
     <span class='ocr_line' id='line_1_9' title="bbox 273 692 1579 753; baseline 0.001 -17"><span class='ocrx_word' id='word_1_60' title='bbox 273 694 337 736; x_wconf 91' lang='lat' dir='ltr'>Ac</span> <span class='ocrx_word' id='word_1_61' title='bbox 350 695 482 751; x_wconf 79' lang='lat' dir='ltr'>primo</span> <span class='ocrx_word' id='word_1_62' title='bbox 503 692 553 737; x_wconf 90' lang='lat' dir='ltr'>de</span> <span class='ocrx_word' id='word_1_63' title='bbox 574 693 811 738; x_wconf 74' lang='lat' dir='ltr'>illiusmodi</span> <span class='ocrx_word' id='word_1_64' title='bbox 831 696 1127 753; x_wconf 74' lang='lat' dir='ltr'>prohibitione</span> <span class='ocrx_word' id='word_1_65' title='bbox 1147 708 1187 740; x_wconf 89' lang='lat' dir='ltr'>et</span> <span class='ocrx_word' id='word_1_66' title='bbox 1209 696 1399 738; x_wconf 83' lang='lat' dir='ltr'>iussione</span> <span class='ocrx_word' id='word_1_67' title='bbox 1417 694 1579 737; x_wconf 82' lang='lat' dir='ltr'>aiteru-</span> 
     </span>
     <span class='ocr_line' id='line_1_10' title="bbox 155 763 1583 826; baseline 0.001 -19"><span class='ocrx_word' id='word_1_68' title='bbox 155 775 274 807; x_wconf 86' lang='lat' dir='ltr'>trum</span> <span class='ocrx_word' id='word_1_69' title='bbox 308 763 391 808; x_wconf 84' lang='lat' dir='ltr'>dici</span> <span class='ocrx_word' id='word_1_70' title='bbox 424 777 578 823; x_wconf 85' lang='lat' dir='ltr'>potest:</span> <span class='ocrx_word' id='word_1_71' title='bbox 616 779 685 809; x_wconf 71' lang='lat' dir='ltr'>aut</span> <span class='ocrx_word' id='word_1_72' title='bbox 721 783 812 810; x_wconf 86' lang='lat' dir='ltr'>esse</span> <span class='ocrx_word' id='word_1_73' title='bbox 851 780 1125 826; x_wconf 70' lang='lat' dir='ltr'>praeceptum</span> <span class='ocrx_word' id='word_1_74' title='bbox 1148 784 1222 810; x_wconf 86' lang='lat' dir='ltr'>seu</span> <span class='ocrx_word' id='word_1_75' title='bbox 1248 767 1478 825; x_wconf 86' lang='lat' dir='ltr'>imperium</span> <span class='ocrx_word' id='word_1_76' title='bbox 1503 764 1583 809; x_wconf 79' lang='lat' dir='ltr'>ali-</span> 
     </span>
     <span class='ocr_line' id='line_1_11' title="bbox 154 835 1584 895; baseline 0.001 -16"><span class='ocrx_word' id='word_1_77' title='bbox 154 835 278 879; x_wconf 87' lang='lat' dir='ltr'>cuius</span> <span class='ocrx_word' id='word_1_78' title='bbox 310 836 418 879; x_wconf 88' lang='lat' dir='ltr'>entis</span> <span class='ocrx_word' id='word_1_79' title='bbox 452 851 474 878; x_wconf 81' lang='lat' dir='ltr'>a</span> <span class='ocrx_word' id='word_1_80' title='bbox 505 835 628 879; x_wconf 85' lang='lat' dir='ltr'>nobis</span> <span class='ocrx_word' id='word_1_81' title='bbox 664 836 850 880; x_wconf 79' lang='lat' dir='ltr'>distincti</span> <span class='ocrx_word' id='word_1_82' title='bbox 875 837 1085 895; x_wconf 72' lang='lat' dir='ltr'>nobisque</span> <span class='ocrx_word' id='word_1_83' title='bbox 1110 837 1363 895; x_wconf 84' lang='lat' dir='ltr'>superioris,</span> <span class='ocrx_word' id='word_1_84' title='bbox 1398 848 1468 879; x_wconf 81' lang='lat' dir='ltr'>aut</span> <span class='ocrx_word' id='word_1_85' title='bbox 1492 852 1584 880; x_wconf 89' lang='lat' dir='ltr'>esse</span> 
     </span>
     <span class='ocr_line' id='line_1_12' title="bbox 156 906 1583 964; baseline 0 -15"><span class='ocrx_word' id='word_1_86' title='bbox 156 906 390 964; x_wconf 84' lang='lat' dir='ltr'>imperium</span> <span class='ocrx_word' id='word_1_87' title='bbox 423 920 593 950; x_wconf 77' lang='lat' dir='ltr'>nostrae</span> <span class='ocrx_word' id='word_1_88' title='bbox 642 908 817 950; x_wconf 74' lang='lat' dir='ltr'>rationis</span> <span class='ocrx_word' id='word_1_89' title='bbox 867 908 918 951; x_wconf 77' lang='lat' dir='ltr'>ad</span> <span class='ocrx_word' id='word_1_90' title='bbox 968 922 1160 952; x_wconf 75' lang='lat' dir='ltr'>nostram</span> <span class='ocrx_word' id='word_1_91' title='bbox 1208 907 1475 951; x_wconf 78' lang='lat' dir='ltr'>voluntatem</span> <span class='ocrx_word' id='word_1_92' title='bbox 1508 922 1583 950; x_wconf 85' lang='lat' dir='ltr'>seu</span> 
     </span>
     <span class='ocr_line' id='line_1_13' title="bbox 155 976 1586 1036; baseline -0.001 -15"><span class='ocrx_word' id='word_1_93' title='bbox 155 977 313 1021; x_wconf 84' lang='lat' dir='ltr'>melius</span> <span class='ocrx_word' id='word_1_94' title='bbox 356 977 588 1021; x_wconf 73' lang='lat' dir='ltr'>voluntatis</span> <span class='ocrx_word' id='word_1_95' title='bbox 640 991 810 1022; x_wconf 71' lang='lat' dir='ltr'>nostrae</span> <span class='ocrx_word' id='word_1_96' title='bbox 860 979 910 1022; x_wconf 75' lang='lat' dir='ltr'>ad</span> <span class='ocrx_word' id='word_1_97' title='bbox 945 980 1233 1036; x_wconf 74' lang='lat' dir='ltr'>semetipsam:</span> <span class='ocrx_word' id='word_1_98' title='bbox 1269 976 1499 1036; x_wconf 85' lang='lat' dir='ltr'>siquidem,</span> <span class='ocrx_word' id='word_1_99' title='bbox 1540 988 1586 1020; x_wconf 88' lang='lat' dir='ltr'>ut</span> 
     </span>
     <span class='ocr_line' id='line_1_14' title="bbox 156 1049 1588 1108; baseline 0 -16"><span class='ocrx_word' id='word_1_100' title='bbox 156 1050 328 1108; x_wconf 89' lang='lat' dir='ltr'>saepius</span> <span class='ocrx_word' id='word_1_101' title='bbox 361 1049 570 1102; x_wconf 77' lang='lat' dir='ltr'>diximus,</span> <span class='ocrx_word' id='word_1_102' title='bbox 607 1051 713 1093; x_wconf 70' lang='lat' dir='ltr'>ratio</span> <span class='ocrx_word' id='word_1_103' title='bbox 748 1050 918 1093; x_wconf 59' lang='lat' dir='ltr'>tandem</span> <span class='ocrx_word' id='word_1_104' title='bbox 956 1066 1043 1093; x_wconf 87' lang='lat' dir='ltr'>non</span> <span class='ocrx_word' id='word_1_105' title='bbox 1078 1051 1258 1108; x_wconf 69' lang='lat' dir='ltr'>imperat</span> <span class='ocrx_word' id='word_1_106' title='bbox 1301 1050 1383 1092; x_wconf 89' lang='lat' dir='ltr'>nisi</span> <span class='ocrx_word' id='word_1_107' title='bbox 1418 1051 1460 1093; x_wconf 80' lang='lat' dir='ltr'>in</span> <span class='ocrx_word' id='word_1_108' title='bbox 1493 1050 1588 1092; x_wconf 82' lang='lat' dir='ltr'>vir-</span> 
     </span>
     <span class='ocr_line' id='line_1_15' title="bbox 158 1120 1586 1179; baseline -0.001 -15"><span class='ocrx_word' id='word_1_109' title='bbox 158 1129 244 1164; x_wconf 78' lang='lat' dir='ltr'>tute</span> <span class='ocrx_word' id='word_1_110' title='bbox 275 1120 512 1164; x_wconf 80' lang='lat' dir='ltr'>voluntatis</span> <span class='ocrx_word' id='word_1_111' title='bbox 536 1120 620 1179; x_wconf 86' lang='lat'>(1).</span> <span class='ocrx_word' id='word_1_112' title='bbox 645 1122 776 1178; x_wconf 84' lang='lat' dir='ltr'>Atqui</span> <span class='ocrx_word' id='word_1_113' title='bbox 811 1121 892 1164; x_wconf 81' lang='lat' dir='ltr'>hoe</span> <span class='ocrx_word' id='word_1_114' title='bbox 917 1121 1097 1164; x_wconf 77' lang='lat' dir='ltr'>alterum</span> <span class='ocrx_word' id='word_1_115' title='bbox 1121 1121 1204 1164; x_wconf 82' lang='lat' dir='ltr'>dici</span> <span class='ocrx_word' id='word_1_116' title='bbox 1229 1121 1389 1177; x_wconf 89' lang='lat' dir='ltr'>nequit.</span> <span class='ocrx_word' id='word_1_117' title='bbox 1415 1120 1586 1164; x_wconf 87' lang='lat' dir='ltr'>Etenim</span> 
     </span>
     <span class='ocr_line' id='line_1_16' title="bbox 158 1190 1586 1250; baseline -0.002 -14"><span class='ocrx_word' id='word_1_118' title='bbox 158 1204 369 1250; x_wconf 81' lang='lat' dir='ltr'>repugnat</span> <span class='ocrx_word' id='word_1_119' title='bbox 401 1207 533 1235; x_wconf 77' lang='lat' dir='ltr'>unam</span> <span class='ocrx_word' id='word_1_120' title='bbox 568 1191 849 1250; x_wconf 78' lang='lat' dir='ltr'>eamdemque</span> <span class='ocrx_word' id='word_1_121' title='bbox 882 1193 1176 1245; x_wconf 73' lang='lat' dir='ltr'>voluntatem,</span> <span class='ocrx_word' id='word_1_122' title='bbox 1209 1190 1277 1234; x_wconf 81' lang='lat' dir='ltr'>vel</span> <span class='ocrx_word' id='word_1_123' title='bbox 1310 1203 1419 1234; x_wconf 85' lang='lat' dir='ltr'>certe</span> <span class='ocrx_word' id='word_1_124' title='bbox 1456 1206 1586 1233; x_wconf 83' lang='lat' dir='ltr'>unam</span> 
     </span>
     <span class='ocr_line' id='line_1_17' title="bbox 157 1261 1587 1321; baseline -0.002 -14"><span class='ocrx_word' id='word_1_125' title='bbox 157 1263 443 1321; x_wconf 88' lang='lat' dir='ltr'>eamdemque</span> <span class='ocrx_word' id='word_1_126' title='bbox 476 1263 708 1305; x_wconf 79' lang='lat' dir='ltr'>humanam</span> <span class='ocrx_word' id='word_1_127' title='bbox 743 1276 935 1306; x_wconf 63' lang='lat' dir='ltr'>naturam</span> <span class='ocrx_word' id='word_1_128' title='bbox 985 1280 1076 1306; x_wconf 87' lang='lat' dir='ltr'>esse</span> <span class='ocrx_word' id='word_1_129' title='bbox 1110 1263 1187 1305; x_wconf 86' lang='lat' dir='ltr'>sibi</span> <span class='ocrx_word' id='word_1_130' title='bbox 1224 1261 1354 1305; x_wconf 76' lang='lat' dir='ltr'>simui</span> <span class='ocrx_word' id='word_1_131' title='bbox 1386 1262 1587 1320; x_wconf 87' lang='lat' dir='ltr'>superi0-</span> 
     </span>
     <span class='ocr_line' id='line_1_18' title="bbox 161 1332 1588 1391; baseline -0.001 -13"><span class='ocrx_word' id='word_1_132' title='bbox 161 1349 254 1378; x_wconf 87' lang='lat' dir='ltr'>rem</span> <span class='ocrx_word' id='word_1_133' title='bbox 301 1347 341 1378; x_wconf 90' lang='lat' dir='ltr'>et</span> <span class='ocrx_word' id='word_1_134' title='bbox 373 1333 599 1377; x_wconf 76' lang='lat' dir='ltr'>subditam:</span> <span class='ocrx_word' id='word_1_135' title='bbox 653 1334 865 1391; x_wconf 79' lang='lat' dir='ltr'>siquidem</span> <span class='ocrx_word' id='word_1_136' title='bbox 915 1334 1015 1377; x_wconf 69' lang='lat' dir='ltr'>haec</span> <span class='ocrx_word' id='word_1_137' title='bbox 1064 1346 1162 1377; x_wconf 89' lang='lat' dir='ltr'>sunt</span> <span class='ocrx_word' id='word_1_138' title='bbox 1197 1333 1283 1376; x_wconf 89' lang='lat' dir='ltr'>duo</span> <span class='ocrx_word' id='word_1_139' title='bbox 1318 1332 1506 1389; x_wconf 78' lang='lat' dir='ltr'>relativa,</span> <span class='ocrx_word' id='word_1_140' title='bbox 1542 1347 1588 1376; x_wconf 85' lang='lat' dir='ltr'>ac</span> 
     </span>
     <span class='ocr_line' id='line_1_19' title="bbox 163 1403 1587 1464; baseline -0.002 -16"><span class='ocrx_word' id='word_1_141' title='bbox 163 1404 344 1464; x_wconf 87' lang='lat' dir='ltr'>proinde</span> <span class='ocrx_word' id='word_1_142' title='bbox 377 1405 420 1448; x_wconf 86' lang='lat' dir='ltr'>in</span> <span class='ocrx_word' id='word_1_143' title='bbox 449 1420 536 1447; x_wconf 87' lang='lat' dir='ltr'>uno</span> <span class='ocrx_word' id='word_1_144' title='bbox 571 1404 812 1462; x_wconf 88' lang='lat' dir='ltr'>eodemque</span> <span class='ocrx_word' id='word_1_145' title='bbox 836 1404 1029 1448; x_wconf 81' lang='lat' dir='ltr'>subiecto</span> <span class='ocrx_word' id='word_1_146' title='bbox 1054 1417 1250 1462; x_wconf 80' lang='lat' dir='ltr'>respectu</span> <span class='ocrx_word' id='word_1_147' title='bbox 1275 1403 1469 1447; x_wconf 89' lang='lat' dir='ltr'>eiusdem</span> <span class='ocrx_word' id='word_1_148' title='bbox 1493 1418 1587 1446; x_wconf 89' lang='lat' dir='ltr'>esse</span> 
     </span>
     <span class='ocr_line' id='line_1_20' title="bbox 159 1475 1587 1535; baseline -0.001 -15"><span class='ocrx_word' id='word_1_149' title='bbox 159 1488 395 1535; x_wconf 85' lang='lat' dir='ltr'>nequeunt.</span> <span class='ocrx_word' id='word_1_150' title='bbox 430 1475 514 1520; x_wconf 90' lang='lat' dir='ltr'>Sed</span> <span class='ocrx_word' id='word_1_151' title='bbox 548 1476 582 1518; x_wconf 89' lang='lat' dir='ltr'>si</span> <span class='ocrx_word' id='word_1_152' title='bbox 618 1477 725 1519; x_wconf 72' lang='lat' dir='ltr'>ratio</span> <span class='ocrx_word' id='word_1_153' title='bbox 759 1488 907 1519; x_wconf 71' lang='lat' dir='ltr'>nostra</span> <span class='ocrx_word' id='word_1_154' title='bbox 940 1488 1063 1530; x_wconf 83' lang='lat' dir='ltr'>esset,</span> <span class='ocrx_word' id='word_1_155' title='bbox 1098 1492 1204 1533; x_wconf 71' lang='lat' dir='ltr'>quae</span> <span class='ocrx_word' id='word_1_156' title='bbox 1238 1476 1465 1533; x_wconf 77' lang='lat' dir='ltr'>imperaret</span> <span class='ocrx_word' id='word_1_157' title='bbox 1502 1489 1587 1518; x_wconf 90' lang='lat' dir='ltr'>no-</span> 
     </span>
     <span class='ocr_line' id='line_1_21' title="bbox 162 1546 1584 1605; baseline -0.002 -14"><span class='ocrx_word' id='word_1_158' title='bbox 162 1559 274 1591; x_wconf 84' lang='lat' dir='ltr'>strae</span> <span class='ocrx_word' id='word_1_159' title='bbox 305 1547 533 1603; x_wconf 82' lang='lat' dir='ltr'>voluntati,</span> <span class='ocrx_word' id='word_1_160' title='bbox 571 1564 654 1590; x_wconf 73' lang='lat' dir='ltr'>una</span> <span class='ocrx_word' id='word_1_161' title='bbox 688 1546 924 1605; x_wconf 66' lang='lat' dir='ltr'>eademque</span> <span class='ocrx_word' id='word_1_162' title='bbox 960 1562 1106 1590; x_wconf 74' lang='lat' dir='ltr'>natura</span> <span class='ocrx_word' id='word_1_163' title='bbox 1140 1548 1342 1603; x_wconf 74' lang='lat' dir='ltr'>humana,</span> <span class='ocrx_word' id='word_1_164' title='bbox 1377 1547 1466 1590; x_wconf 86' lang='lat' dir='ltr'>imo</span> <span class='ocrx_word' id='word_1_165' title='bbox 1500 1561 1584 1590; x_wconf 81' lang='lat' dir='ltr'>una</span> 
     </span>
     <span class='ocr_line' id='line_1_22' title="bbox 160 1616 1584 1677; baseline 0 -15"><span class='ocrx_word' id='word_1_166' title='bbox 160 1618 398 1677; x_wconf 88' lang='lat' dir='ltr'>eademque</span> <span class='ocrx_word' id='word_1_167' title='bbox 428 1617 627 1661; x_wconf 62' lang='lat' dir='ltr'>volunt-„is</span> <span class='ocrx_word' id='word_1_168' title='bbox 662 1631 773 1661; x_wconf 82' lang='lat' dir='ltr'>esset</span> <span class='ocrx_word' id='word_1_169' title='bbox 806 1618 881 1660; x_wconf 88' lang='lat' dir='ltr'>sibi</span> <span class='ocrx_word' id='word_1_170' title='bbox 917 1620 1045 1661; x_wconf 86' lang='lat' dir='ltr'>simul</span> <span class='ocrx_word' id='word_1_171' title='bbox 1090 1619 1287 1675; x_wconf 87' lang='lat' dir='ltr'>superior</span> <span class='ocrx_word' id='word_1_172' title='bbox 1330 1629 1370 1660; x_wconf 84' lang='lat' dir='ltr'>et</span> <span class='ocrx_word' id='word_1_173' title='bbox 1405 1616 1584 1662; x_wconf 84' lang='lat' dir='ltr'>subdita:</span> 
     </span>
     <span class='ocr_line' id='line_1_23' title="bbox 162 1688 1585 1748; baseline -0.001 -15"><span class='ocrx_word' id='word_1_174' title='bbox 162 1689 376 1748; x_wconf 88' lang='lat' dir='ltr'>siquidem</span> <span class='ocrx_word' id='word_1_175' title='bbox 409 1690 453 1732; x_wconf 84' lang='lat' dir='ltr'>in</span> <span class='ocrx_word' id='word_1_176' title='bbox 477 1702 686 1747; x_wconf 81' lang='lat' dir='ltr'>conceptu</span> <span class='ocrx_word' id='word_1_177' title='bbox 723 1689 848 1742; x_wconf 84' lang='lat' dir='ltr'>illius,</span> <span class='ocrx_word' id='word_1_178' title='bbox 884 1691 957 1747; x_wconf 90' lang='lat' dir='ltr'>qui</span> <span class='ocrx_word' id='word_1_179' title='bbox 980 1691 1179 1747; x_wconf 74' lang='lat' dir='ltr'>imperat,</span> <span class='ocrx_word' id='word_1_180' title='bbox 1206 1688 1439 1733; x_wconf 79' lang='lat' dir='ltr'>includitur</span> <span class='ocrx_word' id='word_1_181' title='bbox 1461 1689 1585 1732; x_wconf 91' lang='lat' dir='ltr'>notio</span> 
     </span>
     <span class='ocr_line' id='line_1_24' title="bbox 160 1760 1590 1820; baseline -0.001 -16"><span class='ocrx_word' id='word_1_182' title='bbox 160 1762 415 1820; x_wconf 78' lang='lat' dir='ltr'>superiori3‚</span> <span class='ocrx_word' id='word_1_183' title='bbox 450 1772 491 1804; x_wconf 87' lang='lat' dir='ltr'>et</span> <span class='ocrx_word' id='word_1_184' title='bbox 525 1761 567 1802; x_wconf 89' lang='lat' dir='ltr'>in</span> <span class='ocrx_word' id='word_1_185' title='bbox 602 1773 809 1818; x_wconf 80' lang='lat' dir='ltr'>conceptu</span> <span class='ocrx_word' id='word_1_186' title='bbox 860 1760 987 1815; x_wconf 84' lang='lat' dir='ltr'>illius,</span> <span class='ocrx_word' id='word_1_187' title='bbox 1039 1761 1108 1803; x_wconf 84' lang='lat' dir='ltr'>cui</span> <span class='ocrx_word' id='word_1_188' title='bbox 1154 1761 1402 1818; x_wconf 82' lang='lat' dir='ltr'>imperatur,</span> <span class='ocrx_word' id='word_1_189' title='bbox 1449 1760 1590 1803; x_wconf 86' lang='lat' dir='ltr'>inclu-</span> 
     </span>
     <span class='ocr_line' id='line_1_25' title="bbox 163 1830 1590 1890; baseline -0.001 -15"><span class='ocrx_word' id='word_1_190' title='bbox 163 1831 279 1876; x_wconf 88' lang='lat' dir='ltr'>ditur</span> <span class='ocrx_word' id='word_1_191' title='bbox 326 1833 449 1875; x_wconf 89' lang='lat' dir='ltr'>notio</span> <span class='ocrx_word' id='word_1_192' title='bbox 498 1830 656 1875; x_wconf 86' lang='lat' dir='ltr'>subditi</span> <span class='ocrx_word' id='word_1_193' title='bbox 691 1831 773 1890; x_wconf 83' lang='lat'>(2)</span> <span class='ocrx_word' id='word_1_194' title='bbox 826 1832 940 1888; x_wconf 78' lang='lat' dir='ltr'>Ergo</span> <span class='ocrx_word' id='word_1_195' title='bbox 990 1830 1225 1874; x_wconf 83' lang='lat' dir='ltr'>illiusmodi</span> <span class='ocrx_word' id='word_1_196' title='bbox 1275 1831 1509 1890; x_wconf 84' lang='lat' dir='ltr'>prohibitio</span> <span class='ocrx_word' id='word_1_197' title='bbox 1549 1842 1590 1874; x_wconf 89' lang='lat' dir='ltr'>et</span> 
     </span>
    </p>
   </div>
   <div class='ocr_carea' id='block_1_3' title="bbox 162 2024 1594 2606">
    <p class='ocr_par' dir='ltr' id='par_1_5' title="bbox 162 2024 1592 2298">
     <span class='ocr_line' id='line_1_26' title="bbox 165 2024 1592 2071; baseline -0.001 -11"><span class='ocrx_word' id='word_1_198' title='bbox 165 2033 368 2060; x_wconf 80' lang='lat' dir='ltr'>moventur.</span> <span class='ocrx_word' id='word_1_199' title='bbox 395 2024 438 2059; x_wconf 87' lang='lat' dir='ltr'>Et</span> <span class='ocrx_word' id='word_1_200' title='bbox 467 2024 574 2071; x_wconf 81' lang='lat' dir='ltr'>paulo</span> <span class='ocrx_word' id='word_1_201' title='bbox 604 2033 684 2071; x_wconf 83' lang='lat' dir='ltr'>post</span> <span class='ocrx_word' id='word_1_202' title='bbox 711 2025 799 2059; x_wconf 75' lang='lat' dir='ltr'>haec</span> <span class='ocrx_word' id='word_1_203' title='bbox 827 2025 935 2059; x_wconf 78' lang='lat' dir='ltr'>addit:</span> <span class='ocrx_word' id='word_1_204' title='bbox 961 2025 1186 2071; x_wconf 64' lang='grc' dir='ltr'>μεταμελείας</span> <span class='ocrx_word' id='word_1_205' title='bbox 1211 2025 1277 2071; x_wconf 70' lang='grc' dir='ltr'>γὰρ</span> <span class='ocrx_word' id='word_1_206' title='bbox 1309 2025 1341 2060; x_wconf 80' lang='grc' dir='ltr'>οἱ</span> <span class='ocrx_word' id='word_1_207' title='bbox 1376 2026 1502 2071; x_wconf 52' lang='lat' dir='ltr'>quinon</span> <span class='ocrx_word' id='word_1_208' title='bbox 1533 2026 1592 2070; x_wconf 71' lang='grc' dir='ltr'>γέ-</span> 
     </span>
     <span class='ocr_line' id='line_1_27' title="bbox 162 2084 1591 2130; baseline 0 -12"><span class='ocrx_word' id='word_1_209' title='bbox 162 2097 305 2130; x_wconf 76' lang='grc' dir='ltr'>μουσιν,</span> <span class='ocrx_word' id='word_1_210' title='bbox 321 2084 544 2130; x_wconf 78' lang='lat' dir='ltr'>poenitentia</span> <span class='ocrx_word' id='word_1_211' title='bbox 564 2085 661 2119; x_wconf 80' lang='lat' dir='ltr'>enim</span> <span class='ocrx_word' id='word_1_212' title='bbox 682 2085 778 2129; x_wconf 67' lang='lat' dir='ltr'>pravi</span> <span class='ocrx_word' id='word_1_213' title='bbox 795 2085 890 2130; x_wconf 82' lang='lat' dir='ltr'>pleni</span> <span class='ocrx_word' id='word_1_214' title='bbox 909 2093 1001 2123; x_wconf 77' lang='lat' dir='ltr'>suut,</span> <span class='ocrx_word' id='word_1_215' title='bbox 1018 2095 1079 2118; x_wconf 89' lang='lat' dir='ltr'>seu</span> <span class='ocrx_word' id='word_1_216' title='bbox 1101 2084 1240 2118; x_wconf 79' lang='lat' dir='ltr'>assidue</span> <span class='ocrx_word' id='word_1_217' title='bbox 1256 2095 1387 2130; x_wconf 82' lang='lat' dir='ltr'>pravos</span> <span class='ocrx_word' id='word_1_218' title='bbox 1404 2084 1591 2119; x_wconf 82' lang='lat' dir='ltr'>actionum</span> 
     </span>
     <span class='ocr_line' id='line_1_28' title="bbox 162 2142 1590 2190; baseline 0.001 -14"><span class='ocrx_word' id='word_1_219' title='bbox 162 2153 308 2178; x_wconf 88' lang='lat' dir='ltr'>suarum</span> <span class='ocrx_word' id='word_1_220' title='bbox 335 2144 508 2190; x_wconf 84' lang='lat' dir='ltr'>poenitet.</span> <span class='ocrx_word' id='word_1_221' title='bbox 540 2145 620 2185; x_wconf 74' lang='lat' dir='ltr'>Qua</span> <span class='ocrx_word' id='word_1_222' title='bbox 649 2144 690 2178; x_wconf 90' lang='lat' dir='ltr'>de</span> <span class='ocrx_word' id='word_1_223' title='bbox 718 2155 753 2178; x_wconf 84' lang='lat' dir='ltr'>re</span> <span class='ocrx_word' id='word_1_224' title='bbox 782 2145 920 2179; x_wconf 77' lang='lat' dir='ltr'>celebre</span> <span class='ocrx_word' id='word_1_225' title='bbox 947 2155 1000 2179; x_wconf 84' lang='lat' dir='ltr'>est</span> <span class='ocrx_word' id='word_1_226' title='bbox 1038 2144 1123 2178; x_wconf 86' lang='lat' dir='ltr'>illud</span> <span class='ocrx_word' id='word_1_227' title='bbox 1151 2156 1177 2179; x_wconf 87' lang='grc' dir='ltr'>ε.</span> <span class='ocrx_word' id='word_1_228' title='bbox 1201 2144 1406 2190; x_wconf 84' lang='lat' dir='ltr'>Augustini,</span> <span class='ocrx_word' id='word_1_229' title='bbox 1434 2142 1590 2178; x_wconf 87' lang='lat' dir='ltr'>confess.</span> 
     </span>
     <span class='ocr_line' id='line_1_29' title="bbox 167 2201 1592 2249; baseline 0.001 -13"><span class='ocrx_word' id='word_1_230' title='bbox 167 2201 195 2236; x_wconf 88' lang='grc' dir='ltr'>Ι.</span> <span class='ocrx_word' id='word_1_231' title='bbox 225 2212 290 2236; x_wconf 85' lang='lat'>12.:</span> <span class='ocrx_word' id='word_1_232' title='bbox 321 2202 494 2237; x_wconf 85' lang='lat' dir='ltr'>«Iussisti</span> <span class='ocrx_word' id='word_1_233' title='bbox 523 2204 634 2241; x_wconf 79' lang='lat' dir='ltr'>enim,</span> <span class='ocrx_word' id='word_1_234' title='bbox 662 2203 834 2246; x_wconf 84' lang='lat' dir='ltr'>Domine,</span> <span class='ocrx_word' id='word_1_235' title='bbox 865 2212 898 2237; x_wconf 89' lang='lat' dir='ltr'>et</span> <span class='ocrx_word' id='word_1_236' title='bbox 925 2204 975 2237; x_wconf 88' lang='lat' dir='ltr'>sic</span> <span class='ocrx_word' id='word_1_237' title='bbox 1019 2212 1081 2245; x_wconf 86' lang='lat' dir='ltr'>est,</span> <span class='ocrx_word' id='word_1_238' title='bbox 1109 2212 1146 2238; x_wconf 89' lang='lat' dir='ltr'>ut</span> <span class='ocrx_word' id='word_1_239' title='bbox 1185 2214 1301 2249; x_wconf 82' lang='lat' dir='ltr'>poena</span> <span class='ocrx_word' id='word_1_240' title='bbox 1341 2213 1405 2237; x_wconf 77' lang='lat' dir='ltr'>sua</span> <span class='ocrx_word' id='word_1_241' title='bbox 1455 2202 1523 2237; x_wconf 88' lang='lat' dir='ltr'>sibi</span> <span class='ocrx_word' id='word_1_242' title='bbox 1548 2203 1592 2238; x_wconf 86' lang='lat' dir='ltr'>sit</span> 
     </span>
     <span class='ocr_line' id='line_1_30' title="bbox 169 2260 771 2298; baseline -0.007 -2"><span class='ocrx_word' id='word_1_243' title='bbox 169 2260 294 2296; x_wconf 87' lang='lat' dir='ltr'>omnis</span> <span class='ocrx_word' id='word_1_244' title='bbox 322 2262 549 2296; x_wconf 83' lang='lat' dir='ltr'>inordinatus</span> <span class='ocrx_word' id='word_1_245' title='bbox 578 2262 771 2298; x_wconf 77' lang='lat' dir='ltr'>animus.»</span> 
     </span>
    </p>

    <p class='ocr_par' dir='ltr' id='par_1_6' title="bbox 262 2320 1369 2368">
     <span class='ocr_line' id='line_1_31' title="bbox 262 2320 1369 2368; baseline 0 -13"><span class='ocrx_word' id='word_1_246' title='bbox 262 2320 317 2365; x_wconf 92' lang='lat'>(1)</span> <span class='ocrx_word' id='word_1_247' title='bbox 344 2320 436 2355; x_wconf 84' lang='lat' dir='ltr'>Vide</span> <span class='ocrx_word' id='word_1_248' title='bbox 464 2333 545 2367; x_wconf 82' lang='lat' dir='ltr'>pag.</span> <span class='ocrx_word' id='word_1_249' title='bbox 578 2331 652 2356; x_wconf 80' lang='lat'>122.</span> <span class='ocrx_word' id='word_1_250' title='bbox 681 2321 802 2355; x_wconf 76' lang='lat' dir='ltr'>adnot.</span> <span class='ocrx_word' id='word_1_251' title='bbox 831 2329 905 2356; x_wconf 77' lang='lat'>2.¹¹¹:</span> <span class='ocrx_word' id='word_1_252' title='bbox 937 2321 1015 2355; x_wconf 85' lang='lat' dir='ltr'>vide</span> <span class='ocrx_word' id='word_1_253' title='bbox 1045 2322 1152 2356; x_wconf 82' lang='lat' dir='ltr'>etiam</span> <span class='ocrx_word' id='word_1_254' title='bbox 1182 2333 1261 2368; x_wconf 75' lang='lat' dir='ltr'>pag.</span> <span class='ocrx_word' id='word_1_255' title='bbox 1291 2332 1369 2364; x_wconf 71' lang='lat'>241.</span> 
     </span>
    </p>

    <p class='ocr_par' dir='ltr' id='par_1_7' title="bbox 165 2380 1594 2606">
     <span class='ocr_line' id='line_1_32' title="bbox 263 2380 1590 2426; baseline 0 -12"><span class='ocrx_word' id='word_1_256' title='bbox 263 2380 320 2426; x_wconf 89' lang='lat'>(2)</span> <span class='ocrx_word' id='word_1_257' title='bbox 349 2380 406 2415; x_wconf 90' lang='lat' dir='ltr'>Ad</span> <span class='ocrx_word' id='word_1_258' title='bbox 433 2392 508 2415; x_wconf 87' lang='lat' dir='ltr'>rem</span> <span class='ocrx_word' id='word_1_259' title='bbox 536 2381 677 2423; x_wconf 74' lang='lat' dir='ltr'>Suarez,</span> <span class='ocrx_word' id='word_1_260' title='bbox 704 2381 747 2414; x_wconf 88' lang='lat' dir='ltr'>de</span> <span class='ocrx_word' id='word_1_261' title='bbox 776 2382 887 2416; x_wconf 81' lang='lat' dir='ltr'>bonit.</span> <span class='ocrx_word' id='word_1_262' title='bbox 916 2390 950 2415; x_wconf 91' lang='lat' dir='ltr'>et</span> <span class='ocrx_word' id='word_1_263' title='bbox 977 2382 1061 2416; x_wconf 85' lang='lat' dir='ltr'>mal.</span> <span class='ocrx_word' id='word_1_264' title='bbox 1089 2382 1188 2415; x_wconf 85' lang='lat' dir='ltr'>hum.</span> <span class='ocrx_word' id='word_1_265' title='bbox 1211 2390 1278 2415; x_wconf 83' lang='lat' dir='ltr'>act.</span> <span class='ocrx_word' id='word_1_266' title='bbox 1306 2380 1437 2426; x_wconf 85' lang='lat' dir='ltr'>disput.</span> <span class='ocrx_word' id='word_1_267' title='bbox 1456 2381 1484 2416; x_wconf 95' lang='lat' dir='ltr'>I.</span> <span class='ocrx_word' id='word_1_268' title='bbox 1504 2390 1590 2415; x_wconf 86' lang='lat' dir='ltr'>sect.</span> 
     </span>
     <span class='ocr_line' id='line_1_33' title="bbox 167 2441 1593 2488; baseline 0 -13"><span class='ocrx_word' id='word_1_269' title='bbox 167 2448 200 2475; x_wconf 87' lang='lat'>2.</span> <span class='ocrx_word' id='word_1_270' title='bbox 227 2450 328 2476; x_wconf 89' lang='lat' dir='ltr'>num.</span> <span class='ocrx_word' id='word_1_271' title='bbox 357 2450 404 2487; x_wconf 85' lang='lat'>9.:</span> <span class='ocrx_word' id='word_1_272' title='bbox 436 2441 578 2476; x_wconf 77' lang='lat' dir='ltr'>«Recta</span> <span class='ocrx_word' id='word_1_273' title='bbox 607 2441 697 2476; x_wconf 74' lang='lat' dir='ltr'>ratio</span> <span class='ocrx_word' id='word_1_274' title='bbox 725 2453 798 2476; x_wconf 73' lang='lat'>1101]</span> <span class='ocrx_word' id='word_1_275' title='bbox 829 2451 946 2488; x_wconf 87' lang='lat' dir='ltr'>potest</span> <span class='ocrx_word' id='word_1_276' title='bbox 973 2441 1105 2476; x_wconf 81' lang='lat' dir='ltr'>habere</span> <span class='ocrx_word' id='word_1_277' title='bbox 1134 2453 1175 2475; x_wconf 78' lang='lat' dir='ltr'>ex</span> <span class='ocrx_word' id='word_1_278' title='bbox 1204 2454 1242 2476; x_wconf 80' lang='lat' dir='ltr'>se</span> <span class='ocrx_word' id='word_1_279' title='bbox 1268 2441 1445 2475; x_wconf 78' lang='lat' dir='ltr'>rationem</span> <span class='ocrx_word' id='word_1_280' title='bbox 1471 2452 1593 2476; x_wconf 81' lang='lat' dir='ltr'>veram</span> 
     </span>
     <span class='ocr_line' id='line_1_34' title="bbox 165 2500 1590 2548; baseline 0 -14"><span class='ocrx_word' id='word_1_281' title='bbox 165 2501 349 2546; x_wconf 84' lang='lat' dir='ltr'>praecepti</span> <span class='ocrx_word' id='word_1_282' title='bbox 375 2509 435 2536; x_wconf 89' lang='lat' dir='ltr'>aut</span> <span class='ocrx_word' id='word_1_283' title='bbox 462 2500 552 2548; x_wconf 85' lang='lat' dir='ltr'>legis</span> <span class='ocrx_word' id='word_1_284' title='bbox 579 2510 745 2546; x_wconf 87' lang='lat' dir='ltr'>respectu</span> <span class='ocrx_word' id='word_1_285' title='bbox 773 2501 985 2542; x_wconf 80' lang='lat' dir='ltr'>voluntatis,</span> <span class='ocrx_word' id='word_1_286' title='bbox 1015 2501 1096 2547; x_wconf 85' lang='lat' dir='ltr'>quia</span> <span class='ocrx_word' id='word_1_287' title='bbox 1123 2512 1197 2535; x_wconf 88' lang='lat' dir='ltr'>non</span> <span class='ocrx_word' id='word_1_288' title='bbox 1225 2500 1333 2535; x_wconf 81' lang='lat' dir='ltr'>habet</span> <span class='ocrx_word' id='word_1_289' title='bbox 1370 2508 1590 2546; x_wconf 84' lang='lat' dir='ltr'>potestatem</span> 
     </span>
     <span class='ocr_line' id='line_1_35' title="bbox 167 2559 1594 2606; baseline 0.001 -14"><span class='ocrx_word' id='word_1_290' title='bbox 167 2560 362 2606; x_wconf 87' lang='lat' dir='ltr'>superioris</span> <span class='ocrx_word' id='word_1_291' title='bbox 389 2568 551 2606; x_wconf 86' lang='lat' dir='ltr'>respectu</span> <span class='ocrx_word' id='word_1_292' title='bbox 581 2559 790 2595; x_wconf 82' lang='lat' dir='ltr'>voluntatis:</span> <span class='ocrx_word' id='word_1_293' title='bbox 822 2571 938 2606; x_wconf 83' lang='lat' dir='ltr'>neque</span> <span class='ocrx_word' id='word_1_294' title='bbox 966 2559 1060 2594; x_wconf 87' lang='lat' dir='ltr'>idem</span> <span class='ocrx_word' id='word_1_295' title='bbox 1088 2559 1203 2594; x_wconf 89' lang='lat' dir='ltr'>homo</span> <span class='ocrx_word' id='word_1_296' title='bbox 1230 2559 1338 2595; x_wconf 84' lang='lat' dir='ltr'>habet</span> <span class='ocrx_word' id='word_1_297' title='bbox 1365 2560 1507 2606; x_wconf 88' lang='lat' dir='ltr'>proprie</span> <span class='ocrx_word' id='word_1_298' title='bbox 1535 2560 1594 2593; x_wconf 86' lang='lat' dir='ltr'>iu-</span> 
     </span>
    </p>
   </div>
  </div>
 </body>
</html>
