1734 2784
0 311 6 318 Ἴ
0 224 11 286 -r-w·
0 0 24 220 mesenum-„W

703 92 968 134 -441-

117 173 246 226 iuvat,
281 183 327 215 ut
359 188 390 216 s,
427 172 625 216 Thomas
659 174 714 216 ait
747 173 833 232 (1),
866 190 1018 217 omnes
1051 174 1231 218 virtutes
1264 186 1305 218 et
1338 175 1380 217 in
1404 175 1546 218 omni-

83 279 91 286 ,.
115 242 196 287 bus
230 255 443 301 operatur.
463 261 485 284 x·
523 245 636 287 Hinc
669 246 825 288 merito
859 244 1016 288 dicitur
1050 245 1311 289 moderatrix
1343 262 1389 289 ac
1411 246 1545 290 veluti

85 343 88 346 -
118 316 280 372 auriga,
313 315 506 373 itemque
553 316 700 373 regina
733 329 774 359 et
823 318 1027 373 magistra
1060 330 1295 361 ceterarum
1344 319 1543 362 omnium

121 388 346 431 virtutum.
383 387 589 431 Similiter
623 388 779 431 dicitur
800 388 843 431 id
879 405 970 432 esse
994 391 1104 433 inter
1139 390 1322 433 morales
1345 391 1541 444 virtutes,

114 457 235 517 quod
269 457 418 501 oculus
463 459 506 501 in
555 475 754 517 corpore,
806 460 865 503 sal
913 462 955 503 in
989 460 1140 519 epuliS‚
1175 461 1240 504 sol
1287 463 1330 505 in
1364 462 1543 506 mundo.

236 530 286 573 Π.
324 530 497 573 Partitio
522 555 580 562 ——
602 531 746 574 Partes
779 533 899 589 quasi
931 534 1171 589 *integralium
1193 547 1499 577 enumerantur
1523 549 1545 576 a

114 617 149 644 s.
178 599 355 644 Thoma
388 600 460 659 (2)
493 614 606 658 octo,
640 601 836 651 videlicet
870 606 1061 647 monitum
1092 606 1434 663 praeteritorum,
1476 607 1544 648 in-

115 671 333 729 telligentia
352 674 661 730 praesentium,
675 673 855 716 docilitas
875 676 1143 731 acquiescens
1163 677 1384 718 sententiis
1405 677 1538 720 maio-

118 759 231 798 rum,
256 745 435 788 sollertia
460 747 503 788 in
528 744 846 788 considerandis
872 745 1024 789 futuris
1048 747 1284 805 eventibus,
1307 750 1413 792 ratio
1438 763 1541 792 con-

119 815 257 860 ferens
292 831 426 859 unum
461 816 590 872 alteri,
620 817 884 874 providentia
915 818 965 860 ad
1014 833 1172 862 rectam
1221 819 1538 864 ordinationem

116 887 159 930 in
189 885 335 943 finem,
368 888 658 945 circmnspsctlo
683 887 733 930 ad
757 888 1094 931 circumstantias
1118 891 1297 946 negotii,
1322 893 1456 934 cautio
1481 891 1532 935 ad

113 957 287 1003 vitanda
319 957 640 1016 impedimenta.
676 960 842 1002 Harum
877 972 990 1016 octo,
1024 973 1070 1003 ut
1102 960 1215 1003 idem
1251 963 1322 1016 ait,
1350 963 1538 1019 quinque

114 1031 283 1088 priores
317 1031 528 1087 pertinent
551 1030 602 1073 ad
625 1030 915 1088 prudentiam,
947 1032 1185 1075 secundum
1221 1032 1336 1090 quod
1371 1046 1434 1076 est
1469 1049 1537 1077 co-

113 1102 370 1159 gnoscitiva,
388 1114 473 1144 tres
491 1118 594 1144 vero
614 1102 716 1145 aliae
736 1104 947 1159 pertinent
966 1103 1016 1146 ad
1035 1119 1142 1160 eam,
1162 1104 1405 1148 secundum
1425 1105 1543 1163 quod

115 1185 179 1217 est
213 1175 495 1232 praeceptiva,
531 1173 782 1231 applicando
832 1176 1129 1231 cognitionem
1178 1176 1229 1219 ad
1268 1192 1392 1234 opus.
1439 1178 1539 1219 Pars

114 1261 218 1289 vero
252 1247 362 1288 inter
395 1261 546 1289 omnes
582 1245 854 1304 principalior
889 1260 952 1290 est
977 1248 1256 1305 providentia,
1290 1265 1310 1291 a
1346 1265 1429 1307 qua
1453 1265 1539 1292 no-

114 1331 215 1359 men
248 1316 383 1373 ipsius
418 1316 669 1374 prudentiae
702 1318 901 1362 sumitur.

234 1388 376 1431 Partes
409 1401 553 1431 autem
584 1388 822 1431 subiectivae
871 1388 1119 1446 prudentiae
1167 1404 1266 1433 sunt
1311 1392 1537 1448 praecipue

112 1458 236 1516 duae,
255 1459 462 1501 nimirum
496 1459 734 1517 prudentia,
759 1476 831 1516 per
865 1475 992 1517 quam
1017 1461 1166 1519 aliquis
1200 1463 1306 1519 regit
1330 1464 1540 1521 seipsum,

109 1544 221 1587 quae
255 1529 480 1587 prudentia
528 1532 745 1574 monastica
796 1530 878 1573 dici
912 1544 1066 1589 potest,
1101 1545 1141 1575 et
1189 1533 1430 1591 prudentia,
1465 1548 1540 1592 per

108 1779 252 1813 tionem
280 1777 488 1823 prudentiae
508 1789 525 1810 a
554 1789 579 1811 s.
600 1778 803 1823 Augustino
832 1777 1008 1819 traditam,
1026 1779 1060 1812 in
1080 1779 1101 1812 1.
1121 1778 1164 1811 de
1184 1790 1274 1814 mor.
1291 1779 1388 1813 Eccl.
1409 1791 1438 1814 c.
1457 1779 1537 1814 XV.

113 1837 343 1874 «Prudentia
370 1846 421 1871 est
449 1848 545 1870 amor
572 1849 623 1877 ea,
649 1837 775 1883 quibus
802 1836 1001 1880 adiuvatur,
1029 1838 1071 1872 ab
1100 1838 1153 1879 iis,
1174 1839 1300 1884 quibus
1329 1838 1539 1884 impeditur,

107 1899 288 1944 sagaciter
306 1897 486 1944 eligens.»
510 1897 553 1931 Et
573 1898 622 1931 sic
641 1908 719 1931 eam
740 1897 906 1942 explicat:
932 1912 948 1928 «
964 1897 1157 1932 Prudentia
1177 1897 1307 1932 dicitur
1325 1909 1402 1933 esse
1421 1910 1537 1941 amor,

108 1969 188 1993 non
215 1957 359 2004 quidem
387 1956 634 1999 essentialiter,
660 1956 721 1991 sed
752 1957 966 2002 inquantum
995 1967 1092 1990 amor
1118 1962 1228 1992 movet
1254 1956 1428 1992 adactum
1450 1965 1540 2005 pru-

107 2016 254 2053 dentiae.
271 2032 288 2049 »

207 2077 264 2123 (1)
292 2077 332 2111 In
362 2088 392 2111 2.
414 2087 444 2111 2.
468 2089 497 2123 q.
519 2086 575 2120 47.
595 2088 625 2110 a.
644 2075 676 2111 6.
698 2075 754 2111 Cf.
781 2075 890 2109 etiam
920 2088 951 2122 q.
985 2085 1061 2120 123.
1091 2087 1120 2110 a.
1155 2086 1216 2118 12„
1236 2075 1294 2110 ubi
1324 2077 1383 2111 ait:
1410 2077 1539 2111 «Inter

110 2137 261 2171 virtutes
288 2135 487 2170 cardinales
515 2144 567 2170 est
595 2136 716 2181 potior
744 2135 943 2180 prudentia,
971 2135 1126 2170 secunda
1155 2136 1302 2177 iustitia,
1333 2137 1436 2171 tertia
1464 2136 1542 2172 for-

107 2196 240 2238 titudo,
267 2204 391 2242 quarta
418 2195 706 2240 temperantia.»
744 2194 805 2228 Est
832 2203 951 2229 autem
991 2195 1120 2240 potior,
1161 2196 1241 2241 quia
1281 2196 1538 2231 rectitudinem

108 2255 313 2301 impertitur
340 2255 468 2289 ceteris
494 2254 693 2289 virtutibus.
722 2255 825 2295 Hinc,
854 2262 891 2288 ut
925 2254 1089 2296 vidimus,
1130 2254 1318 2300 prudentia
1357 2255 1542 2291 inducitur

107 2315 158 2350 ab
183 2314 379 2349 Aristotele
408 2314 441 2347 in
469 2313 544 2358 ipsa
572 2312 728 2358 generali
765 2312 978 2347 definitione
1006 2313 1157 2348 virtutis.
1184 2314 1275 2349 Vide
1319 2326 1421 2350 num.
1456 2314 1536 2351 161.

109 2385 195 2421 Pag·
223 2382 303 2416 433·

209 2431 266 2476 (2)
297 2430 337 2466 In
365 2440 396 2465 2.
425 2441 454 2464 2.
483 2443 514 2477 q.
542 2431 599 2473 84.
627 2442 658 2466 a.
686 2431 783 2466 unic.
815 2430 872 2466 Cf.
900 2443 932 2478 q.
959 2441 1035 2478 49„
1066 2432 1100 2466 in
1129 2444 1195 2479 qua
1234 2431 1310 2468 fuse
1351 2445 1414 2480 per
1451 2443 1538 2469 octo

108 2491 286 2527 articulos
312 2499 505 2538 pertractat
532 2491 576 2525 de
596 2499 679 2526 octo
695 2490 795 2526 hisce
815 2491 917 2537 quasi
935 2490 1165 2538 integralibus
1185 2491 1341 2528 iustitiae
1361 2494 1539 2540 partibus,

108 2549 168 2588 cf.
195 2552 302 2587 etiam
331 2563 362 2599 q.
393 2560 446 2597 53.
473 2562 505 2586 a.
525 2562 556 2596 3.
