1734 2784
829 112 1054 155 *88—

229 227 333 269 quae
369 210 531 252 mortali
569 209 666 251 liuic
699 209 806 250 vitae
841 206 1051 263 succedat,
1084 205 1157 249 sed
1211 220 1303 247 eam
1354 204 1646 247 demonstrare

228 298 272 325 ac
306 281 503 337 colligere
537 297 585 324 ex
629 279 804 322 naturali
852 277 1057 321 felicitatis
1102 275 1327 320 desiderio.
1375 276 1444 319 Sic
1492 290 1644 334 nempe

228 354 463 409 arguimus.

347 424 589 468 Tendimus
623 422 865 465 naturaliter
901 422 942 464 in
978 420 1243 464 felicitatem:
1280 435 1377 463 cum
1432 419 1646 462 tendentia

227 496 328 540 baec
362 497 414 538 sit
446 494 660 550 naturalis,
693 495 714 537 i.
750 509 784 536 e.
820 492 867 535 ab
903 493 995 550 ipso
1031 493 1125 535 Deo
1159 502 1334 534 naturae
1359 502 1528 534 auctore
1558 490 1644 533 ani·-

231 570 312 611 mis
346 568 503 611 nostris
540 568 711 619 inserta,
748 566 837 608 eius
873 564 1056 621 expletio
1082 579 1154 606 seu
1180 562 1455 606 beatitudinis
1490 577 1644 604 conse-

227 642 341 682 cutio
375 652 435 682 est
469 650 560 681 tum
589 636 804 694 possibilis,
839 649 932 678 tum
958 636 1098 688 etiam,
1123 635 1298 677 servatis
1324 632 1642 676 conditionibus

227 727 247 754 a
271 712 364 754 Deo
389 711 563 768 positis,
587 717 706 751 certa.
731 708 862 765 Atqui
887 720 1029 750 tamen
1053 708 1170 749 Deus
1195 706 1301 748 hanc
1325 704 1643 758 beatitudinem,

228 798 355 840 quam
390 797 462 838 per
495 780 607 822 illam
633 780 821 821 innatam
846 777 1104 821 tendentiam
1129 790 1175 820 ut
1198 793 1272 835 per
1299 788 1469 820 naturae
1492 793 1643 820 vocem

227 854 437 910 promittit
473 850 698 903 omnibus,
735 849 895 893 confert
939 850 1101 892 nemini
1134 850 1177 892 in
1222 848 1389 892 mortali
1437 848 1514 891 hac
1546 849 1642 892 vita.

223 926 337 982 Ergo
372 936 470 981 post
505 924 612 966 hanc
644 924 774 965 vitam
810 923 887 965 erit
922 922 1048 965 altera
1081 922 1181 974 vita,
1218 922 1259 963 in
1294 937 1374 978 qua
1398 921 1516 964 Deus
1550 936 1643 978 per—

225 996 375 1040 fectam
411 995 652 1038 beatitatem
686 993 879 1037 fidelibus
914 994 1001 1036 suis
1036 994 1166 1036 servis
1201 992 1403 1036 conferet.
1442 1010 1464 1032 <<
1504 992 1644 1035 Faciet

224 1068 305 1110 boc
339 1069 457 1110 Deus
492 1066 939 1123 omnipotentissimus
975 1065 1161 1108 hominis
1198 1064 1406 1108 conditor.
1437 1064 1643 1107 Promisit

225 1141 357 1191 enim,
392 1154 467 1181 nec
502 1138 675 1180 mentiri
711 1149 881 1195 potest3
916 1150 955 1180 et
987 1136 1138 1194 quibus
1171 1136 1299 1180 fidem
1339 1136 1437 1178 hinc
1470 1151 1642 1194 quoque

223 1211 387 1266 faceret,
412 1210 542 1252 multa
577 1225 650 1251 sua
673 1222 711 1252 et
735 1224 821 1251 non
847 1210 1058 1265 promissa
1081 1221 1120 1251 et
1146 1209 1357 1266 promissa
1391 1209 1473 1250 iam
1499 1207 1641 1250 fecit.»

222 1283 283 1325 Ita
315 1298 346 1324 S.
366 1282 634 1337 Augustinus
657 1280 741 1338 (Ι).
768 1281 904 1322 Porro
939 1279 1064 1322 altera
1089 1280 1155 1322 illa
1177 1280 1261 1322 vita
1285 1280 1361 1322 erit
1387 1278 1640 1322 immortalis

223 1365 263 1396 et
295 1365 483 1396 aeterna:
519 1351 732 1409 siquidem
767 1352 851 1393 Vita
884 1352 1070 1408 peritura
1103 1362 1143 1393 et
1174 1350 1420 1408 temporalis
1455 1365 1541 1393 non
1577 1361 1640 1393 est

221 1424 307 1467 vita
339 1423 459 1481 plene
492 1422 620 1466 beata.
654 1440 673 1463 ((
696 1424 824 1475 Vere,
875 1434 920 1464 ut
954 1420 1067 1464 idem
1113 1420 1236 1464 habet
1279 1436 1310 1464 5.
1346 1422 1509 1464 Doctor
1541 1419 1642 1479 (2),

221 1494 493 1552 perfecteque
526 1493 645 1537 beata
677 1493 764 1536 vita
796 1494 967 1536 nonnisi
1002 1504 1169 1536 aeterna
1201 1503 1328 1535 est».

340 1580 405 1621 30.
444 1566 694 1608 SCHottoN.
722 1563 833 1607 Illud
867 1565 1010 1622 quaeri
1045 1563 1112 1606 hic
1145 1575 1302 1621 potest,
1328 1574 1472 1606 utrum
1498 1564 1539 1605 in
1573 1579 1641 1606 or-

220 1636 317 1680 dine
351 1637 478 1679 etiam
502 1635 679 1679 naturali
704 1637 853 1679 iterata
878 1637 1042 1679 animae
1067 1650 1165 1678 cum
1190 1650 1369 1692 corpore
1394 1635 1639 1677 coniunctio

218 1708 362 1750 locum
382 1707 624 1750 habuisset?
642 1733 701 1739 -
717 1707 1091 1751 Animadvertatur
1105 1707 1313 1764 inprimiS‚
1328 1705 1414 1749 duo
1434 1705 1639 1763 distingui

221 1778 371 1822 debere
405 1779 446 1820 in
480 1779 805 1835 resurrectione,
830 1794 936 1836 quae
960 1779 1001 1821 in
1026 1776 1331 1835 supernaturali
1356 1776 1506 1820 ordine
1531 1776 1638 1820 obti-

220 1850 356 1894 nebit:
381 1850 668 1907 distinguatur
693 1866 848 1908 nempe
873 1851 980 1893 inter
1005 1849 1282 1892 substantiam
1302 1850 1378 1901 rei,
1399 1862 1438 1892 et
1457 1848 1639 1892 modum

219 1937 304 1979 quo
338 1938 402 1965 res
435 1921 518 1965 fiet,
553 1922 619 1965 Ad
654 1922 836 1966 modum
870 1921 987 1980 quod
1020 1934 1194 1978 spectat,
1220 1921 1425 1964 docemur
1449 1922 1636 1964 animam

219 1993 382 2036 beatam
418 1994 696 2036 coniunctum
730 1994 781 2036 iri
815 2009 893 2036 suo
928 1994 1098 2050 corpori
1141 1992 1332 2049 glorioso
1371 2008 1417 2034 ac
1451 1990 1637 2045 coelesti,

216 2066 241 2107 i.
276 2082 310 2108 e.
345 2064 515 2108 dotibus
549 2064 914 2121 in‘ipassibilitatis,
951 2064 1205 2120 subtilitatis,
1239 2063 1436 2120 agilitatis
1471 2078 1517 2105 ac
1550 2062 1631 2105 cla-

215 2136 347 2178 ritatis
382 2135 571 2193 praedito
605 2135 689 2193 (3).
728 2135 863 2188 Quod
898 2137 1045 2178 attinet
1079 2134 1131 2177 ad
1164 2136 1223 2177 rei
1258 2132 1555 2185 substantiam,
1591 2148 1637 2176 ea

215 2206 265 2249 ad
299 2206 380 2249 hoe
413 2206 538 2258 redit,
577 2219 621 2249 ut
673 2207 809 2250 anima
854 2208 1010 2250 iterum
1060 2222 1138 2249 suo
1187 2206 1383 2262 corpori,
1417 2203 1635 2248 doloribus

313 2406 369 2449 (Ι)
398 2405 451 2439 De
479 2404 544 2438 civ.
572 2404 639 2438 Dei
669 2404 689 2437 1.
719 2404 831 2437 XXII.
863 2415 890 2437 c.
926 2414 953 2439 1.
984 2415 1080 2437 num.
1115 2414 1136 2436 1.

313 2465 368 2508 (2)
398 2465 449 2498 Ib.
479 2464 502 2498 l.
533 2464 593 2497 XI.
622 2474 652 2497 c.
686 2473 735 2496 11.

311 2523 366 2567 (3)
395 2522 443 2557 Ut
470 2523 518 2556 ait
545 2534 559 2556 s
596 2522 833 2566 Augustinus
864 2533 924 2566 op.
956 2522 1013 2556 cit.
1043 2522 1064 2556 l.
1092 2522 1205 2556 XXII,
1237 2533 1310 2568 cap.
1339 2532 1407 2562 21.,
1436 2537 1452 2552 «
1473 2522 1535 2556 erit
1562 2522 1635 2567 spi-

216 2581 297 2615 ritui
323 2581 460 2616 subdita
489 2593 569 2615 caro
595 2581 799 2626 spiritualis,
830 2581 889 2615 sed
918 2589 1039 2614 tamen
1068 2592 1162 2624 caro,
1191 2592 1263 2615 non
1291 2581 1445 2627 spiritus.
1473 2595 1490 2612 »
