1734 2784
783 163 839 171 ...
872 138 927 193 34
963 163 1017 170 ...

191 251 307 278 mum
345 245 407 276 est
441 234 571 276 ratio:
608 232 801 275 videlicet
837 250 885 275 ex
922 248 1002 275 una
1038 243 1150 288 parte
1200 230 1249 273 ad
1286 231 1365 273 Dei
1416 232 1609 274 notitiam

190 304 493 349 etl'ormandam
529 305 791 361 assurgimus
825 321 873 346 ex
908 302 1157 360 imperfecta
1192 302 1270 355 illa,
1305 318 1435 359 quam
1465 302 1541 346 hac
1570 304 1612 346 in

188 379 269 419 vita
304 376 521 428 habemus,
557 388 860 426 creaturarum,
896 387 935 418 et
971 375 1143 433 quidem
1180 373 1389 438 inferioris
1426 373 1603 432 ordinis,

189 449 432 505 cognitione
465 447 557 505 (1):
592 464 641 490 ex
676 446 751 489 alia
786 459 900 504 parte
935 446 1059 488 liuius
1095 448 1206 489 vitae
1242 445 1432 488 mortalis
1467 460 1612 489 neces-

191 520 346 573 sitates,
379 518 648 570 calamitates,
684 518 876 559 miseriae
905 528 943 559 et
980 518 1197 573 passiones
1234 532 1312 559 nos
1348 515 1606 573 impediunt,

191 590 422 646 quominus
456 588 567 630 illam
603 590 736 646 ipsam
772 587 1065 644 imperfectam
1102 588 1183 630 Dei
1230 587 1448 640 notitiam,
1484 602 1612 645 quam

192 659 314 703 nobis
358 675 602 717 comparare
652 675 891 717 possemus,
942 675 1085 716 reapse
1135 659 1419 716 acquiramus.
1472 660 1613 702 Huius

191 744 332 774 autem
366 731 637 789 imperfectae
673 732 931 788 cognitionis
965 735 1057 773 tum
1092 730 1277 783 effectus,
1312 743 1405 773 tum
1435 731 1613 788 signum

193 816 254 846 est
287 803 560 861 imperfectus
594 802 661 845 ille
695 818 828 859 amor,
863 819 948 860 quo
994 803 1158 859 Deum
1187 803 1491 860 prosequimur
1524 801 1612 860 (2).

195 967 210 984 «
240 965 311 988 non
340 954 589 995 substantiam,
619 964 690 987 non
720 954 846 994 vitam,
878 965 951 987 non
980 952 1108 994 lucem,
1130 963 1204 986 non
1223 964 1381 994 sensum,
1409 964 1481 987 non
1503 964 1608 987 men-

191 1024 275 1055 tem,
304 1026 377 1048 non
404 1014 627 1058 sapientiam,
654 1024 727 1047 non
769 1014 984 1054 bonitatem,
1022 1024 1095 1046 non
1123 1012 1304 1053 deitatem,
1346 1012 1405 1046 sed
1444 1011 1613 1058 quiddam

192 1074 246 1107 his
273 1074 442 1108 omnibus
470 1073 686 1107 eminentius
715 1081 747 1106 et
777 1073 1027 1117 praestantius.
1057 1087 1072 1102 »
1104 1073 1145 1106 Et
1172 1084 1200 1106 s.
1222 1071 1395 1113 Thomas,
1423 1083 1448 1105 1.
1469 1083 1500 1117 p.
1521 1083 1551 1118 q.
1597 1099 1615 1114 .,

192 1134 263 1167 ait:
297 1148 311 1163 «
343 1133 438 1176 Quia
465 1132 507 1166 de
535 1133 612 1166 Deo
640 1132 729 1166 scire
758 1142 831 1165 non
860 1143 1052 1177 possumus
1084 1131 1166 1177 quid
1194 1131 1248 1173 sit,
1275 1130 1336 1165 sed
1363 1131 1445 1176 quid
1464 1142 1536 1164 non
1556 1131 1612 1173 sit,

190 1204 264 1227 non
293 1204 482 1238 possumus
510 1192 737 1226 considerare
767 1191 808 1225 de
836 1192 928 1232 Deo,
957 1191 1145 1236 quomodo
1187 1191 1244 1232 sit,
1274 1189 1335 1223 sed
1375 1189 1493 1235 potius
1521 1202 1612 1236 quo-

193 1252 303 1286 modo
331 1263 403 1286 non
432 1253 486 1285 sit.
516 1267 530 1282 »

289 1312 344 1356 (Ι)
374 1311 429 1345 Ad
457 1323 530 1345 rem
558 1311 711 1351 Lessius,
742 1310 784 1343 de
813 1321 956 1343 summo
985 1311 1082 1344 bono
1110 1309 1133 1343 l.
1168 1320 1194 1343 1.
1218 1320 1245 1343 c.
1267 1308 1297 1342 8.
1318 1320 1351 1342 n.
1377 1316 1444 1350 55.:
1478 1321 1493 1338 «
1523 1307 1614 1343 Om-

193 1372 247 1405 nis
273 1380 393 1405 nostra
423 1371 583 1416 cognitio
612 1370 750 1404 ducitur
781 1383 820 1403 ex
850 1370 1025 1405 sensibus.
1065 1369 1135 1404 Ubi
1172 1381 1256 1414 ergo
1296 1368 1387 1402 nihil
1428 1377 1491 1411 est,
1519 1367 1614 1413 quod

193 1432 255 1464 sub
284 1442 429 1464 sensum
457 1431 569 1472 cadat,
589 1430 634 1464 ibi
656 1429 744 1463 nihil
765 1440 957 1474 possumus
982 1429 1122 1474 proprie
1142 1438 1174 1462 et
1195 1428 1360 1462 distincte
1382 1438 1613 1473 cognoscere.

194 1490 302 1536 Atqui
330 1501 384 1523 res
410 1489 585 1535 spiritales
612 1488 699 1522 nihil
727 1489 868 1530 liabent,
897 1489 989 1534 quod
1029 1489 1092 1522 sub
1122 1499 1267 1521 sensum
1296 1487 1398 1521 cadat
1426 1486 1533 1531 (sicut
1560 1498 1614 1520 res

195 1549 433 1595 corporales),
461 1549 554 1594 quod
583 1548 722 1582 illarum
751 1547 999 1581 conditionem
1027 1548 1133 1581 nobis
1161 1548 1326 1580 insinuet.
1367 1546 1491 1587 Quare
1527 1545 1615 1580 sicut

192 1620 315 1643 caecus
343 1619 379 1642 se
407 1608 513 1642 habet
541 1608 583 1641 ad
614 1608 766 1649 colores,
794 1607 841 1641 ita
869 1606 939 1640 fere
968 1615 1090 1641 noster
1109 1606 1317 1640 intellectus
1335 1605 1378 1638 ad
1398 1605 1614 1639 substantias

194 1668 396 1712 spiritales:
428 1677 461 1701 et
489 1667 579 1701 sicut
608 1667 666 1701 ille
695 1679 768 1701 non
798 1675 916 1712 potest
943 1665 1078 1700 formas
1106 1676 1139 1700 et
1169 1665 1420 1699 distinctiones
1447 1663 1613 1699 colorum

194 1726 395 1771 concipere,
423 1727 468 1760 ita
497 1738 613 1772 neque
641 1737 742 1760 mens
769 1733 891 1759 nostra
919 1726 1053 1771 species
1082 1734 1114 1759 et
1142 1724 1333 1758 discrimen
1361 1735 1479 1758 rerum
1506 1723 1611 1768 spiri-

192 1785 330 1820 taliunr
361 1786 455 1819 Hinc
483 1786 532 1827 lit,
560 1795 595 1819 ut
623 1786 740 1819 solurn
770 1785 950 1830 generalia
992 1784 1168 1830 quaedam
1208 1797 1249 1817 ex
1291 1783 1457 1828 analogia
1496 1793 1612 1816 rerum

194 1844 450 1890 corporalium,
481 1856 568 1891 quae
596 1846 658 1878 sub
686 1856 829 1880 sensum
859 1845 1000 1885 cadunt,
1034 1844 1089 1878 vel
1116 1844 1243 1878 talium
1264 1843 1450 1878 amotione
1470 1842 1614 1887 deipsis

194 1915 416 1950 cognoscere
454 1905 647 1949 possimus,
688 1905 792 1950 idque
833 1903 988 1938 confuso
1031 1914 1062 1938 et
1091 1905 1243 1938 obscuro
1284 1901 1413 1937 modo:
1443 1902 1612 1936 nimirum

195 1962 289 2009 quod
317 1964 474 2008 partibus
502 1972 534 1996 et
559 1964 743 2005 membris,
772 1963 882 2007 Figura
918 1972 949 1997 et
978 1963 1100 1997 colore
1136 1971 1288 2004 careant,
1331 1961 1426 2008 quod
1463 1962 1532 1995 sint
1560 1971 1614 1995 res

195 2034 273 2056 aere
301 2022 414 2056 multo
441 2024 622 2057 tenuiores
651 2032 703 2056 etc
710 2051 763 2057 .....
792 2022 983 2057 Pulchrum
1011 2023 1156 2068 quidem
1185 2030 1236 2056 est
1263 2031 1295 2055 et
1316 2020 1528 2056 delectabile
1549 2021 1614 2055 ista

197 2092 428 2127 cognoscere,
469 2090 500 2114 et
542 2083 784 2116 coniecturam
824 2082 867 2116 de
907 2082 1110 2116 admirabili
1147 2093 1266 2116 earum
1307 2089 1433 2115 natura
1471 2079 1611 2121 facere3

196 2151 319 2174 verum
348 2141 428 2185 quia
456 2140 553 2174 nulla
580 2141 720 2175 ratione
746 2152 936 2186 possumus
964 2154 1005 2175 ex
1035 2142 1110 2175 istis
1139 2140 1321 2187 propriam
1358 2139 1499 2173 illarum
1527 2150 1611 2185 spe-

196 2201 287 2233 ciem
316 2209 348 2233 et
375 2199 612 2234 substantiam
641 2201 842 2245 imaginari,
870 2200 969 2234 nullo
991 2200 1101 2233 modo
1120 2200 1208 2234 haec
1229 2199 1391 2244 cognitio
1412 2198 1611 2244 appetitum

194 2260 312 2301 satiat,
341 2259 401 2293 sed
420 2260 537 2304 potius
558 2258 659 2293 illum
680 2259 809 2294 excitat
829 2260 868 2293 ad
891 2259 1141 2305 perfectiorem
1162 2259 1329 2293 notitiam
1351 2257 1610 2304 quaerendam,

195 2329 282 2364 quae
310 2319 453 2353 nonnisi
480 2318 603 2354 divino
631 2330 778 2352 munere
806 2320 960 2353 obtineri
988 2328 1118 2364 potest.
1147 2335 1162 2350 »
1195 2320 1379 2354 Hactenus
1407 2318 1551 2352 Lessius
1571 2317 1613 2352 de

195 2378 405 2423 cognitione
432 2378 622 2422 spirituum
660 2387 862 2412 creatorum
899 2378 1083 2413 disserens.
1125 2378 1222 2423 Quid
1259 2387 1378 2412 autern
1419 2377 1611 2411 dicendum

194 2438 257 2471 erit
285 2437 327 2472 de
353 2438 561 2484 cognitione
589 2437 736 2471 increati
763 2438 857 2471 illius
899 2438 1062 2482 Spiritus,
1104 2438 1162 2484 qui
1191 2447 1242 2472 est
1279 2439 1390 2479 Deus,
1432 2437 1490 2483 qui
1522 2448 1611 2470 unus

194 2506 244 2530 est
274 2505 304 2530 et
334 2497 540 2542 purissimus
578 2506 686 2538 actus,
713 2505 887 2536 aeternus,
915 2497 1123 2539 immensus,
1152 2497 1261 2531 totius
1289 2507 1364 2531 esse
1397 2495 1612 2542 plenitudo?

289 2556 345 2598 (2)
372 2555 549 2600 Apposite
576 2554 767 2599 Taparelli,
793 2555 911 2600 suggio
940 2559 1051 2588 teorct.
1079 2555 1213 2589 dissert.
1248 2566 1276 2590 1.
1307 2566 1334 2588 c.
1365 2565 1394 2588 2.
1424 2565 1522 2588 num.
1545 2553 1610 2596 36.:

197 2614 323 2649 «Non
352 2615 512 2660 potendo
548 2614 805 2659 l'intelligenza
845 2614 880 2647 in
920 2623 1040 2660 questa
1075 2615 1144 2648 vita
1185 2613 1341 2648 affissare
1381 2612 1610 2648 neli'infinito

1710 2646 1734 2784 &ah-‘nr
1724 2620 1734 2633 ι,
1731 2609 1734 2612 i
1726 2599 1727 2602 „
1723 2587 1727 2591 ⁴
