1734 2784
779 103 1042 158 ..358-

318 203 547 246 OssffiCTIo
589 200 661 242 IV.
713 200 911 255 Arguunt
958 209 1053 240 tum
1103 213 1152 240 ex
1201 198 1495 242 misericordia
1536 198 1619 242 Dei

202 273 382 324 infinita,
428 284 519 314 tum
568 286 617 313 ex
666 284 819 325 magna
866 267 1053 311 hominis
1103 267 1358 312 infirmitate.
1392 293 1450 302 —
1482 268 1621 325 Quod

200 356 358 402 spectat
392 343 441 384 :td
476 339 814 384 misericordiam
852 340 950 396 Dei,
995 338 1283 382 aninmdverte
1321 339 1399 398 1.⁰)
1445 340 1621 384 miseri-

200 414 389 458 cordiam
424 413 505 455 Dei
539 427 630 454 csse
664 410 839 469 quidem
876 409 1081 452 infinitam
1117 412 1157 453 in.
1190 412 1332 468 seipsa,
1355 426 1444 455 non
1477 423 1621 455 autem

199 488 239 529 in
275 485 361 528 suis
397 483 447 526 ad
480 495 593 526 extra
627 481 1043 525 manisc-stationibus
1094 482 1117 525 i.
1153 498 1188 525 e.
1224 483 1267 525 in
1302 483 1391 525 suis
1438 483 1623 526 misera-

198 558 400 601 tionibus.
428 556 519 598 Hae
543 553 698 597 multae
722 553 893 611 quidem
918 565 1030 607 sunt,
1054 568 1141 596 non
1163 565 1306 596 tamen
1331 553 1517 597 infinitae
1534 552 1621 612 (1).

197 628 502 674 Animadverte
537 625 618 684 2.⁰)
667 624 1007 668 misericordiam
1057 640 1103 668 ac
1150 623 1420 668 clementiam
1470 623 1622 669 debere

201 700 460 746 considerari
494 700 537 741 in
561 700 656 741 Deo
691 699 817 740 simul
853 713 949 740 cum
985 698 1134 740 ceteris
1169 696 1369 740 omnibus
1394 696 1623 752 attributis,

198 773 423 832 praecipue
457 787 559 814 vero
594 769 721 813 simul
757 785 853 812 cum
889 770 1059 813 iustitia.
1105 770 1330 822 «Scimus,
1367 770 1419 813 ita
1454 786 1485 813 s.
1511 770 1622 814 Hie-

198 859 413 901 ronymus
447 841 533 901 (2),
567 841 818 884 clementem
857 856 948 883 esse
982 841 1146 893 Deum,
1172 856 1248 883 nec
1282 841 1354 898 qui
1378 852 1624 899 peccatores

200 930 368 969 sumus,
405 912 652 956 crudelitate
686 911 795 953 iliius
832 909 1105 964 delectamur,
1140 911 1213 954 sed
1246 910 1442 968 legimus:
1495 911 1626 956 Mise-

198 988 321 1029 ricors
353 994 387 1028 et
425 987 556 1028 iustus
589 984 793 1027 Dominus
825 991 862 1024 et
896 983 1004 1025 Dans
1038 991 1169 1025 noster
1204 984 1426 1027 illiseretztr.
1462 982 1626 1026 Iustitia

199 1057 280 1100 Dei
313 1055 491 1099 vallatur
525 1053 831 1106 misericordia,
866 1065 904 1096 et
938 1052 1007 1095 tali
1052 1052 1103 1096 ad
1136 1052 1345 1096 iudicium
1394 1053 1624 1097 ambitione

197 1129 404 1186 procedit:
441 1127 500 1168 sic
534 1126 666 1184 parcit
702 1138 746 1167 ut
781 1125 951 1178 iudicet,
987 1126 1045 1167 sic
1079 1124 1236 1168 iudicat
1271 1137 1317 1168 ut
1361 1125 1625 1169 misereatur:

201 1198 485 1243 Misericordia
518 1207 552 1240 et
581 1199 734 1240 varium
770 1197 1041 1240 obviaverunt
1063 1196 1148 1240 Sibi:
1175 1198 1330 1240 iustitia
1352 1206 1389 1240 et
1407 1205 1495 1255 pax
1516 1211 1625 1241 oscu-

201 1271 308 1313 latae
342 1278 438 1313 sunt
470 1284 562 1312 se.»
595 1269 741 1325 Itaque
791 1269 910 1310 Deus
945 1268 998 1310 ita
1033 1279 1095 1310 est
1144 1266 1305 1311 infinite
1346 1266 1531 1311 clemens
1578 1283 1626 1312 ac

201 1341 461 1397 lnisericorS,
494 1351 539 1381 ut
573 1339 702 1381 simul
737 1340 790 1381 sit
824 1338 985 1381 infinite
1019 1339 1168 1381 iustus.
1194 1339 1243 1381 In
1277 1338 1358 1382 hoc
1391 1339 1481 1382 viae
1514 1350 1626 1382 statu

204 1411 337 1455 voluit
370 1427 490 1454 suam
525 1426 624 1467 erga
659 1409 879 1467 improbos
921 1399 1494 1453 111ise1·ic0rdia1n’latissime
1542 1408 1627 1453 do-

202 1484 370 1541 minari,
408 1483 605 1535 iustitiae,
642 1494 687 1524 ut
722 1483 781 1524 sic
814 1481 971 1534 dicam,
1007 1481 1324 1539 propemodum
1358 1480 1514 1524 oblitus
1537 1480 1626 1540 (3).

299 1632 355 1676 (Ι)
386 1647 403 1662 ‹<
423 1632 542 1673 Forse,
570 1631 705 1676 quaerit
732 1630 893 1675 Segneri,
926 1630 1044 1664 Manu.
1074 1630 1180 1664 MarZ.
1210 1639 1255 1674 7.‚
1277 1641 1351 1664 non
1378 1629 1424 1664 ha
1450 1629 1486 1663 la
1513 1628 1626 1663 mise-

203 1692 357 1726 ricordia
384 1693 393 1725 i
421 1691 501 1725 suoi
529 1690 650 1732 limiti,
680 1689 806 1724 dentro
834 1689 843 1722 i
872 1689 964 1735 quali
991 1689 1037 1722 ha
1063 1689 1105 1723 da
1135 1689 1359 1723 contenersi?
1385 1689 1435 1724 La
1473 1697 1628 1734 potenza

203 1751 323 1784 divina
350 1753 368 1784 'e
395 1750 544 1792 infinita,
572 1761 590 1783 e
619 1750 845 1784 contuttocio
872 1761 945 1782 non
974 1749 1131 1794 produce
1157 1748 1296 1783 infinite
1323 1749 1487 1784 cose.La
1514 1757 1626 1794 prov-

202 1810 351 1845 videnza
377 1810 498 1844 divina
523 1811 541 1842 e
569 1808 718 1851 infinita,
738 1820 756 1842 e
783 1808 1010 1842 contuttocio
1037 1819 1111 1841 non
1132 1807 1313 1852 provvede
1334 1819 1352 1841 a
1371 1806 1509 1842 infinite
1529 1816 1628 1842 cose.

206 1870 292 1904 Cos'l
319 1879 550 1915 quantunque
588 1869 620 1902 la
648 1868 767 1902 divina
805 1869 915 1902 bontii
951 1868 1003 1902 sia
1029 1867 1228 1912 parimente
1266 1866 1416 1910 infinita,
1454 1878 1528 1901 non
1566 1877 1631 1913 per

205 1937 332 1974 questo
360 1937 530 1973 §opposta
557 1927 698 1961 infinite
725 1926 868 1962 volte...
895 1927 999 1960 Altro
1027 1929 1045 1960 e
1074 1926 1105 1959 la
1132 1925 1379 1960 misericordia
1405 1925 1458 1960 nel
1484 1936 1541 1959 suo
1568 1929 1628 1960 at-

205 1987 344 2029 tributo,
373 1987 463 2021 altro
491 1988 509 2020 e
534 1986 586 2020 ne'
612 1986 686 2019 suoi
711 1987 785 2019 atti.
815 1986 943 2028 Questi
974 1997 1038 2031 pur
1064 1995 1195 2030 troppo
1222 1984 1345 2019 hanno
1385 1984 1470 2019 fine:
1498 1983 1632 2019 Multae

204 2050 280 2079 sunt
305 2045 533 2080 miserationes
558 2045 639 2086 eiu5,
665 2046 737 2079 cosi
767 2045 796 2078 si
824 2045 912 2085 dice,
933 2055 992 2078 ma
1020 2056 1094 2078 non
1120 2044 1195 2078 cosi
1215 2043 1287 2077 mai
1312 2043 1340 2077 si
1361 2043 1452 2085 dice,
1473 2041 1630 2088 infinitae

205 2111 293 2140 sunt.
316 2118 334 2137 ›>

302 2164 358 2209 (2)
388 2163 597 2200 Comment.
627 2164 662 2196 in
691 2175 766 2209 cap.
794 2163 853 2197 ΙΙΙ.
882 2163 1004 2198 Ionae.

299 2223 354 2268 (3)
380 2222 510 2265 Qualis
537 2230 738 2268 quantaque
767 2233 861 2255 nunc
888 2221 932 2256 sit
959 2221 1025 2256 Dei
1055 2222 1090 2255 in
1124 2228 1332 2267 peccatores
1371 2218 1632 2263 misericordia,

206 2282 297 2316 bene
317 2281 484 2316 dessribit
503 2281 651 2315 Dantes.
670 2282 775 2326 Puro:
796 2281 871 2322 111„
893 2281 942 2314 sic
960 2279 1187 2315 Manfredum
1208 2280 1418 2326 loquentem
1437 2277 1628 2313 inducens:

496 2345 624 2381 Poscia
651 2344 705 2378 ch
725 2344 744 2378 i
767 2345 847 2379 ebbi
876 2353 969 2379 rotta
996 2343 1029 2378 la
1055 2355 1210 2390 persona

587 2392 635 2427 Di
662 2392 731 2426 due
757 2400 867 2438 punte
895 2391 1050 2433 mortali,
1078 2391 1112 2425 io
1140 2392 1188 2425 mi
1215 2391 1336 2425 rendei

585 2439 798 2485 Piangendo
826 2451 845 2473 a
873 2439 969 2480 Quei
998 2438 1062 2473 che
1090 2438 1266 2472 volentier
1291 2438 1470 2483 perdona.

493 2486 629 2522 Orribil
656 2468 760 2520 furon
789 2487 815 2521 li
842 2486 980 2532 peccati
1007 2486 1106 2528 miei3

595 2534 655 2568 Ma
682 2534 714 2568 la
738 2534 851 2568 bonta
878 2533 1016 2568 infinita
1041 2532 1086 2567 ha
1113 2544 1141 2567 Sl
1169 2543 1258 2578 gran
1283 2531 1435 2574 braccia,

592 2580 668 2615 Che
698 2580 831 2626 prende
859 2581 914 2615 cio
942 2580 1007 2614 che
1035 2580 1063 2614 si
1089 2580 1226 2614 rivolve
1253 2590 1272 2613 a
1297 2578 1358 2613 lei.
