1734 2784
113 202 148 243 is
181 214 280 243 sane
313 200 493 258 practice
543 199 780 242 contemnit
828 195 1118 254 legislatorem
1168 196 1344 252 eiusque
1377 193 1532 251 legem,

117 273 236 316 cuius
270 270 510 315 custodiam
543 269 654 314 facto
688 270 780 328 ipso
825 268 1018 325 declarat,
1053 283 1096 311 se
1115 267 1195 311 .Vel
1243 267 1286 310 in
1320 266 1438 310 nullo
1469 265 1536 311 vel

115 345 158 388 in
192 358 322 403 parvo
355 343 493 401 pretio
527 342 692 399 habere,
713 343 769 385 ita
802 354 848 385 ut
879 342 921 384 in
954 339 1215 400 probabilem
1240 340 1330 384 eius
1355 339 1537 383 existen-

115 418 218 460 tiam
252 415 479 474 diligenter
512 415 725 473 inquirere
759 412 880 458 nolit.
915 414 1111 456 Iamvero
1146 412 1214 455 hic
1248 422 1536 469 contemptus,

115 505 203 548 quo
235 487 430 532 voluntas
464 487 750 545 legislatorem
784 486 1012 545 legemque
1046 486 1337 544 prosequitur,
1366 485 1447 528 iam
1474 496 1536 528 est

114 559 265 604 malus:
299 559 417 619 quod
449 560 484 603 si
517 560 690 617 insuper
723 559 942 616 contingat
984 557 1124 616 legem
1157 573 1302 602 revera
1335 557 1536 612 existere,

115 634 239 691 eique
257 631 340 690 legi
360 648 469 690 opus
491 647 583 676 esse
603 633 879 686 contrarium,
898 646 1007 689 opus
1022 630 1105 674 hoc
1118 631 1198 674 erit
1221 631 1396 684 malum,
1416 629 1538 687 quale

115 716 225 749 esset
257 705 292 747 si
326 719 424 747 cum
458 702 640 762 perfecta
663 703 767 760 legis
792 703 1041 761 cognitione
1066 703 1255 761 positum
1280 700 1428 745 fuisset
1450 700 1534 761 (1).

114 802 170 810 —
204 777 303 820 Huc
334 791 466 835 porro
499 774 603 820 illud
626 774 748 832 redit,
778 775 894 833 quod
919 776 1076 833 passim
1113 785 1292 818 monent
1325 786 1536 826 auctoreS,

114 848 254 905 legem
287 846 523 891 naturalem
555 862 634 891 nos
669 846 857 905 obligare
891 846 941 890 ad
975 846 1076 890 haec
1125 847 1229 901 duo,
1265 861 1419 903 nempe
1452 859 1538 887 non

115 918 249 963 modo
283 918 334 963 ad
367 918 628 962 observanda
662 918 859 962 mandata
893 931 1009 962 certo
1044 917 1216 975 cognita
1248 917 1323 976 (ne
1357 917 1538 960 scienter

115 991 206 1049 ipsa
235 990 487 1050 violemus),
522 989 597 1034 sed
628 991 757 1034 etiam
801 989 852 1034 ad
883 989 1191 1048 inquirendum
1226 988 1450 1046 diligenter
1487 987 1538 1031 de

114 1063 311 1121 ipsorum
334 1062 557 1106 existentia
587 1062 663 1121 (ne
686 1077 761 1120 per
783 1061 1025 1120 inquirendi
1048 1060 1357 1119 negligentiam
1387 1058 1537 1104 eadem

117 1133 516 1192 transgrediamur).
537 1135 662 1187 Quae
681 1133 768 1177 duo
786 1146 885 1176 sunt
905 1149 1074 1191 semper
1091 1132 1145 1176 ob
1165 1132 1316 1176 oculos
1334 1131 1539 1176 habenda.

210 1207 256 1266 β)
290 1207 350 1251 Ut
382 1206 476 1264 quis
510 1207 564 1250 sit
596 1221 694 1249 vere
728 1205 926 1263 obligatus
960 1205 1010 1249 ad
1036 1205 1279 1263 ponendam
1303 1204 1369 1248 vel
1402 1204 1538 1248 omit-

116 1279 289 1325 tendam
308 1278 491 1338 aliquam
510 1279 743 1332 actionem,
764 1276 887 1322 debet
905 1290 1003 1336 post
1026 1276 1257 1321 adhibitam
1285 1275 1537 1334 diligentem

117 1352 496 1410 investigationem
531 1363 673 1395 certus
698 1366 789 1394 esse
824 1349 874 1393 de
899 1350 1117 1393 existentia
1142 1348 1233 1406 legis
1259 1348 1542 1407 praecipientis

116 1426 381 1484 positionem
414 1424 479 1468 vel
514 1424 796 1467 omissionem
820 1422 931 1465 illius
956 1422 1147 1465 aetionis,
1170 1445 1226 1453 —
1256 1438 1275 1462 α
1298 1422 1461 1473 Nemo,
1486 1421 1541 1463 ait

116 1514 148 1542 s.
167 1496 417 1556 Alphonsus
437 1495 523 1556 (2),
546 1495 597 1539 ad
619 1495 803 1553 aliquam
823 1494 963 1551 legem
989 1493 1238 1537 servandam
1262 1504 1441 1549 tenetur,
1465 1493 1542 1535 nisi

116 1570 188 1614 illa
202 1577 242 1613 ιιι
260 1577 367 1614 certa
379 1568 505 1613 alicui
519 1567 812 1620 ‘manifestatum
832 1567 980 1609 Posito
1000 1566 1131 1623 enim,
1144 1577 1189 1608 ut
1207 1564 1408 1618 vidimus,
1423 1563 1539 1622 quod

115 1641 181 1685 lex
215 1641 455 1685 necessario
480 1653 543 1683 est
566 1637 893 1698 promulganda,
916 1650 959 1681 ut
983 1637 1157 1695 obliget,
1184 1638 1217 1680 si
1243 1636 1539 1695 promulgatur

116 1713 182 1758 lex
216 1711 355 1766 dubia,
390 1710 730 1771 promulgabitur
763 1710 983 1754 dumtaxat
1017 1709 1212 1767 dubium,
1236 1709 1384 1767 opinio
1404 1745 1416 1762 ,
1452 1710 1539 1752 sive

117 1785 325 1843 quaestio,
359 1799 463 1827 num
498 1782 606 1826 adsit
649 1782 717 1826 lex
768 1781 999 1840 prohibens
1033 1782 1278 1835 actionem,
1329 1780 1402 1824 sed
1453 1796 1539 1824 non

115 1855 461 1915 promulgabitur
493 1855 569 1899 lex.
596 1856 709 1898 Hinc
748 1870 880 1898 omncs
904 1853 958 1897 ad
980 1854 1243 1898 asserendum
1280 1855 1537 1906 conveniunt,

212 2057 264 2104 (1)
293 2057 383 2093 Vide
412 2057 488 2091 loca
519 2058 663 2092 Aristot,
685 2068 798 2102 super.
820 2055 927 2091 :illata
950 2068 1029 2103 pag.
1057 2066 1148 2098 1405
1186 2070 1201 2085 «
1219 2056 1345 2102 Neque
1364 2055 1459 2090 enim
1480 2065 1540 2101 per

117 2131 196 2154 eam
223 2119 464 2159 inscientiam,
493 2129 583 2163 quae
612 2126 662 2152 est
693 2117 904 2151 voluntaria.
933 2118 1036 2151 invite
1065 2116 1148 2163 quid
1177 2125 1295 2150 actum
1324 2116 1452 2150 dicitur
1480 2115 1539 2149 sed

116 2180 269 2225 improbe
294 2188 361 2213 etc.
382 2194 397 2209 ι»
429 2177 482 2212 Cf.
514 2178 678 2224 Esparm,
709 2178 751 2212 de
781 2186 849 2212 act.
877 2178 976 2213 hum.
1007 2190 1039 2224 q.
1068 2177 1200 2211 XXIV.

212 2240 269 2284 (2)
298 2238 427 2273 Theol.
457 2250 549 2274 mor.
579 2236 598 2271 l.
635 2248 659 2271 1.
687 2246 787 2272 tract.
821 2249 845 2272 1*
875 2238 918 2271 de
947 2236 1079 2272 Conse.
1108 2236 1244 2271 Mor-ak¹
1272 2236 1541 2282 systemaPlu-

118 2311 175 2334 res
201 2299 303 2334 affert
329 2298 573 2339 auctoritates,
603 2297 822 2332 nominatim
851 2308 935 2331 vero
964 2298 1031 2331 hoc
1062 2308 1086 2330 s.
1115 2296 1284 2331 Thomae
1312 2296 1540 2342 principium,

120 2359 161 2394 de
190 2359 303 2394 Verit.
332 2371 363 2405 q.
398 2368 446 2402 17.
475 2370 506 2392 a.
541 2369 551 2401 3
576 2370 581 2391 z
616 2373 631 2387 «
651 2357 771 2392 Nullas
798 2358 928 2403 ligatur
950 2364 1012 2404 par
1047 2362 1260 2404 prizeceplzcm
1301 2356 1447 2402 aliquod,
1478 2358 1542 2390 uisi

116 2419 283 2453 mediante
310 2419 451 2452 scientia
479 2417 566 2451 illius
590 2419 772 2463 putescpli.
797 2432 812 2448 »
846 2417 887 2451 Et
915 2417 1045 2451 subdit:
1083 2431 1097 2446 «
1119 2418 1173 2451 Ab
1215 2417 1385 2451 omnibus
1424 2416 1539 2463 philo-

117 2478 241 2524 sophis
268 2489 348 2511 cum
380 2489 403 2510 s.
431 2476 574 2510 Tlioim
604 2477 753 2510 docetur
795 2474 977 2510 distinctio
1013 2478 1102 2510 {nter
1132 2477 1335 2523 Opi-'nfrmrrzm
1363 2486 1395 2510 ct
1422 2476 1539 2511 Scim-

119 2539 214 2573 tiam.
245 2537 383 2582 Opinio
412 2538 559 2571 denotat
586 2536 834 2581 cognitionem
863 2536 1006 2570 dubiam
1037 2545 1094 2570 aut
1130 2535 1355 2582 probabilem
1395 2536 1540 2570 alicuius

118 2596 286 2640 veritatis;
310 2596 459 2631 scientia
493 2607 577 2630 vero
605 2596 854 2642 cognitionem
884 2605 1017 2631 certam
1038 2607 1075 2630 ac
1096 2604 1282 2642 patentem
1310 2596 1498 2643 significat.
1519 2610 1535 2628 υ
