1734 2784
701 105 758 114 —
789 93 874 138 419
908 106 966 115 —.

228 173 320 219 JV·
353 176 416 218 De
438 177 677 220 conscientia
700 177 904 235 opinante.
929 178 1021 221 Hac
1052 178 1095 221 in
1118 179 1386 236 quaestione,
1411 180 1565 239 inquit

117 245 281 289 Suarez
312 244 401 304 (1),
433 245 747 290 «distinctione
780 246 1019 292 utendum:
1054 248 1271 292 interdum
1305 251 1421 294 enim
1454 252 1552 309 opi·

116 317 273 360 niones
305 330 529 360 versantur
560 319 665 362 circa
699 321 762 362 ius
794 321 940 377 ipsum,
973 319 1131 364 scilicet
1163 337 1215 365 an
1248 321 1331 365 hoc
1364 322 1417 366 sit
1446 339 1548 382 pro-

117 387 308 431 hibitum
339 386 407 431 vel
437 401 730 447 praeceptum,
765 406 927 436 necne:
962 390 1177 435 interdum
1211 407 1312 436 vero
1346 395 1452 438 circa
1485 411 1559 440 res*

118 461 247 518 ipsas,
282 472 329 502 ut
359 472 459 502 sunt
492 461 720 518 opiniones
755 460 806 505 de
841 462 1142 520 Sacramentis,
1181 479 1233 506 an
1281 463 1365 508 hoc
1412 466 1548 510 modo

115 530 229 574 facta
259 542 449 583 teneant,
484 546 631 585 necne,
665 545 706 575 et
739 533 781 574 in
814 533 1042 586 Medicina,
1075 550 1126 577 an
1149 533 1231 578 hoc
1264 534 1548 592 pharmacum

116 603 176 644 sit
208 601 311 644 utile
343 601 410 645 vel
442 603 735 660 perniciosum
754 620 794 647 ».
830 605 922 647 Hac
965 606 1213 662 praestituta
1260 605 1548 662 distinctione,

124 672 210 716 duo
244 673 447 730 ponimus
481 674 705 731 principia.

242 746 303 788 Ac
329 746 481 802 primo,
519 744 690 802 quando
724 761 794 788 eae
828 747 1053 803 opiniones
1093 760 1317 791 versantur
1350 750 1453 793 circa
1485 767 1548 796 res

116 818 248 874 ipsas,
283 831 335 858 an
367 816 451 858 sint
482 815 576 859 talis
609 828 782 859 naturae
813 817 878 860 vel
912 817 1190 872 conditionis,
1216 835 1339 878 saepe
1375 833 1543 866 tenetur

116 888 257 932 homo
289 886 498 946 praeferre
531 889 783 945 opinionem
806 889 1134 947 probabiliorem
1167 893 1310 935 minus
1337 893 1547 951 probabili

122 975 196 1003 seu
230 960 352 1017 sequi
402 971 565 1017 partem
610 962 828 1017 tutiorem,
876 960 1005 1019 (quae
1052 978 1209 1020 nempe
1257 965 1396 1021 magis
1436 978 1549 1009 arcet

118 1031 398 1090 periculum),
433 1031 604 1090 quando
637 1032 796 1075 scilicet
828 1049 878 1076 ex
900 1034 1061 1076 iustitia
1083 1034 1147 1076 vel
1172 1036 1341 1078 caritate
1377 1048 1548 1081 tenetur

116 1106 252 1147 vitare
285 1103 490 1147 damnum
524 1104 590 1147 vel
622 1104 968 1161 incommodum,
992 1104 1108 1163 quod
1134 1107 1175 1148 in
1199 1122 1242 1149 re
1266 1107 1356 1164 ipsa
1389 1107 1549 1162 snbest‚

114 1175 186 1218 vel
220 1175 458 1234 periculum
477 1176 567 1218 eius
592 1175 676 1234 (2).
701 1201 758 1208 —
793 1177 889 1219 Hoc
907 1188 1029 1233 pacto
1053 1177 1245 1221 medicus
1264 1190 1305 1221 et
1325 1178 1549 1236 chirurgus

117 1259 321 1290 tenentur
353 1246 404 1289 ad
438 1245 751 1289 medicamenta
784 1259 823 1289 et
878 1246 1017 1289 media
1064 1249 1236 1304 tutiora,
1269 1264 1374 1306 quae
1409 1249 1478 1293 hic
1509 1263 1551 1294 et

114 1334 234 1362 nunc
267 1317 409 1361 haberi
443 1331 640 1376 possunt,
676 1317 939 1361 adhibenda:
973 1320 1071 1376 quia
1093 1321 1220 1362 tacito
1255 1333 1472 1364 contractu
1497 1322 1548 1365 ad

119 1389 250 1434 finem
285 1391 475 1433 securius
510 1389 808 1446 obtinendum,
842 1391 884 1431 in
923 1403 1129 1447 quantum
1160 1390 1250 1433 fieri
1293 1404 1464 1449 potest,
1504 1409 1554 1436 se

116 1461 378 1519 obligarunt.
412 1462 521 1504 Item
557 1462 754 1504 minister
790 1462 1065 1518 Sacramenti,
1100 1462 1169 1505 ubi
1204 1462 1254 1505 de
1289 1464 1378 1505 eius
1403 1464 1552 1508 valore

116 1534 277 1590 agitur,
313 1533 394 1575 nisi
429 1532 620 1575 defectus
655 1531 901 1589 suppleatur
945 1532 992 1575 ab
1028 1532 1242 1587 Ecclesia,
1287 1533 1353 1576 vel
1399 1548 1551 1592 urgeat

115 1619 240 1646 casus
274 1604 555 1660 necessitatis,
589 1604 793 1646 tutiorem
830 1616 1006 1661 partem,
1042 1605 1083 1646 in
1117 1617 1323 1661 quantum
1369 1618 1543 1663 potest,

117 1675 264 1718 relicta
298 1676 440 1718 minus
475 1687 566 1717 tuta
600 1674 823 1731 probabili,
848 1675 914 1718 vel
947 1677 1074 1718 etiam
1109 1675 1398 1733 probabiliori,
1420 1679 1542 1736 sequi

116 1758 317 1791 tenetur:
351 1748 473 1799 ratio,
510 1747 605 1804 quia
640 1745 759 1789 aliter
792 1759 1023 1804 exponeret
1056 1748 1376 1790 Sacramentum
1426 1750 1546 1806 peri-

113 1818 217 1861 -culo
251 1818 453 1861 nullitatis
474 1830 513 1860 et
538 1819 785 1875 proximum
820 1818 1009 1875 periculo
1034 1818 1176 1861 damni
1201 1819 1430 1876 spiritualis
1457 1820 1547 1879 (3)

219 1969 276 2014 (1)
304 1970 359 2003 De
386 1980 487 2015 prox,
515 1979 587 2013 reg.
617 1968 730 2001 bonit.
755 1976 788 2002 et
816 1967 898 2001 mal.
919 1967 1019 2002 hum.
1040 1977 1123 2010 act.‚
1153 1967 1242 2013 disp.
1270 1968 1350 2004 XII.
1373 1977 1460 2005 sect.
1483 1969 1543 2005 VI.

119 2040 220 2063 num.
249 2029 280 2062 8.

215 2088 272 2133 (2)
302 2088 353 2122 Ita
380 2088 523 2127 Suarez,
555 2087 622 2121 loc.
650 2087 708 2120 cit.
739 2097 834 2120 num.
870 2095 919 2119 10.
940 2086 1017 2119 Hoc
1045 2086 1265 2131 principium
1293 2086 1343 2120 sic
1372 2088 1542 2133 proponit

114 2147 229 2192 (Bury,
257 2156 356 2181 tract.
386 2147 428 2180 tle
455 2157 575 2180 consc.
605 2155 668 2179 nrt.
699 2146 737 2178 ll.
770 2158 786 2176 <‹
805 2145 887 2178 Non
915 2145 995 2178 licet
1022 2146 1118 2191 sequi
1149 2145 1365 2189 opinionem
1405 2148 1540 2192 proba-

118 2206 241 2245 bilem,
269 2206 392 2240 relicta
420 2205 564 2245 tutiore,
593 2206 733 2251 quoties
762 2204 860 2238 adest
890 2204 1065 2247 obligatio
1094 2204 1254 2238 absoluta
1283 2204 1433 2239 alicuius
1462 2205 1546 2239 sinis

120 2265 348 2300 determinati
377 2265 578 2307 obtinendi,
610 2276 716 2310 quem
750 2276 831 2296 usus
859 2264 968 2297 medii
998 2263 1229 2309 probabiliter
1256 2264 1367 2309 inepti
1396 2264 1429 2297 in
1456 2265 1548 2310 peri-

120 2325 241 2359 culum
269 2325 472 2365 adduc-eren
500 2333 582 2358 tunc
612 2323 722 2369 igitur
749 2334 829 2367 pars
856 2323 967 2357 tutior
994 2331 1045 2356 est
1071 2323 1295 2369 sequenda.»
1327 2322 1424 2357 Tum
1461 2336 1549 2358 vcro

117 2395 258 2432 praeter
284 2387 352 2420 alia
380 2385 521 2419 subiicit
549 2385 632 2426 duo,
661 2395 750 2430 quae
778 2384 974 2425 attulimus,
1003 2384 1179 2429 exempla.

215 2445 272 2488 (3)
298 2445 390 2479 Hinc
419 2446 548 2478 merito
569 2444 739 2477 damnata
768 2452 820 2477 est
848 2443 889 2476 ab
913 2442 1126 2476 Innocentio
1154 2443 1214 2476 xl.
1233 2442 1321 2476 hacc
1341 2442 1544 2488 propositio

118 2506 181 2540 sub
209 2517 310 2539 num.
346 2516 383 2539 1.:
410 2505 493 2538 Non
523 2514 573 2538 est
594 2504 760 2537 illicitum
784 2502 819 2535 iii
839 2502 1080 2536 Sacramentis
1109 2501 1336 2536 conferendis
1355 2503 1455 2549 sequi
1474 2501 1551 2547 opi-

115 2564 266 2598 nionem
296 2564 518 2609 probabilem
547 2563 589 2598 de
618 2564 740 2598 valorc-
769 2562 1001 2603 Sacramenti,
1034 2562 1155 2595 relicta
1182 2561 1324 2595 tutiore.
