1734 2784
683 145 739 153 “-
776 134 854 176 341
891 145 948 153 ’-

92 230 141 258 ac
171 212 400 256 voluntatis
433 228 521 256 non
555 215 794 272 concipitur
827 215 1094 272 praestitutio
1127 213 1222 257 finis
1259 213 1399 256 ultimi
1434 214 1523 257 hu-

95 300 318 329 manarum
351 285 601 340 actionum,
635 302 774 344 neque
821 286 973 330 harum
1023 286 1074 329 ad
1123 284 1244 328 illum
1293 285 1524 329 ordinatio.

95 357 211 414 Ergo
246 355 419 399 moralis
454 355 659 414 obligatio
699 373 787 400 non
837 358 1076 416 concipitur
1124 357 1422 400 antecedenter
1474 356 1525 400 ad

92 427 413 472 ordinationem
447 427 612 471 divinae
645 429 874 487 sapientiae
908 444 954 472 ac
986 429 1233 472 voluntatis

213 499 264 541 II.
288 497 584 542 Nihilominus
613 500 853 557 concipitur
880 499 1209 543 fundamentum
1235 499 1525 557 obligationis.

93 571 208 615 Nam
241 569 535 614 antecedenter
569 571 618 614 ad
653 571 970 615 ordinationem
1006 572 1172 615 divinae
1216 572 1444 630 sapientiae
1480 586 1526 614 ac

95 641 296 685 bonitatis
332 643 570 699 concipitur
594 643 702 686 ratio
727 644 888 686 summi
923 644 1045 700 Boni,
1069 656 1110 687 et
1132 645 1363 687 intrinseca
1396 643 1527 686 actio-

94 728 202 756 num
237 712 467 756 moralitas,
502 708 635 771 Atqui
668 714 773 757 ratio
808 715 969 757 summi
1004 715 1113 758 Boni
1158 727 1221 758 est
1262 713 1525 758 fundamen—

94 796 205 837 tum,
241 799 313 826 cur
346 784 465 826 Deus
499 785 636 842 possit
670 797 711 828 et
751 784 899 828 debeat
943 801 1034 829 esse
1081 785 1178 829 finis
1228 785 1431 830 ultimus:
1466 786 1527 827 in-

96 855 278 898 trinseca
311 853 379 897 illa
413 854 629 898 moralitas
678 868 741 899 est
789 855 1121 900 fundamentum
1170 873 1243 900 seu
1287 858 1410 914 ratio,
1453 872 1527 899 cur

95 925 174 969 hae
207 926 394 969 actiones
429 927 592 984 potius,
629 942 734 984 quae
769 927 860 970 illae
883 928 968 971 sint
1002 944 1100 970 cum
1132 927 1215 970 fine
1245 927 1401 971 ultimo
1427 943 1528 970 con-

96 996 341 1041 nectendae.
392 998 506 1055 Ergo
555 997 854 1041 antecedenter
897 997 949 1042 ad
998 998 1312 1041 ordinationem
1359 998 1527 1042 divinae

101 1069 330 1127 sapientiae
373 1085 419 1112 ac
466 1068 698 1112 voluntatis
747 1070 987 1127 concipitur
1036 1068 1365 1113 fundamentum
1417 1069 1529 1112 obli-

101 1142 304 1199 gationis,
337 1166 395 1174 —
428 1143 574 1187 Restat
608 1142 736 1198 igitur
768 1141 908 1198 legem
941 1141 1178 1185 naturalem
1222 1158 1327 1194 esse,
1366 1160 1387 1181 ‹<
1414 1140 1528 1183 iudi-

99 1213 218 1256 cium
266 1211 504 1255 intellectus
553 1212 604 1255 de
635 1212 855 1255 voluntate
904 1213 985 1256 Dei
1034 1225 1080 1255 ut
1112 1213 1303 1270 supremi
1354 1224 1528 1254 naturae

96 1282 411 1342 gubernatoris,
432 1283 540 1327 mala
562 1285 742 1327 vetantis
766 1300 811 1327 ac
834 1283 946 1327 bona
967 1284 1281 1342 praecipientis.
1300 1302 1322 1323 >›
1351 1285 1414 1327 Ita
1437 1283 1529 1327 Bal-

101 1355 240 1413 lerini‚
273 1355 300 1399 l.
335 1372 367 1400 c.

403 1570 421 1615 S
449 1571 518 1604 VI.
546 1571 605 1603 De
632 1571 847 1605 sanctione
873 1558 980 1612 legiS
1008 1569 1225 1603 naturalis

634 1725 800 1768 Tnsssis
836 1726 993 1768 XLIII.

100 1842 150 1886 In
184 1840 358 1898 confesso
391 1850 462 1899 est,
493 1842 629 1884 Deum
668 1842 901 1884 naturalem
950 1842 1071 1898 legem
1117 1840 1290 1898 perfecta
1323 1841 1527 1883 sanctione

222 1914 538 1956 commnnivisse.

224 2021 318 2064 127.
351 2009 719 2052 PRAENO'rioNEs.
756 2009 815 2051 Ut
850 2007 932 2049 iam
974 2006 1183 2060 diximus,
1220 2007 1383 2049 sanctio
1418 2022 1528 2064 sup·-

101 2079 222 2136 ponit
246 2077 556 2135 obligationem
575 2091 699 2135 atque
724 2076 772 2120 ad
797 2093 889 2120 eam
914 2092 958 2120 se
981 2075 1105 2119 habet
1128 2089 1349 2133 tamquam
1369 2076 1529 2134 aliquid

99 2163 367 2206 consequens
392 2148 443 2192 ad
467 2165 594 2191 suum
619 2147 884 2191 antecedens,
911 2147 1013 2191 Ideo
1038 2148 1150 2190 enim
1178 2147 1342 2189 sanctio
1367 2162 1388 2189 a
1411 2159 1528 2190 recto

99 2219 341 2277 legislatore
375 2219 684 2263 determinatur
717 2235 790 2262 seu
826 2219 1131 2276 praestituitur,
1157 2230 1202 2260 ut
1236 2218 1304 2260 lex
1337 2230 1529 2262 servetur

102 2302 142 2333 et
175 2288 377 2347 obligatio
412 2289 650 2347 impleatur:
676 2289 772 2332 ideo
806 2290 847 2331 in
881 2301 1021 2332 actum
1046 2288 1263 2331 reducitur
1287 2304 1361 2331 seu
1395 2287 1532 2346 appli-

103 2372 220 2404 catur
253 2360 447 2414 subditis,
484 2361 584 2418 quia
604 2360 653 2403 ab
683 2362 741 2404 eis
767 2360 830 2403 lex
863 2364 913 2405 et
935 2359 1140 2417 obligatio
1164 2359 1242 2402 fuit
1266 2359 1439 2418 impleta
1462 2359 1530 2403 vel

101 2431 271 2476 violata.
307 2433 436 2484 Hinc,
473 2444 517 2474 ut
551 2430 754 2485 diximus,
788 2432 950 2475 sanctio
985 2432 1075 2474 iure
1110 2432 1351 2489 meritoque
1397 2447 1531 2475 voca-

102 2517 171 2548 tur
203 2503 333 2547 tutela
364 2504 485 2561 legis,
519 2504 842 2546 munimentum
889 2502 1178 2560 obligationiS,
1222 2518 1299 2546 nec
1332 2515 1419 2546 tam
1465 2515 1529 2546 est

102 2573 365 2619 elementum
399 2573 621 2617 essentiale
655 2573 776 2631 legis,
801 2590 928 2632 quam
964 2573 1156 2617 eiusdem
1194 2575 1430 2632 proprietas
1465 2574 1531 2617 vel
