1734 2784
762 81 992 122 -90-

167 174 303 202 neam.
339 160 400 202 En
450 161 671 218 praecipua
719 174 971 219 argumenta
1009 178 1040 206 s.
1078 162 1279 206 Thomae
1311 164 1383 223 (1)
1433 163 1588 218 verbis,

169 247 274 290 quae
308 231 540 274 clarissima
575 246 688 289 sunt,
723 235 955 291 proposita.

291 321 311 342 «
336 303 401 345 Ad
437 304 751 347 ostendendum
785 305 917 348 etiam
952 307 1310 350 resurrectionem
1361 309 1494 351 carnis
1528 308 1592 352 su-

168 387 307 416 turam
343 374 515 417 evidens
551 377 658 418 ratio
694 375 962 432 suffragatur,
999 378 1233 433 suppositis
1279 378 1375 436 his,
1410 395 1514 437 quae
1550 381 1592 424 in

169 446 459 504 superioribus
479 460 576 490 sunt
595 460 776 490 ostensa.
793 473 848 481 —
863 447 1106 491 Ostensum
1125 461 1187 492 est
1206 451 1319 493 enim
1339 450 1409 510 (2)
1428 452 1592 495 animas

171 517 398 560 hominum
434 518 698 561 immortales
733 534 853 562 esse:
889 532 1112 562 remanent
1146 521 1274 576 igitur
1298 534 1394 579 post
1417 538 1595 580 corpora

172 605 193 631 a
228 589 478 647 corporibus
512 589 740 633 absolutae.
766 589 1045 633 Manifestum
1071 603 1132 634 est
1158 592 1285 635 etiam
1310 610 1359 636 ex
1384 593 1464 650 his,
1488 609 1595 652 quae

173 661 281 704 dicta
314 674 413 705 sunt
447 662 534 720 (3),
560 662 677 720 quod
711 663 850 705 anima
877 664 1047 721 corpori
1070 665 1313 708 naturaliter
1348 666 1508 719 unitur,
1534 677 1596 709 est

172 734 285 776 enim
309 734 545 777 secundum
571 750 689 777 suam
713 736 941 778 essentiam
968 737 1158 794 corporis
1184 736 1333 780 forma.
1370 738 1442 780 Est
1465 738 1596 794 igitur

173 818 318 849 contra
351 818 545 849 naturam
580 807 744 850 animae
768 806 926 865 absque
951 823 1131 865 corpore
1156 824 1261 852 esse.
1286 808 1405 853 Nihil
1438 821 1596 863 autem,

174 877 290 936 quod
325 890 387 921 est
421 891 569 921 contra
602 892 828 937 naturam,
862 892 1002 937 potest
1051 896 1142 924 esse
1191 894 1461 939 perpetuum.
1494 882 1598 926 Non

173 950 303 1005 igitur
335 962 544 1008 perpetuo
579 952 656 994 erit
690 953 830 994 anima
862 951 1017 1010 absque
1054 967 1250 1011 corpore.
1284 954 1436 1007 Quum
1470 954 1598 1011 igitur

175 1036 381 1080 perpetuo
416 1036 596 1081 maneat,
630 1037 800 1082 oportet
838 1040 930 1068 eam
981 1027 1152 1083 corpori
1200 1027 1347 1069 iterato
1379 1027 1599 1084 coniungi,

176 1093 293 1151 quod
327 1107 388 1138 est
421 1111 655 1153 resurgere.
682 1095 986 1140 immortalitas
1010 1098 1140 1153 igitur
1162 1099 1401 1141 animarum
1427 1099 1597 1155 exigere

177 1164 343 1210 videtur
376 1169 736 1212 resurrectionem
771 1184 1005 1226 corporum
1030 1168 1216 1213 futuram
1241 1170 1323 1228 (4).
1351 1197 1401 1202 -—
1426 1169 1597 1224 Adhuc,

273 1368 329 1412 (1)
361 1368 485 1402 Contr.
515 1367 620 1401 Gent.
649 1368 670 1401 l.
700 1368 759 1402 IV.
781 1379 861 1413 cap.
884 1378 937 1414 79.
960 1367 1059 1401 ldem
1080 1380 1104 1402 s.
1124 1369 1262 1403 Doctor
1288 1369 1322 1402 in
1343 1381 1370 1403 e.
1391 1370 1469 1404 XV.
1499 1381 1553 1416 ep.
1575 1370 1600 1404 I.

177 1426 220 1460 ad
249 1427 332 1462 Cor.
364 1427 386 1460 l.
416 1437 458 1462 2..
485 1426 572 1461 haec
599 1427 727 1461 habet:
773 1440 790 1458 «
820 1428 972 1462 Constat
999 1428 1093 1474 quod
1137 1429 1255 1462 anima
1286 1428 1492 1464 naturaliter
1517 1428 1600 1463 uni-

181 1497 236 1522 tur
262 1488 414 1533 corpori,
455 1496 638 1532 separatur
664 1496 782 1522 autem
824 1488 864 1521 ab
894 1498 935 1522 eo
972 1496 1097 1522 contra
1137 1497 1299 1522 naturam
1339 1499 1438 1522 suam
1479 1497 1511 1523 et
1539 1500 1601 1534 per

179 1546 356 1581 accidens.
386 1547 491 1582 Unde
518 1546 640 1581 anima
668 1555 773 1581 exuta
796 1558 814 1581 a
833 1553 986 1592 corpore
1015 1547 1183 1593 quamdiu
1201 1556 1252 1582 est
1272 1548 1349 1582 sine
1369 1559 1522 1594 corpore
1550 1556 1602 1582 est

182 1605 407 1652 imperfecta.
429 1606 657 1652 Impossibile
676 1616 793 1642 autem
815 1615 880 1649 est,
902 1606 997 1652 quod
1017 1606 1102 1640 illud
1122 1606 1216 1653 quod
1234 1616 1285 1642 est
1305 1607 1467 1642 naturale
1486 1616 1520 1642 et
1540 1619 1604 1653 per

182 1679 231 1709 se,
254 1667 298 1701 sit
318 1666 459 1701 finitum
479 1675 513 1701 et
529 1667 626 1712 quasi
645 1666 748 1708 nihil3
765 1675 798 1701 et
818 1666 904 1700 illud
919 1666 1014 1712 quod
1031 1675 1080 1701 est
1099 1675 1222 1701 contra
1240 1676 1403 1702 naturam
1423 1676 1456 1702 et
1471 1679 1533 1713 per
1548 1678 1605 1701 ac-

184 1726 304 1761 cidens
332 1726 375 1761 sit
404 1725 596 1767 infinitum,
615 1726 643 1760 si
670 1726 790 1760 anima
819 1726 919 1760 duret
947 1737 1087 1772 semper
1107 1727 1183 1760 sine
1211 1737 1406 1772 corpore.»
1429 1727 1471 1761 Et
1498 1726 1603 1772 paulo

182 1795 264 1833 post
283 1799 289 1821 ς
323 1800 340 1818 «
369 1786 519 1821 Constat
547 1786 641 1833 quod
670 1786 783 1820 homo
807 1785 1016 1821 naturaliter
1035 1785 1212 1820 desiderat
1232 1786 1386 1820 salutem
1406 1786 1461 1819 sui
1482 1785 1604 1831 ipsius.

182 1846 317 1881 Anima
345 1856 479 1888 autem,
510 1857 591 1880 cum
619 1846 664 1880 sit
691 1857 773 1891 pars
800 1846 970 1887 hominis,
997 1857 1071 1880 non
1097 1855 1150 1880 est
1169 1853 1264 1880 totus
1284 1845 1410 1887 homo,
1429 1854 1462 1879 et
1482 1843 1605 1879 anima

183 1916 265 1940 mea
293 1916 367 1940 non
398 1914 448 1940 est
474 1916 557 1952 ego.
588 1905 692 1941 Unde
720 1906 804 1941 licet
838 1906 956 1940 anima
992 1915 1231 1952 consequatur
1269 1906 1427 1940 salutem
1466 1904 1501 1938 in
1536 1903 1606 1938 alia

186 1966 267 2007 vita,
296 1976 369 1999 non
396 1975 519 2000 tamen
548 1977 616 2011 ego
644 1965 700 1999 vel
727 1965 874 2011 quilibet
901 1965 1026 2000 homo.
1066 1965 1108 1999 Et
1148 1973 1331 2010 praeterea
1372 1974 1453 1997 curn
1491 1963 1605 1997 horno

185 2025 393 2060 naturaliter
427 2025 600 2060 desideret
640 2025 795 2060 salutem
839 2026 946 2060 etiam
992 2025 1163 2071 corporis,
1193 2024 1416 2059 frustraretur
1446 2022 1606 2058 naturale

185 2084 410 2119 desiderium.
439 2099 456 2117 »

281 2144 337 2189 (2)
367 2144 490 2179 Contr,
520 2145 625 2180 Gent.
653 2145 675 2178 l.
706 2146 748 2180 ΙΙ,
778 2156 804 2180 c.
835 2156 889 2192 79.

283 2205 339 2250 (3)
364 2206 417 2241 Ib.
445 2206 468 2240 1.
497 2205 540 2239 11.
568 2217 595 2240 c.
625 2206 667 2253 89
696 2215 728 2241 et
757 2206 813 2249 84.

283 2265 339 2310 (4)
369 2264 622 2300 Catechisrnus
659 2266 846 2300 Romanus
890 2265 1044 2300 Concilii
1086 2263 1288 2299 Tridentini
1321 2263 1487 2305 decreto,
1524 2273 1609 2308 ope-

189 2336 296 2371 raque
323 2337 347 2359 s.
378 2324 500 2359 Caroli
527 2333 560 2359 et
587 2335 612 2358 s.
641 2326 693 2360 Pii
720 2325 771 2360 Vi.
801 2326 895 2360 iussu
922 2325 1037 2359 editus
1065 2324 1157 2359 lianc
1185 2323 1331 2369 exponit
1359 2323 1548 2364 rationem,
1572 2321 1607 2355 in

189 2385 286 2418 artic.
323 2384 434 2418 carnis
474 2388 651 2419 resurrect.
696 2384 791 2418 hisce
835 2385 978 2419 verbis:
1024 2399 1039 2414 «
1070 2385 1163 2419 Cum
1201 2384 1344 2417 animae
1387 2381 1608 2416 immortales

189 2443 260 2477 sint
288 2451 321 2477 et
347 2452 532 2490 tamquam
558 2455 635 2489 pars
663 2443 821 2477 hominis
849 2443 892 2477 ad
920 2444 1079 2478 humana
1107 2454 1259 2488 corpora
1292 2441 1493 2476 naturalem
1520 2450 1606 2485 pro—

193 2502 408 2548 pensionem
434 2502 601 2543 habeant,
640 2514 698 2537 eas
737 2515 755 2537 a
788 2504 999 2549 corporibus
1039 2503 1218 2537 seiunctas
1257 2509 1430 2547 perpetuo
1465 2510 1608 2533 manere

192 2568 329 2606 praeter
355 2569 515 2595 naturam
546 2561 823 2597 existimandum
852 2572 913 2597 est.
944 2562 1127 2608 Quoniam
1156 2572 1240 2595 vero
1269 2559 1364 2607 quod
1386 2567 1530 2594 naturae
1549 2556 1607 2593 ad-
