1734 2784
790 128 844 136 -
880 114 964 159 412
1000 128 1055 134 —

767 308 933 351 Tusssis
968 307 1079 351 LIII.

207 439 413 495 Principia
449 439 488 480 iu
517 438 769 495 praecedenti:
804 439 899 481 thesi
933 447 1089 482 statuta
1124 437 1177 481 ad
1211 437 1346 481 varios
1370 437 1625 483 conscientiae

323 519 453 553 status
487 510 623 553 debent
658 511 727 554 rite
760 511 973 569 applicari.

329 637 421 678 151.
458 623 772 666 DECLARATIO.
811 623 884 676 Ea,
920 637 1024 680 quac
1076 622 1297 680 hucusque
1331 621 1546 679 diximus,
1579 621 1629 666 ad

206 694 368 753 aliquot
402 695 701 752 quaestionum
737 695 999 737 solutionem
1039 693 1357 752 applicabimus.

323 767 353 810 I.
389 768 449 810 De
481 767 717 810 conscientia
741 765 1022 810 invincibiliter
1053 781 1122 809 seu
1141 764 1433 823 inculpabiliter
1449 779 1626 809 erronea.

205 838 413 897 Exemplo
448 839 500 882 sit
525 838 608 891 ille,
634 839 705 897 qui
729 853 779 881 ex
803 853 945 881 errore
969 852 1144 895 prorsus
1162 835 1390 880 invincibili
1424 835 1629 880 iudicaret

206 926 298 954 esse
331 912 590 969 permissum
624 910 689 954 vel
722 910 849 954 etiam
884 925 975 954 esse
1009 908 1201 953 debitum
1237 909 1407 953 mentiri
1441 909 1492 952 ad
1524 907 1629 952 sub-

204 983 464 1026 veniendum
492 983 691 1040 proximo
723 982 990 1040 periclitanti.
1010 982 1074 1024 De
1099 980 1350 1024 huiusmodi
1373 980 1631 1024 conscientia

209 1054 290 1097 hoc
324 1066 465 1098 teneas
502 1054 774 1112 principium:
810 1053 843 1095 si
878 1054 931 1096 sit
964 1053 1235 1111 permittens,
1259 1061 1485 1111 possumus,
1508 1052 1543 1095 si
1578 1052 1632 1095 sit

212 1126 477 1184 praecipiens
523 1125 588 1169 vel
633 1124 879 1184 prohibens,
927 1124 1109 1169 debemus
1156 1140 1205 1167 ex
1239 1122 1496 1181 obligatione
1538 1138 1630 1167 eam

212 1198 345 1256 sequi.
381 1223 437 1231 —
470 1198 593 1243 Ratio
627 1208 770 1241 autem
805 1196 906 1240 haec
953 1197 1217 1254 assignatur:
1243 1221 1299 1230 —
1322 1196 1418 1255 quia
1447 1194 1524 1254 1.⁰)
1571 1206 1632 1238 est

211 1271 472 1314 conscientia
504 1269 724 1314 moraliter
772 1282 883 1313 certa
917 1269 967 1313 de
1011 1269 1231 1312 honestate
1269 1281 1339 1312 aut
1376 1266 1632 1326 obligatione

214 1343 394 1386 actionis
428 1342 493 1385 vel
527 1342 788 1395 omissionis;
813 1366 869 1375 —
903 1342 1000 1399 quia
1034 1340 1115 1399 2.⁰)
1147 1339 1322 1384 violatio
1369 1340 1491 1397 legis,
1526 1355 1631 1398 quae

211 1416 503 1474 consequitur,
539 1430 624 1458 non
674 1427 736 1458 est
784 1415 1022 1458 voluntaria
1054 1429 1191 1471 neque
1239 1414 1280 1456 in
1329 1428 1373 1456 se
1420 1427 1558 1471 neque
1591 1413 1633 1455 in
1732 1457 1733 1462 ,

208 1503 331 1531 causa
363 1488 420 1546 (si
452 1502 549 1531 vere
584 1488 841 1530 conscientia
888 1487 942 1529 sit
991 1483 1290 1529 invincibiliter
1324 1485 1555 1543 erronea),
1593 1497 1632 1529 et
1722 1507 1734 1538 2

208 1559 387 1618 proinde
428 1573 514 1602 non
549 1571 610 1602 est
654 1559 794 1615 agenti
837 1555 1107 1616 imputabilis.

333 1632 424 1684 Qui
459 1647 502 1674 se
538 1630 778 1674 conformat
811 1629 879 1673 tali
914 1630 1231 1683 conscientiae,
1265 1630 1384 1687 ponit
1421 1629 1633 1672 actionem

211 1702 479 1748 materialiter
515 1719 586 1747 seu
623 1702 830 1746 obiective
850 1702 1023 1754 malam,
1047 1715 1087 1745 et
1121 1701 1356 1745 formaliter
1389 1717 1463 1744 seu
1496 1700 1635 1744 subie-

211 1778 318 1819 ctive
351 1775 520 1819 bonam.
556 1775 622 1818 Ad
656 1790 745 1818 rem
781 1775 937 1818 Suarez
969 1774 1053 1833 (1):
1095 1792 1114 1815 «
1147 1776 1278 1817 Actus
1312 1772 1394 1827 ille,
1429 1789 1515 1831 quo
1549 1788 1633 1816 vo—

212 1850 351 1892 luntas
384 1864 428 1891 se
463 1847 704 1891 conformat
737 1847 836 1891 huic
879 1848 1178 1900 conscientiae,
1214 1859 1276 1890 est
1309 1846 1462 1904 bonus,
1495 1847 1633 1890 imino

212 1934 251 1964 et
285 1920 477 1964 eiusdem
510 1920 694 1977 virtutis,
716 1920 834 1963 cuius
868 1931 989 1976 esset,
1009 1920 1041 1961 si
1077 1935 1220 1962 revera
1239 1918 1456 1962 obiectum
1478 1933 1499 1961 a
1516 1929 1633 1976 parte

213 1994 273 2037 rei
306 1992 386 2036 tale
421 2004 542 2035 esset:
578 2004 623 2034 ut
656 1993 689 2034 si
729 2009 777 2034 cx
830 1991 905 2034 hac
955 1992 1213 2035 conscientia
1262 2006 1436 2034 erronea
1483 1990 1633 2048 aliquis

214 2066 368 2110 iudicet
402 2082 445 2109 se
479 2066 609 2108 teneri
644 2065 695 2107 ad
734 2063 1046 2119 mentiendum,
1069 2076 1113 2107 ut
1148 2064 1347 2120 proximo
1382 2062 1633 2120 periclitanti

309 2302 365 2346 (1)
394 2302 492 2336 Loco
522 2312 636 2345 nuper
664 2301 718 2334 cit.
748 2308 826 2334 sect
854 2300 916 2335 IV.
946 2311 978 2333 n.
1011 2309 1040 2333 2.
1072 2312 1088 2329 «
1107 2299 1220 2333 Actus
1247 2298 1438 2338 humanus,
1466 2303 1635 2331 notentur

216 2364 306 2396 bene
334 2363 439 2396 verba
466 2361 553 2395 haec
574 2374 600 2394 s.
622 2360 800 2401 Thomae,
821 2360 988 2405 quodlib.
1012 2359 1071 2393 III.
1092 2367 1156 2393 art.
1178 2369 1247 2404 23„
1268 2357 1442 2392 iudicatur
1459 2359 1636 2392 virtuosus

217 2423 270 2455 vel
299 2422 446 2455 vitiosus
474 2420 668 2454 secundum
688 2421 824 2453 bonum
845 2419 1122 2465 apprehensum,
1146 2419 1180 2452 in
1209 2418 1302 2464 quod
1331 2417 1498 2452 voluntas
1524 2415 1634 2451 fertur

218 2491 249 2514 ct
279 2492 351 2513 uon
381 2479 576 2514 secundum
606 2478 788 2513 materiale
816 2479 996 2512 obiectum
1032 2487 1140 2513 actus.
1174 2491 1190 2509 υ
1233 2476 1323 2511 Aliis
1368 2476 1495 2515 verbis.
1535 2483 1633 2509 actus
1692 2478 1726 2517 ζ

216 2540 412 2574 voluntatis
441 2551 512 2573 uon
542 2540 763 2585 specificatur
791 2553 832 2573 cx
861 2539 1004 2573 obiecto
1023 2546 1057 2572 uc
1080 2543 1120 2572 cil
1140 2541 1173 2572 l'fl
1197 2548 1233 2579 w,
1257 2536 1315 2571 sed
1336 2535 1558 2582 zttproposito
1572 2543 1635 2582 per
1677 2525 1733 2784 j

220 2599 398 2642 rationem,
426 2599 576 2645 ideoque
597 2598 713 2633 evadit
742 2599 834 2641 talis„
857 2597 958 2644 quale
985 2605 1130 2644 apparet
1148 2597 1330 2631 obiectum
1348 2595 1384 2630 in
1412 2594 1633 2640 cognitione.
1685 2599 1697 2624 .”
