1734 2784
660 95 926 137 „191-

88 177 404 236 accidentales),
438 189 501 220 est
533 175 763 234 obiectum,
795 191 884 220 non
915 192 1080 230 sensu5‚
1115 176 1187 220 sed
1237 177 1475 222 intellectus
1497 216 1509 239 ,

91 251 166 310 qui
197 261 261 294 est
291 247 463 292 facultas
497 248 787 306 cognoseendi
820 264 972 292 verum
1005 249 1048 291 in
1082 250 1268 306 generali
1302 249 1387 309 (Ι).

208 322 419 375 Quaeres,
453 332 600 363 utrum
633 319 782 364 saltem
817 319 972 379 duplex
1005 320 1172 364 admitti
1206 320 1355 366 debeat
1388 323 1508 367 intel-

87 395 236 452 lectus,
256 393 524 452 speculativas
545 404 585 435 et
600 392 816 450 practicus,
835 408 1022 450 quorum
1045 392 1148 436 alter
1168 395 1390 438 veritatem
1413 412 1509 454 spe-

90 467 333 520 culativam,
367 465 470 509 alter
502 477 644 508 autem
677 465 898 509 veritatem
933 465 1142 509 moralem
1190 478 1230 509 et
1277 468 1507 524 practicam

90 538 283 595 attingat,
317 537 477 595 quique
511 535 616 579 duae
649 537 732 579 sint
767 537 983 594 potentiae
1017 537 1182 580 realiter
1215 538 1325 581 inter
1368 554 1413 582 se
1447 539 1509 582 di-

90 608 281 651 stinctae.
295 632 351 640 —
370 606 717 665 Respondemth,
735 606 1049 651 admittendum
1070 607 1244 666 quidem
1264 624 1356 652 esse
1379 609 1508 653 intel-

90 679 248 724 lectum
282 677 589 736 speculativum
623 690 662 721 et
695 677 958 721 intellectum
1002 679 1265 736 practicum‚
1299 679 1372 723 sed
1419 696 1509 724 non

91 752 146 794 ita
179 763 224 794 ut
258 750 364 794 duae
397 763 649 794 censeantur
682 749 847 793 realiter
880 750 989 794 inter
1021 766 1065 794 se
1100 749 1323 794 distinctae
1371 750 1507 795 facul-

88 835 209 867 tates,
242 823 469 868 Rationem
503 835 643 865 autem
677 823 737 865 sic
771 821 946 880 pulchre
978 821 1096 866 affert
1131 839 1162 866 s.
1199 822 1397 866 Thomas
1420 823 1506 883 (2).·

98 913 119 936 «
154 894 398 938 Intellectus
432 894 641 952 practicus
675 906 715 936 et
747 894 1031 951 speculativus
1064 909 1152 937 non
1185 907 1284 937 sunt
1318 894 1508 938 diversae

91 966 319 1025 potentiae.
354 966 489 1009 Cuius
523 965 581 1008 rei
615 965 722 1008 ratio
757 977 832 1019 est,
855 966 954 1023 quia
975 965 1031 1019 id,
1055 965 1173 1023 quod
1197 965 1509 1010 accidentaliter

87 1054 134 1082 se
166 1054 210 1081 se
242 1037 366 1081 habet
398 1037 449 1080 ad
496 1035 648 1080 obiecti
697 1038 907 1080 rationem
928 1074 938 1091 ‚
972 1053 1100 1095 quam
1150 1038 1322 1095 respicit
1369 1033 1510 1096 aliqua

89 1109 292 1167 potentia,
325 1123 413 1152 non
445 1107 698 1151 diversificat
731 1108 983 1166 potentiam.
1017 1108 1184 1151 Accidit
1228 1109 1343 1151 enim
1383 1109 1507 1152 colo-

88 1192 195 1234 rato,
228 1178 344 1238 quod
377 1180 431 1222 sit
464 1179 614 1236 homo,
648 1191 718 1222 aut
761 1194 967 1236 magnum
1017 1191 1086 1222 aut
1139 1194 1332 1236 parvum.
1381 1179 1509 1223 Unde

86 1252 234 1294 omnia
265 1250 515 1293 huiusmodi
550 1249 697 1293 eadem
730 1250 865 1292 visiva
898 1251 1089 1307 potentia
1111 1249 1507 1308 apprehenduntur.

88 1317 256 1368 Accidit
287 1334 431 1365 autem
463 1321 587 1367 alicui
620 1320 888 1379 apprehenso
938 1337 1012 1379 per
1061 1321 1353 1378 intellectum,
1387 1321 1505 1379 quod

87 1393 311 1438 ordinetur
343 1392 394 1437 ad
427 1409 554 1451 opus,
588 1393 654 1436 vel
701 1409 789 1436 non
836 1392 1072 1437 ordinetur.
1123 1392 1372 1436 Secundum
1426 1392 1509 1436 hoc

87 1478 232 1509 autem
265 1465 465 1509 differunt
496 1463 735 1507 intellectus
768 1463 1053 1522 speculativus
1077 1476 1117 1507 et
1140 1465 1362 1521 practicus.
1387 1465 1500 1509 Nam

84 1536 323 1581 intellectus
355 1535 637 1594 speculativus
684 1548 762 1588 est,
813 1536 900 1593 qui,
935 1535 1053 1593 quod
1086 1535 1380 1593 apprehendit,
1413 1551 1501 1579 non

88 1607 254 1651 ordinat
287 1607 338 1651 ad
371 1623 498 1665 opus,
533 1606 607 1650 sed
640 1606 690 1650 ad
724 1607 859 1649 solam
883 1607 1070 1650 veritatis
1102 1606 1507 1651 considerationem.

87 1681 301 1723 Practicus
334 1695 436 1722 vero
469 1679 707 1722 intellectus
741 1679 911 1731 dicitur,
947 1679 1021 1736 qui
1054 1677 1150 1735 hoc,
1198 1677 1314 1735 quod
1359 1693 1509 1736 appre-

47 1744 53 1747 ⁴
87 1751 253 1805 hendit,
289 1751 456 1797 ordinat
491 1750 541 1794 ad
575 1766 696 1809 opus.
733 1752 783 1793 Et
818 1751 899 1793 hoc
937 1762 1017 1802 est,
1053 1749 1171 1808 quod
1216 1749 1508 1809 Philosophus

185 1961 242 2005 (1)
268 1960 445 2006 Apposite
470 1959 666 2005 Taparelli,
694 1960 807 2004 saggio
829 1963 943 1993 teorct.
966 1959 1000 1993 di
1019 1958 1136 1993 diritto
1152 1964 1264 1994 natur.
1282 1960 1462 1996 dissertaz.
1484 1972 1511 1997 1.

92 2033 168 2068 cap.
193 2031 226 2063 4.
252 2032 288 2055 n.
318 2020 386 2055 80.:
417 2033 434 2051 «
454 2020 503 2054 La
530 2019 697 2053 moralita
725 2018 973 2053 d'un'azione
1002 2019 1093 2054 altro
1121 2031 1194 2054 non
1222 2021 1240 2053 e
1280 2019 1344 2054 che
1374 2019 1405 2054 la
1446 2031 1510 2054 sua

92 2081 271 2115 direzione
299 2079 488 2114 all'ultimo
516 2079 597 2121 sme;
621 2090 661 2112 or
682 2088 802 2124 questa
823 2078 1005 2112 ‹lirezione
1024 2080 1042 2112 e
1062 2091 1131 2113 una
1151 2078 1341 2121 relazione,
1363 2079 1405 2113 ed
1425 2080 1511 2125 ogni

90 2141 269 2176 relazione
297 2143 315 2175 e
341 2152 411 2174 una
436 2139 562 2179 verita3
593 2139 735 2185 dunque
762 2150 956 2173 conoscere
983 2139 1016 2173 la
1056 2138 1222 2173 moralitz't
1258 2138 1352 2172 delle
1378 2139 1509 2178 azioni,

90 2200 166 2247 egli
194 2201 212 2233 ὲ
240 2210 434 2234 conoscere
462 2210 530 2232 una
558 2199 678 2232 verita.
707 2198 833 2231 Per-:io
861 2197 1078 2239 l'intelletm,
1107 2196 1240 2232 facolta
1260 2197 1292 2230 di
1314 2208 1511 2231 conoscere

99 2259 127 2292 il
151 2269 232 2293 vero
259 2259 294 2291 in
319 2257 485 2303 generale,
512 2257 575 2291 dcc
603 2256 747 2290 tendere
777 2256 1104 2291 necessariamcnte
1132 2256 1245 2290 anche
1272 2255 1305 2289 al
1331 2266 1410 2289 vero
1439 2266 1513 2288 mo-

88 2318 175 2353 rale.
195 2331 212 2350 »

191 2378 248 2423 (2)
277 2378 315 2411 In
345 2388 371 2411 1.
390 2388 422 2422 p.
443 2389 475 2423 q,
492 2387 548 2422 79,
569 2388 598 2410 a.
621 2387 673 2411 11.
701 2376 835 2410 Ibidem
864 2376 949 2410 haec
969 2376 1089 2409 hahet:
1115 2388 1131 2405 «
1152 2374 1338 2408 Intellectus
1358 2375 1511 2420 specula-

99 2439 186 2472 tiz-us
213 2437 399 2472 extensione
415 2436 459 2481 fit
482 2438 654 2481 prat-licus
682 2437 732 2479 (in
763 2447 791 2480 3.
819 2435 861 2469 de
889 2435 1048 2478 Anima).
1076 2435 1157 2469 Una
1191 2442 1311 2468 autem
1348 2433 1510 2479 potentia

95 2509 169 2532 non
196 2505 352 2531 mutatur
370 2496 404 2530 in
425 2496 545 2529 aliam.
576 2496 669 2540 Ergo
697 2494 898 2529 intellectu>
925 2494 1166 2539 speculativus
1188 2502 1219 2528 et
1242 2493 1418 2538 practicus
1437 2504 1511 2526 non

95 2565 180 2591 sunt
207 2556 363 2591 diversae
391 2556 613 2602 potentiae.»
