1734 2784
793 80 1024 122 -32-

198 163 421 222 glorificet.
456 164 621 206 Verum
657 160 731 203 alia
765 161 874 204 inest
908 161 1089 217 homini,
1122 160 1356 218 eademque
1393 164 1614 222 naturalis,

197 236 426 291 tendentia,
459 233 509 276 ad
545 232 784 275 felicitatem
819 233 1024 275 nimirum
1057 248 1131 274 seu
1179 231 1496 278 beatitudinem.
1540 236 1606 278 De

197 308 272 349 hac
306 305 439 348 modo
472 304 591 361 loqui
624 303 914 359 aggredimur,
950 316 994 345 ut
1029 302 1131 346 illud
1164 304 1413 361 praesertim
1436 304 1606 363 detega-

197 394 308 434 mus,
341 375 564 433 quomodo
598 374 703 417 duae
738 374 814 417 hae
837 373 1044 417 naturales
1079 374 1318 418 tendentiae
1351 376 1531 419 invicem
1563 393 1613 421 se

195 449 386 501 habeant,
421 461 607 504 quonam
643 446 750 488 inter
783 461 825 488 se
859 461 969 488 nexu
1005 445 1307 489 devinciamur.

320 532 382 572 15.
419 518 517 559 Duo
552 516 762 573 praemitti
798 514 963 567 debent,
996 530 1150 574 nempe
1183 540 1240 549 —
1262 516 1363 574 quid
1388 517 1430 560 in
1454 533 1614 575 genere

195 592 249 634 sit
281 588 496 633 beatitudo
529 613 584 620 —
617 598 656 630 et
690 602 897 644 quaenam
941 588 1025 629 sint
1073 588 1321 645 praecipuae
1361 590 1611 646 partitiones

195 660 478 705 beatitudinis.

320 732 381 789 1⁰)
417 732 595 774 Beatitas
618 731 706 773 sive
729 729 946 773 beatitudo
970 729 1054 788 (1),
1078 747 1204 788 quam
1226 731 1377 776 Graeci
1427 735 1447 774 ὑ
1487 750 1614 776 zm:-

197 809 292 844 wiva
327 815 492 855 vocant,
525 813 587 844 est
620 801 687 845 ille
719 814 867 854 statim,
892 802 933 844 in
967 817 1054 859 quo
1088 803 1254 846 animus
1288 803 1500 848 humanus
1532 805 1613 849 sibi

195 875 390 918 conscius
424 885 502 927 est,
535 871 640 915 bene
672 871 749 914 sibi
782 888 873 915 esse
896 873 1015 914 omni
1050 888 1099 915 ex
1123 885 1251 930 parte,
1276 890 1530 933 semperque
1553 877 1610 920 ita

196 945 387 988 futurum
421 959 512 986 esse
537 955 650 986 certo
685 944 918 999 cognoscit.
943 942 1108 986 Scilicet
1131 955 1215 986 tres
1239 957 1337 988 sunt
1361 949 1612 1004 praecipuae

196 1015 302 1058 beati
337 1014 462 1056 huius
496 1026 627 1056 status
660 1026 798 1057 notae.
833 1014 976 1056 Prima
1010 1027 1114 1056 nota
1136 1027 1199 1058 est
1222 1017 1429 1073 negativa,
1453 1033 1611 1076 nempe

196 1086 387 1130 exclusio
422 1086 563 1127 omnis
599 1084 712 1129 mali:
746 1100 884 1141 neque
916 1086 1031 1128 enim
1066 1087 1138 1143 qui
1173 1086 1286 1129 malo
1321 1086 1465 1145 aliquo
1508 1105 1610 1146 pre-

196 1158 340 1213 mitur,
373 1156 406 1197 is
441 1154 562 1212 plane
595 1154 739 1198 beatus
774 1167 914 1214 potest
947 1157 1122 1200 censeri.
1163 1175 1183 1197 «
1216 1157 1441 1215 Equidem,
1473 1159 1612 1217 inquit

198 1227 369 1271 Tullius
403 1226 488 1285 (2),
522 1226 667 1269 beatos
702 1227 914 1283 existimo,
947 1228 1018 1284 qui
1053 1228 1135 1270 sint
1169 1229 1211 1270 in
1233 1227 1371 1285 bonis,
1393 1228 1509 1271 nullo
1533 1229 1610 1273 ad-

195 1300 303 1343 iecto
337 1298 451 1341 malo
484 1315 524 1341 >).
558 1298 703 1342 Altera
735 1311 836 1341 nota
884 1311 947 1341 est
974 1301 1186 1356 positiva,
1217 1299 1414 1343 videlicet
1462 1315 1612 1344 cumu-

195 1369 275 1412 lata
310 1370 508 1412 omnium
544 1369 891 1412 convenientium
937 1368 1152 1413 bonorum
1201 1371 1430 1428 possessio:
1469 1386 1610 1429 neque

196 1441 308 1483 enim
342 1441 413 1497 qui
447 1439 546 1483 boni
578 1439 755 1482 alicuius
790 1439 1001 1483 desiderio
1034 1452 1216 1493 tenetur,
1251 1441 1285 1483 is
1321 1440 1440 1499 plane
1463 1440 1611 1486 beatus

195 1511 392 1569 appellari
427 1524 578 1568 potest.
621 1530 640 1552 «
674 1511 913 1568 Beatitudo‚
948 1513 1003 1555 ait
1036 1513 1209 1556 Boetius
1241 1512 1326 1571 (3),
1371 1525 1435 1556 est
1477 1526 1611 1556 status

194 1583 392 1625 omnium
426 1582 640 1626 bonorum
674 1584 977 1640 aggregatione
1010 1584 1221 1641 perfectus
1253 1601 1294 1628 ³).
1329 1585 1437 1628 Item
1462 1600 1493 1628 s.
1517 1587 1613 1629 Au-

195 1655 397 1711 gustinus
447 1655 530 1711 (4):
586 1672 606 1694 «
655 1655 835 1698 Constat
883 1656 1079 1697 omnium
1128 1670 1272 1698 rerum
1326 1655 1610 1712 optandarum

290 1863 338 1906 (1)
368 1863 623 1897 «Vocabulum
643 1872 843 1910 utrumque,
864 1864 910 1899 ait
928 1863 1080 1907 Tullius,
1103 1875 1129 1900 ι,
1151 1864 1194 1899 de
1212 1873 1283 1899 nat.
1304 1865 1414 1900 Deor.
1445 1876 1519 1912 cap.
1541 1875 1608 1911 34,

198 1921 351 1954 omnino
380 1921 519 1963 durum,
547 1922 607 1956 sed
635 1934 699 1956 usu
728 1922 925 1957 mollienda
952 1923 1058 1957 nobis
1085 1924 1191 1957 verba
1217 1932 1310 1957 sunt.
1338 1938 1356 1956 »

293 1980 344 2022 (2)
373 1979 567 2015 Tusculan.
598 1990 731 2027 quaest.
760 1982 802 2016 V.
838 1992 887 2016 10.
920 1995 936 2012 ⁴<
962 1982 1088 2028 Neque
1116 1981 1188 2016 ulla
1214 1982 1293 2024 alia,
1312 1982 1359 2017 ita
1387 1984 1505 2017 statim
1535 1984 1613 2018 sub-

199 2037 262 2079 dit,
292 2037 372 2071 huic
400 2040 524 2081 verbo,
556 2051 635 2073 cum
662 2040 797 2074 beatum
823 2041 990 2083 dicimuS,
1011 2041 1171 2077 subiecta
1198 2042 1301 2076 notio
1329 2050 1394 2083 est,
1414 2042 1488 2076 nisi
1510 2053 1612 2076 secre-

200 2097 241 2130 tis
268 2097 368 2131 malis
394 2098 546 2132 omnibus
573 2100 742 2133 cmnulata
769 2100 932 2133 bonorum
953 2101 1121 2146 possessio.
1143 2114 1161 2133 »
1191 2102 1296 2145 Quae
1321 2110 1524 2146 postremae
1548 2112 1613 2136 vo-

200 2166 258 2190 ces
284 2165 405 2201 aptam
433 2168 518 2191 sane
544 2159 713 2192 exhibent
739 2158 966 2193 beatitudinis
993 2159 1255 2194 definitionem.

294 2216 346 2259 (3)
373 2216 428 2250 De
455 2216 565 2250 Cons.
595 2216 683 2251 Phil.
712 2218 733 2252 l.
765 2226 794 2261 3.
823 2230 873 2263 pr.
904 2229 933 2253 2.

293 2273 343 2316 (4)
371 2274 409 2307 In
436 2274 582 2320 praefat.
609 2274 630 2310 1.
658 2276 701 2310 V.
730 2276 772 2310 de
801 2276 909 2311 Civit.
937 2277 1014 2311 Dei.
1044 2277 1084 2311 In
1114 2277 1210 2312 idem
1236 2278 1328 2312 redit
1355 2277 1424 2311 alia
1451 2277 1610 2312 eiusdem

199 2344 226 2366 s.
253 2333 425 2367 Doctoris
452 2334 627 2370 definitio:
671 2350 687 2366 «
715 2337 844 2370 Beatus
884 2348 958 2371 non
987 2346 1038 2371 est
1076 2337 1143 2370 nisi
1171 2337 1230 2384 qui
1267 2346 1301 2371 et
1342 2337 1449 2372 habet
1486 2337 1611 2372 onmia

198 2403 289 2436 quae
315 2393 402 2435 vult,
431 2402 463 2428 et
489 2393 573 2428 nihil
599 2394 685 2428 male
710 2395 793 2430 vult.
814 2411 829 2426 »
860 2397 915 2431 De
949 2396 1082 2431 Tzinit.
1110 2395 1132 2430 l.
1165 2405 1215 2440 13,
1244 2408 1274 2430 c.
1301 2406 1334 2440 4.
1362 2399 1484 2442 Quam
1521 2396 1608 2431 defi-

200 2450 375 2485 nitionem
402 2451 496 2486 idem
525 2464 550 2487 s.
578 2454 717 2488 Doctor
744 2454 889 2500 pulchre
929 2455 1126 2489 admodum
1154 2455 1301 2501 exponit
1342 2455 1378 2489 in
1405 2455 1428 2490 l.
1463 2455 1500 2490 de
1535 2455 1611 2489 vita

198 2509 307 2543 beata:
340 2511 396 2544 ubi
424 2520 563 2556 praeter
587 2512 656 2546 alia
682 2513 724 2546 ad
753 2513 962 2559 explicanda
988 2522 1171 2559 postrema
1198 2513 1259 2548 illa
1278 2515 1395 2554 verba,
1415 2514 1499 2549 nihil
1516 2514 1601 2548 male
