<?xml version="1.0" encoding="UTF-8"?>
<!DOCTYPE html PUBLIC "-//W3C//DTD XHTML 1.0 Transitional//EN"
    "http://www.w3.org/TR/xhtml1/DTD/xhtml1-transitional.dtd">
<html xmlns="http://www.w3.org/1999/xhtml" xml:lang="en" lang="en">
 <head>
  <title>
</title>
<meta http-equiv="Content-Type" content="text/html;charset=utf-8" />
  <meta name='ocr-system' content='tesseract 3.04.00' />
  <meta name='ocr-capabilities' content='ocr_page ocr_carea ocr_par ocr_line ocrx_word'/>
</head>
<body>
  <div class='ocr_page' id='page_1' title='image "./institutionesphi01ferr_0058.png"; bbox 0 0 1734 2784; ppageno 0'>
   <div class='ocr_carea' id='block_1_1' title="bbox 173 188 1645 1759">
    <p class='ocr_par' dir='ltr' id='par_1_1' title="bbox 173 188 1645 1398">
     <span class='ocr_line' id='line_1_1' title="bbox 177 188 1591 251; baseline -0.005 -12"><span class='ocrx_word' id='word_1_1' title='bbox 177 195 290 251; x_wconf 82' lang='lat' dir='ltr'>dem,</span> <span class='ocrx_word' id='word_1_2' title='bbox 325 210 419 236; x_wconf 82' lang='lat' dir='ltr'>cuin</span> <span class='ocrx_word' id='word_1_3' title='bbox 455 192 607 250; x_wconf 83' lang='lat' dir='ltr'>duplex</span> <span class='ocrx_word' id='word_1_4' title='bbox 641 207 731 234; x_wconf 84' lang='lat' dir='ltr'>esse</span> <span class='ocrx_word' id='word_1_5' title='bbox 776 191 910 248; x_wconf 81' lang='lat' dir='ltr'>possit</span> <span class='ocrx_word' id='word_1_6' title='bbox 960 188 1085 242; x_wconf 90' lang='lat' dir='ltr'>ordo,</span> <span class='ocrx_word' id='word_1_7' title='bbox 1122 205 1277 247; x_wconf 87' lang='lat' dir='ltr'>nempe</span> <span class='ocrx_word' id='word_1_8' title='bbox 1313 189 1420 233; x_wconf 84' lang='lat' dir='ltr'>ordo</span> <span class='ocrx_word' id='word_1_9' title='bbox 1464 203 1591 233; x_wconf 75' lang='lat' dir='ltr'>merae</span> 
     </span>
     <span class='ocr_line' id='line_1_2' title="bbox 174 260 1589 325; baseline -0.004 -15"><span class='ocrx_word' id='word_1_10' title='bbox 174 268 406 325; x_wconf 67' lang='lat' dir='ltr'>capacitatis</span> <span class='ocrx_word' id='word_1_11' title='bbox 439 281 510 308; x_wconf 80' lang='lat' dir='ltr'>seu</span> <span class='ocrx_word' id='word_1_12' title='bbox 545 263 791 322; x_wconf 74' lang='lat' dir='ltr'>aptitudinis</span> <span class='ocrx_word' id='word_1_13' title='bbox 825 274 865 305; x_wconf 81' lang='lat' dir='ltr'>et</span> <span class='ocrx_word' id='word_1_14' title='bbox 899 260 1007 305; x_wconf 87' lang='lat' dir='ltr'>ordo</span> <span class='ocrx_word' id='word_1_15' title='bbox 1039 265 1196 305; x_wconf 72' lang='lat' dir='ltr'>strictae</span> <span class='ocrx_word' id='word_1_16' title='bbox 1229 263 1462 319; x_wconf 77' lang='lat' dir='ltr'>exigentiae,</span> <span class='ocrx_word' id='word_1_17' title='bbox 1501 277 1589 306; x_wconf 23' lang='lat' dir='ltr'>nor—-</span> 
     </span>
     <span class='ocr_line' id='line_1_3' title="bbox 177 331 1589 395; baseline -0.004 -14"><span class='ocrx_word' id='word_1_18' title='bbox 177 340 290 381; x_wconf 83' lang='lat' dir='ltr'>mine</span> <span class='ocrx_word' id='word_1_19' title='bbox 324 338 533 395; x_wconf 82' lang='lat' dir='ltr'>appetitus</span> <span class='ocrx_word' id='word_1_20' title='bbox 566 334 764 379; x_wconf 78' lang='lat' dir='ltr'>naturalis</span> <span class='ocrx_word' id='word_1_21' title='bbox 799 333 968 391; x_wconf 77' lang='lat' dir='ltr'>proprie</span> <span class='ocrx_word' id='word_1_22' title='bbox 1002 331 1249 390; x_wconf 77' lang='lat' dir='ltr'>intelligitur</span> <span class='ocrx_word' id='word_1_23' title='bbox 1289 332 1397 376; x_wconf 88' lang='lat' dir='ltr'>ordo</span> <span class='ocrx_word' id='word_1_24' title='bbox 1421 333 1589 391; x_wconf 82' lang='lat' dir='ltr'>exigen-</span> 
     </span>
     <span class='ocr_line' id='line_1_4' title="bbox 177 403 1591 466; baseline -0.003 -14"><span class='ocrx_word' id='word_1_25' title='bbox 177 411 271 465; x_wconf 78' lang='lat' dir='ltr'>tiae,</span> <span class='ocrx_word' id='word_1_26' title='bbox 304 424 429 466; x_wconf 84' lang='lat' dir='ltr'>quam</span> <span class='ocrx_word' id='word_1_27' title='bbox 465 420 610 450; x_wconf 81' lang='lat' dir='ltr'>natura</span> <span class='ocrx_word' id='word_1_28' title='bbox 643 405 764 449; x_wconf 82' lang='lat' dir='ltr'>hahet</span> <span class='ocrx_word' id='word_1_29' title='bbox 798 403 847 447; x_wconf 81' lang='lat' dir='ltr'>ad</span> <span class='ocrx_word' id='word_1_30' title='bbox 882 403 1046 447; x_wconf 87' lang='lat' dir='ltr'>honum</span> <span class='ocrx_word' id='word_1_31' title='bbox 1081 403 1159 447; x_wconf 85' lang='lat' dir='ltr'>sibi</span> <span class='ocrx_word' id='word_1_32' title='bbox 1194 403 1399 462; x_wconf 83' lang='lat' dir='ltr'>debitum,</span> <span class='ocrx_word' id='word_1_33' title='bbox 1421 404 1500 448; x_wconf 81' lang='lat' dir='ltr'>tale</span> <span class='ocrx_word' id='word_1_34' title='bbox 1522 404 1591 448; x_wconf 81' lang='lat' dir='ltr'>ni·</span> 
     </span>
     <span class='ocr_line' id='line_1_5' title="bbox 177 475 1645 534; baseline -0.003 -11"><span class='ocrx_word' id='word_1_35' title='bbox 177 483 352 533; x_wconf 91' lang='lat' dir='ltr'>mirum,</span> <span class='ocrx_word' id='word_1_36' title='bbox 389 492 433 522; x_wconf 92' lang='lat' dir='ltr'>ut</span> <span class='ocrx_word' id='word_1_37' title='bbox 466 480 499 521; x_wconf 87' lang='lat' dir='ltr'>si</span> <span class='ocrx_word' id='word_1_38' title='bbox 534 491 679 521; x_wconf 76' lang='lat' dir='ltr'>natura</span> <span class='ocrx_word' id='word_1_39' title='bbox 714 493 764 520; x_wconf 87' lang='lat' dir='ltr'>eo</span> <span class='ocrx_word' id='word_1_40' title='bbox 797 475 912 519; x_wconf 87' lang='lat' dir='ltr'>bono</span> <span class='ocrx_word' id='word_1_41' title='bbox 947 487 1099 528; x_wconf 81' lang='lat' dir='ltr'>careat,</span> <span class='ocrx_word' id='word_1_42' title='bbox 1133 476 1187 518; x_wconf 88' lang='lat' dir='ltr'>sit</span> <span class='ocrx_word' id='word_1_43' title='bbox 1230 476 1398 529; x_wconf 83' lang='lat' dir='ltr'>misera,</span> <span class='ocrx_word' id='word_1_44' title='bbox 1443 487 1592 534; x_wconf 88' lang='lat' dir='ltr'>utpote</span> <span class='ocrx_word' id='word_1_45' title='bbox 1637 502 1645 509; x_wconf 52' lang='grc' dir='ltr'>ε</span> 
     </span>
     <span class='ocr_line' id='line_1_6' title="bbox 177 546 1591 611; baseline -0.003 -16"><span class='ocrx_word' id='word_1_46' title='bbox 177 570 282 611; x_wconf 81' lang='lat' dir='ltr'>quae</span> <span class='ocrx_word' id='word_1_47' title='bbox 317 554 503 610; x_wconf 67' lang='lat' dir='ltr'>privatur</span> <span class='ocrx_word' id='word_1_48' title='bbox 536 549 794 608; x_wconf 70' lang='lat' dir='ltr'>perfectione</span> <span class='ocrx_word' id='word_1_49' title='bbox 845 547 924 591; x_wconf 85' lang='lat' dir='ltr'>sibi</span> <span class='ocrx_word' id='word_1_50' title='bbox 959 546 1109 591; x_wconf 79' lang='lat' dir='ltr'>debita.</span> <span class='ocrx_word' id='word_1_51' title='bbox 1138 551 1175 607; x_wconf 56' lang='grc' dir='ltr'>ρ)</span> <span class='ocrx_word' id='word_1_52' title='bbox 1210 548 1440 605; x_wconf 86' lang='lat' dir='ltr'>Appetitus</span> <span class='ocrx_word' id='word_1_53' title='bbox 1488 562 1591 592; x_wconf 88' lang='lat' dir='ltr'>vero</span> 
     </span>
     <span class='ocr_line' id='line_1_7' title="bbox 174 618 1591 675; baseline -0.004 -7"><span class='ocrx_word' id='word_1_54' title='bbox 174 626 323 669; x_wconf 67' lang='lat' dir='ltr'>elicitas</span> <span class='ocrx_word' id='word_1_55' title='bbox 357 636 419 667; x_wconf 79' lang='lat' dir='ltr'>est</span> <span class='ocrx_word' id='word_1_56' title='bbox 453 635 567 666; x_wconf 76' lang='lat' dir='ltr'>actus</span> <span class='ocrx_word' id='word_1_57' title='bbox 601 620 736 664; x_wconf 69' lang='lat' dir='ltr'>vitalis</span> <span class='ocrx_word' id='word_1_58' title='bbox 770 618 948 663; x_wconf 85' lang='lat' dir='ltr'>tendens</span> <span class='ocrx_word' id='word_1_59' title='bbox 983 619 1026 661; x_wconf 89' lang='lat' dir='ltr'>in</span> <span class='ocrx_word' id='word_1_60' title='bbox 1058 618 1222 662; x_wconf 88' lang='lat' dir='ltr'>bonum</span> <span class='ocrx_word' id='word_1_61' title='bbox 1257 619 1500 675; x_wconf 81' lang='lat' dir='ltr'>cognitum,</span> <span class='ocrx_word' id='word_1_62' title='bbox 1546 634 1591 662; x_wconf 86' lang='lat' dir='ltr'>ac</span> 
     </span>
     <span class='ocr_line' id='line_1_8' title="bbox 177 689 1592 754; baseline -0.004 -16"><span class='ocrx_word' id='word_1_63' title='bbox 177 695 354 754; x_wconf 89' lang='lat' dir='ltr'>proinde</span> <span class='ocrx_word' id='word_1_64' title='bbox 390 708 655 751; x_wconf 81' lang='lat' dir='ltr'>consequens</span> <span class='ocrx_word' id='word_1_65' title='bbox 704 690 1102 749; x_wconf 80' lang='lat' dir='ltr'>apprehensionem.</span> <span class='ocrx_word' id='word_1_66' title='bbox 1155 689 1420 733; x_wconf 86' lang='lat' dir='ltr'>Huiusmodi</span> <span class='ocrx_word' id='word_1_67' title='bbox 1467 705 1592 748; x_wconf 85' lang='lat' dir='ltr'>appe—</span> 
     </span>
     <span class='ocr_line' id='line_1_9' title="bbox 176 760 1587 818; baseline -0.004 -8"><span class='ocrx_word' id='word_1_68' title='bbox 176 769 275 810; x_wconf 82' lang='lat' dir='ltr'>titus</span> <span class='ocrx_word' id='word_1_69' title='bbox 310 767 474 810; x_wconf 90' lang='lat' dir='ltr'>elicitus</span> <span class='ocrx_word' id='word_1_70' title='bbox 508 777 570 808; x_wconf 90' lang='lat' dir='ltr'>est</span> <span class='ocrx_word' id='word_1_71' title='bbox 602 763 667 807; x_wconf 79' lang='lat' dir='ltr'>vel</span> <span class='ocrx_word' id='word_1_72' title='bbox 717 762 878 806; x_wconf 86' lang='lat' dir='ltr'>elicitus</span> <span class='ocrx_word' id='word_1_73' title='bbox 926 761 1134 806; x_wconf 73' lang='lat' dir='ltr'>nanaalis</span> <span class='ocrx_word' id='word_1_74' title='bbox 1166 760 1232 805; x_wconf 79' lang='lat' dir='ltr'>vel</span> <span class='ocrx_word' id='word_1_75' title='bbox 1275 760 1439 805; x_wconf 87' lang='lat' dir='ltr'>elicitus</span> <span class='ocrx_word' id='word_1_76' title='bbox 1475 760 1587 818; x_wconf 77' lang='lat' dir='ltr'>liber,</span> 
     </span>
     <span class='ocr_line' id='line_1_10' title="bbox 176 833 1589 897; baseline -0.005 -15"><span class='ocrx_word' id='word_1_77' title='bbox 176 851 301 897; x_wconf 87' lang='lat' dir='ltr'>prout</span> <span class='ocrx_word' id='word_1_78' title='bbox 335 850 396 881; x_wconf 83' lang='lat' dir='ltr'>est</span> <span class='ocrx_word' id='word_1_79' title='bbox 429 835 599 880; x_wconf 82' lang='lat' dir='ltr'>actualis</span> <span class='ocrx_word' id='word_1_80' title='bbox 632 836 848 893; x_wconf 75' lang='lat' dir='ltr'>expressio</span> <span class='ocrx_word' id='word_1_81' title='bbox 884 833 993 877; x_wconf 89' lang='lat' dir='ltr'>illius</span> <span class='ocrx_word' id='word_1_82' title='bbox 1028 833 1329 892; x_wconf 78' lang='lat' dir='ltr'>propensionis</span> <span class='ocrx_word' id='word_1_83' title='bbox 1364 848 1438 876; x_wconf 88' lang='lat' dir='ltr'>seu</span> <span class='ocrx_word' id='word_1_84' title='bbox 1475 848 1589 890; x_wconf 90' lang='lat' dir='ltr'>pon-</span> 
     </span>
     <span class='ocr_line' id='line_1_11' title="bbox 173 904 1589 966; baseline -0.006 -13"><span class='ocrx_word' id='word_1_85' title='bbox 173 911 282 954; x_wconf 82' lang='lat' dir='ltr'>deris</span> <span class='ocrx_word' id='word_1_86' title='bbox 316 921 504 963; x_wconf 73' lang='lat' dir='ltr'>naturae,</span> <span class='ocrx_word' id='word_1_87' title='bbox 540 908 591 952; x_wconf 83' lang='lat' dir='ltr'>de</span> <span class='ocrx_word' id='word_1_88' title='bbox 624 923 709 966; x_wconf 87' lang='lat' dir='ltr'>quo</span> <span class='ocrx_word' id='word_1_89' title='bbox 744 906 946 959; x_wconf 80' lang='lat' dir='ltr'>diximus,</span> <span class='ocrx_word' id='word_1_90' title='bbox 981 905 1047 949; x_wconf 83' lang='lat' dir='ltr'>Vel</span> <span class='ocrx_word' id='word_1_91' title='bbox 1080 904 1208 948; x_wconf 84' lang='lat' dir='ltr'>libera</span> <span class='ocrx_word' id='word_1_92' title='bbox 1244 905 1474 948; x_wconf 83' lang='lat' dir='ltr'>voluntatis</span> <span class='ocrx_word' id='word_1_93' title='bbox 1500 916 1589 949; x_wconf 86' lang='lat' dir='ltr'>ten-</span> 
     </span>
     <span class='ocr_line' id='line_1_12' title="bbox 176 976 1589 1037; baseline -0.004 -12"><span class='ocrx_word' id='word_1_94' title='bbox 176 982 315 1025; x_wconf 78' lang='lat' dir='ltr'>dentia</span> <span class='ocrx_word' id='word_1_95' title='bbox 339 983 380 1025; x_wconf 89' lang='lat' dir='ltr'>in</span> <span class='ocrx_word' id='word_1_96' title='bbox 405 981 567 1023; x_wconf 86' lang='lat' dir='ltr'>honum</span> <span class='ocrx_word' id='word_1_97' title='bbox 601 995 635 1022; x_wconf 87' lang='lat' dir='ltr'>e.</span> <span class='ocrx_word' id='word_1_98' title='bbox 655 995 696 1037; x_wconf 83' lang='lat' dir='ltr'>g.</span> <span class='ocrx_word' id='word_1_99' title='bbox 731 980 774 1022; x_wconf 89' lang='lat' dir='ltr'>in</span> <span class='ocrx_word' id='word_1_100' title='bbox 809 977 990 1021; x_wconf 83' lang='lat' dir='ltr'>divitias.</span> <span class='ocrx_word' id='word_1_101' title='bbox 1016 978 1168 1031; x_wconf 78' lang='lat' dir='ltr'>Quare</span> <span class='ocrx_word' id='word_1_102' title='bbox 1192 976 1403 1035; x_wconf 85' lang='lat' dir='ltr'>appetitus</span> <span class='ocrx_word' id='word_1_103' title='bbox 1426 976 1589 1020; x_wconf 88' lang='lat' dir='ltr'>elicitus</span> 
     </span>
     <span class='ocr_line' id='line_1_13' title="bbox 179 1047 1590 1111; baseline -0.004 -14"><span class='ocrx_word' id='word_1_104' title='bbox 179 1054 379 1097; x_wconf 67' lang='lat' dir='ltr'>naturalis</span> <span class='ocrx_word' id='word_1_105' title='bbox 394 1052 442 1096; x_wconf 84' lang='lat' dir='ltr'>ab</span> <span class='ocrx_word' id='word_1_106' title='bbox 462 1053 649 1111; x_wconf 84' lang='lat' dir='ltr'>appetitu</span> <span class='ocrx_word' id='word_1_107' title='bbox 684 1050 823 1094; x_wconf 83' lang='lat' dir='ltr'>elicito</span> <span class='ocrx_word' id='word_1_108' title='bbox 856 1049 977 1094; x_wconf 75' lang='lat' dir='ltr'>libero</span> <span class='ocrx_word' id='word_1_109' title='bbox 995 1050 1038 1092; x_wconf 92' lang='lat' dir='ltr'>in</span> <span class='ocrx_word' id='word_1_110' title='bbox 1056 1049 1138 1092; x_wconf 92' lang='lat' dir='ltr'>hoc</span> <span class='ocrx_word' id='word_1_111' title='bbox 1158 1048 1433 1107; x_wconf 86' lang='lat' dir='ltr'>potissimum</span> <span class='ocrx_word' id='word_1_112' title='bbox 1453 1047 1590 1092; x_wconf 86' lang='lat' dir='ltr'>differt</span> 
     </span>
     <span class='ocr_line' id='line_1_14' title="bbox 175 1119 1590 1181; baseline -0.004 -13"><span class='ocrx_word' id='word_1_113' title='bbox 175 1138 215 1168; x_wconf 81' lang='lat' dir='ltr'>et</span> <span class='ocrx_word' id='word_1_114' title='bbox 234 1142 282 1169; x_wconf 91' lang='lat' dir='ltr'>ex</span> <span class='ocrx_word' id='word_1_115' title='bbox 304 1125 384 1168; x_wconf 90' lang='lat' dir='ltr'>hoc</span> <span class='ocrx_word' id='word_1_116' title='bbox 400 1124 672 1177; x_wconf 77' lang='lat' dir='ltr'>discernitur,</span> <span class='ocrx_word' id='word_1_117' title='bbox 691 1121 807 1181; x_wconf 89' lang='lat' dir='ltr'>quod</span> <span class='ocrx_word' id='word_1_118' title='bbox 826 1134 887 1165; x_wconf 89' lang='lat' dir='ltr'>est</span> <span class='ocrx_word' id='word_1_119' title='bbox 906 1123 1165 1178; x_wconf 73' lang='lat' dir='ltr'>necessarius,</span> <span class='ocrx_word' id='word_1_120' title='bbox 1184 1121 1271 1164; x_wconf 79' lang='lat' dir='ltr'>sive</span> <span class='ocrx_word' id='word_1_121' title='bbox 1289 1119 1430 1177; x_wconf 87' lang='lat' dir='ltr'>quoad</span> <span class='ocrx_word' id='word_1_122' title='bbox 1446 1120 1590 1178; x_wconf 87' lang='lat' dir='ltr'>ipsum</span> 
     </span>
     <span class='ocr_line' id='line_1_15' title="bbox 174 1192 1589 1252; baseline -0.002 -12"><span class='ocrx_word' id='word_1_123' title='bbox 174 1198 420 1241; x_wconf 78' lang='lat' dir='ltr'>exercitium</span> <span class='ocrx_word' id='word_1_124' title='bbox 454 1208 583 1249; x_wconf 60' lang='lat' dir='ltr'>actim,</span> <span class='ocrx_word' id='word_1_125' title='bbox 608 1196 695 1239; x_wconf 87' lang='lat' dir='ltr'>sive</span> <span class='ocrx_word' id='word_1_126' title='bbox 729 1195 879 1238; x_wconf 77' lang='lat' dir='ltr'>saltem</span> <span class='ocrx_word' id='word_1_127' title='bbox 903 1193 1045 1252; x_wconf 86' lang='lat' dir='ltr'>quoad</span> <span class='ocrx_word' id='word_1_128' title='bbox 1067 1192 1427 1251; x_wconf 84' lang='lat' dir='ltr'>specificationem</span> <span class='ocrx_word' id='word_1_129' title='bbox 1452 1203 1589 1237; x_wconf 87' lang='lat' dir='ltr'>actus:</span> 
     </span>
     <span class='ocr_line' id='line_1_16' title="bbox 176 1264 1584 1323; baseline -0.003 -11"><span class='ocrx_word' id='word_1_130' title='bbox 176 1269 257 1312; x_wconf 88' lang='lat' dir='ltr'>hoc</span> <span class='ocrx_word' id='word_1_131' title='bbox 290 1270 403 1312; x_wconf 88' lang='lat' dir='ltr'>enim</span> <span class='ocrx_word' id='word_1_132' title='bbox 437 1268 613 1311; x_wconf 81' lang='lat' dir='ltr'>alterum</span> <span class='ocrx_word' id='word_1_133' title='bbox 664 1266 818 1310; x_wconf 86' lang='lat' dir='ltr'>sufficit</span> <span class='ocrx_word' id='word_1_134' title='bbox 851 1266 899 1309; x_wconf 88' lang='lat' dir='ltr'>ad</span> <span class='ocrx_word' id='word_1_135' title='bbox 952 1264 1293 1309; x_wconf 86' lang='lat' dir='ltr'>concludendum</span> <span class='ocrx_word' id='word_1_136' title='bbox 1328 1265 1584 1323; x_wconf 80' lang='lat' dir='ltr'>appetitum,</span> 
     </span>
     <span class='ocr_line' id='line_1_17' title="bbox 175 1337 1026 1398; baseline -0.004 -14"><span class='ocrx_word' id='word_1_137' title='bbox 175 1340 226 1384; x_wconf 86' lang='lat' dir='ltr'>de</span> <span class='ocrx_word' id='word_1_138' title='bbox 260 1356 348 1398; x_wconf 81' lang='lat' dir='ltr'>quo.</span> <span class='ocrx_word' id='word_1_139' title='bbox 380 1340 534 1397; x_wconf 83' lang='lat' dir='ltr'>agitur,</span> <span class='ocrx_word' id='word_1_140' title='bbox 555 1353 646 1382; x_wconf 86' lang='lat' dir='ltr'>esse</span> <span class='ocrx_word' id='word_1_141' title='bbox 679 1337 914 1382; x_wconf 75' lang='lat' dir='ltr'>naturalem</span> <span class='ocrx_word' id='word_1_142' title='bbox 948 1337 1026 1396; x_wconf 86' lang='lat'>(1).</span> 
     </span>
    </p>

    <p class='ocr_par' dir='ltr' id='par_1_2' title="bbox 174 1409 1590 1759">
     <span class='ocr_line' id='line_1_18' title="bbox 294 1409 1590 1469; baseline -0.001 -15"><span class='ocrx_word' id='word_1_143' title='bbox 294 1413 373 1454; x_wconf 86' lang='lat' dir='ltr'>His</span> <span class='ocrx_word' id='word_1_144' title='bbox 422 1411 694 1469; x_wconf 74' lang='lat' dir='ltr'>praemissis,</span> <span class='ocrx_word' id='word_1_145' title='bbox 742 1412 797 1453; x_wconf 90' lang='lat' dir='ltr'>ita</span> <span class='ocrx_word' id='word_1_146' title='bbox 847 1410 1081 1468; x_wconf 79' lang='lat' dir='ltr'>arguimus,</span> <span class='ocrx_word' id='word_1_147' title='bbox 1119 1409 1335 1455; x_wconf 79' lang='lat' dir='ltr'>Naturalis</span> <span class='ocrx_word' id='word_1_148' title='bbox 1382 1424 1480 1453; x_wconf 87' lang='lat' dir='ltr'>sane</span> <span class='ocrx_word' id='word_1_149' title='bbox 1528 1422 1590 1454; x_wconf 89' lang='lat' dir='ltr'>est</span> 
     </span>
     <span class='ocr_line' id='line_1_19' title="bbox 176 1480 1589 1541; baseline -0.001 -14"><span class='ocrx_word' id='word_1_150' title='bbox 176 1483 387 1528; x_wconf 71' lang='lat' dir='ltr'>tendentia</span> <span class='ocrx_word' id='word_1_151' title='bbox 422 1482 502 1537; x_wconf 79' lang='lat' dir='ltr'>illa,</span> <span class='ocrx_word' id='word_1_152' title='bbox 546 1498 651 1541; x_wconf 82' lang='lat' dir='ltr'>quae</span> <span class='ocrx_word' id='word_1_153' title='bbox 700 1481 836 1525; x_wconf 84' lang='lat' dir='ltr'>tribus</span> <span class='ocrx_word' id='word_1_154' title='bbox 878 1481 992 1526; x_wconf 86' lang='lat' dir='ltr'>hisce</span> <span class='ocrx_word' id='word_1_155' title='bbox 1049 1480 1359 1525; x_wconf 74' lang='lat' dir='ltr'>characteribus</span> <span class='ocrx_word' id='word_1_156' title='bbox 1403 1481 1589 1540; x_wconf 77' lang='lat' dir='ltr'>gaudet,</span> 
     </span>
     <span class='ocr_line' id='line_1_20' title="bbox 175 1552 1589 1614; baseline -0.001 -15"><span class='ocrx_word' id='word_1_157' title='bbox 175 1572 281 1614; x_wconf 79' lang='lat' dir='ltr'>quae</span> <span class='ocrx_word' id='word_1_158' title='bbox 313 1570 465 1613; x_wconf 87' lang='lat' dir='ltr'>nempe</span> <span class='ocrx_word' id='word_1_159' title='bbox 498 1556 607 1598; x_wconf 87' lang='lat' dir='ltr'>inest</span> <span class='ocrx_word' id='word_1_160' title='bbox 639 1554 771 1598; x_wconf 77' lang='lat' dir='ltr'>eodem</span> <span class='ocrx_word' id='word_1_161' title='bbox 804 1554 917 1598; x_wconf 79' lang='lat' dir='ltr'>modo</span> <span class='ocrx_word' id='word_1_162' title='bbox 950 1553 1149 1597; x_wconf 87' lang='lat' dir='ltr'>omnibus</span> <span class='ocrx_word' id='word_1_163' title='bbox 1185 1552 1448 1606; x_wconf 85' lang='lat' dir='ltr'>hominibus,</span> <span class='ocrx_word' id='word_1_164' title='bbox 1483 1570 1589 1612; x_wconf 86' lang='lat' dir='ltr'>quae</span> 
     </span>
     <span class='ocr_line' id='line_1_21' title="bbox 174 1624 1588 1684; baseline -0.001 -14"><span class='ocrx_word' id='word_1_165' title='bbox 174 1627 327 1671; x_wconf 86' lang='lat' dir='ltr'>iisdem</span> <span class='ocrx_word' id='word_1_166' title='bbox 374 1628 484 1671; x_wconf 88' lang='lat' dir='ltr'>inest</span> <span class='ocrx_word' id='word_1_167' title='bbox 530 1629 746 1671; x_wconf 72' lang='lat' dir='ltr'>necessario</span> <span class='ocrx_word' id='word_1_168' title='bbox 794 1629 851 1670; x_wconf 78' lang='lat' dir='ltr'>ita</span> <span class='ocrx_word' id='word_1_169' title='bbox 883 1638 928 1670; x_wconf 91' lang='lat' dir='ltr'>ut</span> <span class='ocrx_word' id='word_1_170' title='bbox 967 1626 1065 1670; x_wconf 85' lang='lat' dir='ltr'>exui</span> <span class='ocrx_word' id='word_1_171' title='bbox 1112 1624 1230 1669; x_wconf 90' lang='lat' dir='ltr'>nullo</span> <span class='ocrx_word' id='word_1_172' title='bbox 1273 1637 1395 1684; x_wconf 86' lang='lat' dir='ltr'>pacto</span> <span class='ocrx_word' id='word_1_173' title='bbox 1438 1625 1588 1683; x_wconf 77' lang='lat' dir='ltr'>possit,</span> 
     </span>
     <span class='ocr_line' id='line_1_22' title="bbox 176 1698 1588 1759; baseline -0.001 -16"><span class='ocrx_word' id='word_1_174' title='bbox 176 1716 280 1759; x_wconf 81' lang='lat' dir='ltr'>quae</span> <span class='ocrx_word' id='word_1_175' title='bbox 322 1711 384 1744; x_wconf 84' lang='lat' dir='ltr'>est</span> <span class='ocrx_word' id='word_1_176' title='bbox 418 1701 520 1743; x_wconf 71' lang='lat' dir='ltr'>ratio</span> <span class='ocrx_word' id='word_1_177' title='bbox 554 1699 751 1743; x_wconf 88' lang='lat' dir='ltr'>omnium</span> <span class='ocrx_word' id='word_1_178' title='bbox 786 1698 1100 1743; x_wconf 84' lang='lat' dir='ltr'>desideriorum</span> <span class='ocrx_word' id='word_1_179' title='bbox 1133 1714 1207 1743; x_wconf 89' lang='lat' dir='ltr'>seu</span> <span class='ocrx_word' id='word_1_180' title='bbox 1257 1709 1459 1741; x_wconf 87' lang='lat' dir='ltr'>motuum</span> <span class='ocrx_word' id='word_1_181' title='bbox 1508 1713 1588 1742; x_wconf 84' lang='lat' dir='ltr'>vo-</span> 
     </span>
    </p>
   </div>
   <div class='ocr_carea' id='block_1_2' title="bbox 176 1851 421 1856">
    <p class='ocr_par' dir='ltr' id='par_1_3' title="bbox 176 1851 421 1856">
     <span class='ocr_line' id='line_1_23' title="bbox 176 1851 421 1856; baseline 0 0"><span class='ocrx_word' id='word_1_182' title='bbox 176 1851 421 1856; x_wconf 95' lang='lat' dir='ltr'> </span> 
     </span>
    </p>
   </div>
   <div class='ocr_carea' id='block_1_3' title="bbox 175 1919 1589 2622">
    <p class='ocr_par' dir='ltr' id='par_1_4' title="bbox 175 1919 1589 2622">
     <span class='ocr_line' id='line_1_24' title="bbox 176 1919 1589 1966; baseline -0.001 -10"><span class='ocrx_word' id='word_1_183' title='bbox 176 1921 303 1957; x_wconf 76' lang='lat' dir='ltr'>sterior</span> <span class='ocrx_word' id='word_1_184' title='bbox 328 1932 412 1956; x_wconf 77' lang='lat' dir='ltr'>vero</span> <span class='ocrx_word' id='word_1_185' title='bbox 440 1920 601 1956; x_wconf 75' lang='lat' dir='ltr'>consistit</span> <span class='ocrx_word' id='word_1_186' title='bbox 629 1920 665 1955; x_wconf 88' lang='lat' dir='ltr'>in</span> <span class='ocrx_word' id='word_1_187' title='bbox 692 1925 769 1955; x_wconf 75' lang='lat' dir='ltr'>acta</span> <span class='ocrx_word' id='word_1_188' title='bbox 795 1919 897 1955; x_wconf 79' lang='lat' dir='ltr'>vitali</span> <span class='ocrx_word' id='word_1_189' title='bbox 925 1919 1160 1965; x_wconf 83' lang='lat' dir='ltr'>proveniente</span> <span class='ocrx_word' id='word_1_190' title='bbox 1187 1930 1229 1954; x_wconf 78' lang='lat' dir='ltr'>ex</span> <span class='ocrx_word' id='word_1_191' title='bbox 1257 1919 1478 1966; x_wconf 79' lang='lat' dir='ltr'>cognitione,</span> <span class='ocrx_word' id='word_1_192' title='bbox 1496 1919 1589 1954; x_wconf 85' lang='lat' dir='ltr'>unde</span> 
     </span>
     <span class='ocr_line' id='line_1_25' title="bbox 175 1978 1588 2027; baseline -0.001 -11"><span class='ocrx_word' id='word_1_193' title='bbox 175 1990 227 2016; x_wconf 79' lang='lat' dir='ltr'>est</span> <span class='ocrx_word' id='word_1_194' title='bbox 254 1981 417 2027; x_wconf 86' lang='lat' dir='ltr'>proprius</span> <span class='ocrx_word' id='word_1_195' title='bbox 443 1980 641 2016; x_wconf 70' lang='lat' dir='ltr'>virentium</span> <span class='ocrx_word' id='word_1_196' title='bbox 676 1981 747 2015; x_wconf 88' lang='lat' dir='ltr'>vita</span> <span class='ocrx_word' id='word_1_197' title='bbox 788 1980 936 2015; x_wconf 84' lang='lat' dir='ltr'>animali</span> <span class='ocrx_word' id='word_1_198' title='bbox 964 1978 1021 2014; x_wconf 87' lang='lat' dir='ltr'>vel</span> <span class='ocrx_word' id='word_1_199' title='bbox 1048 1979 1228 2020; x_wconf 76' lang='lat' dir='ltr'>rationali,</span> <span class='ocrx_word' id='word_1_200' title='bbox 1256 1988 1289 2014; x_wconf 89' lang='lat' dir='ltr'>et</span> <span class='ocrx_word' id='word_1_201' title='bbox 1323 1979 1442 2014; x_wconf 87' lang='lat' dir='ltr'>solum</span> <span class='ocrx_word' id='word_1_202' title='bbox 1479 1978 1588 2022; x_wconf 82' lang='lat' dir='ltr'>adest,</span> 
     </span>
     <span class='ocr_line' id='line_1_26' title="bbox 176 2037 1588 2087; baseline -0.001 -13"><span class='ocrx_word' id='word_1_203' title='bbox 176 2040 318 2087; x_wconf 83' lang='lat' dir='ltr'>quando</span> <span class='ocrx_word' id='word_1_204' title='bbox 345 2042 467 2074; x_wconf 70' lang='lat' dir='ltr'>vix-ens</span> <span class='ocrx_word' id='word_1_205' title='bbox 495 2049 575 2074; x_wconf 86' lang='lat' dir='ltr'>actu</span> <span class='ocrx_word' id='word_1_206' title='bbox 603 2048 771 2086; x_wconf 84' lang='lat' dir='ltr'>operatur</span> <span class='ocrx_word' id='word_1_207' title='bbox 796 2048 829 2074; x_wconf 91' lang='lat' dir='ltr'>et</span> <span class='ocrx_word' id='word_1_208' title='bbox 857 2040 1088 2085; x_wconf 80' lang='lat' dir='ltr'>cognoscit.»</span> <span class='ocrx_word' id='word_1_209' title='bbox 1118 2039 1161 2073; x_wconf 89' lang='lat' dir='ltr'>Et</span> <span class='ocrx_word' id='word_1_210' title='bbox 1187 2038 1296 2084; x_wconf 84' lang='lat' dir='ltr'>paulo</span> <span class='ocrx_word' id='word_1_211' title='bbox 1334 2037 1491 2079; x_wconf 82' lang='lat' dir='ltr'>inferius,</span> <span class='ocrx_word' id='word_1_212' title='bbox 1519 2038 1588 2073; x_wconf 89' lang='lat' dir='ltr'>loc.</span> 
     </span>
     <span class='ocr_line' id='line_1_27' title="bbox 175 2097 1587 2144; baseline -0.001 -10"><span class='ocrx_word' id='word_1_213' title='bbox 175 2100 234 2135; x_wconf 86' lang='lat' dir='ltr'>cit.</span> <span class='ocrx_word' id='word_1_214' title='bbox 264 2108 347 2134; x_wconf 82' lang='lat' dir='ltr'>sect.</span> <span class='ocrx_word' id='word_1_215' title='bbox 380 2111 405 2134; x_wconf 93' lang='lat'>1.</span> <span class='ocrx_word' id='word_1_216' title='bbox 434 2112 531 2134; x_wconf 88' lang='lat' dir='ltr'>num.</span> <span class='ocrx_word' id='word_1_217' title='bbox 553 2109 598 2144; x_wconf 86' lang='lat'>9.,</span> <span class='ocrx_word' id='word_1_218' title='bbox 626 2100 715 2134; x_wconf 84' lang='lat' dir='ltr'>haec</span> <span class='ocrx_word' id='word_1_219' title='bbox 741 2099 849 2134; x_wconf 81' lang='lat' dir='ltr'>addit:</span> <span class='ocrx_word' id='word_1_220' title='bbox 883 2114 899 2129; x_wconf 91' lang='lat'>«</span> <span class='ocrx_word' id='word_1_221' title='bbox 919 2099 1109 2144; x_wconf 85' lang='lat' dir='ltr'>Appetitus</span> <span class='ocrx_word' id='word_1_222' title='bbox 1137 2098 1279 2133; x_wconf 89' lang='lat' dir='ltr'>innatus</span> <span class='ocrx_word' id='word_1_223' title='bbox 1305 2109 1379 2134; x_wconf 90' lang='lat' dir='ltr'>non</span> <span class='ocrx_word' id='word_1_224' title='bbox 1405 2097 1489 2132; x_wconf 87' lang='lat' dir='ltr'>dicit</span> <span class='ocrx_word' id='word_1_225' title='bbox 1513 2109 1587 2133; x_wconf 87' lang='lat' dir='ltr'>rem</span> 
     </span>
     <span class='ocr_line' id='line_1_28' title="bbox 176 2157 1588 2206; baseline -0.002 -12"><span class='ocrx_word' id='word_1_226' title='bbox 176 2160 344 2206; x_wconf 83' lang='lat' dir='ltr'>aliquam,</span> <span class='ocrx_word' id='word_1_227' title='bbox 373 2168 430 2194; x_wconf 87' lang='lat' dir='ltr'>aut</span> <span class='ocrx_word' id='word_1_228' title='bbox 457 2160 610 2205; x_wconf 80' lang='lat' dir='ltr'>aliquem</span> <span class='ocrx_word' id='word_1_229' title='bbox 638 2159 788 2193; x_wconf 86' lang='lat' dir='ltr'>modum</span> <span class='ocrx_word' id='word_1_230' title='bbox 825 2159 1035 2194; x_wconf 86' lang='lat' dir='ltr'>distinctum</span> <span class='ocrx_word' id='word_1_231' title='bbox 1062 2170 1080 2193; x_wconf 84' lang='lat' dir='ltr'>a</span> <span class='ocrx_word' id='word_1_232' title='bbox 1107 2158 1303 2204; x_wconf 79' lang='lat' dir='ltr'>capacitate</span> <span class='ocrx_word' id='word_1_233' title='bbox 1336 2157 1500 2200; x_wconf 78' lang='lat' dir='ltr'>naturali,</span> <span class='ocrx_word' id='word_1_234' title='bbox 1528 2158 1588 2192; x_wconf 85' lang='lat' dir='ltr'>sed</span> 
     </span>
     <span class='ocr_line' id='line_1_29' title="bbox 176 2217 1585 2265; baseline -0.004 -11"><span class='ocrx_word' id='word_1_235' title='bbox 176 2219 327 2265; x_wconf 85' lang='lat' dir='ltr'>explicat</span> <span class='ocrx_word' id='word_1_236' title='bbox 356 2230 417 2264; x_wconf 88' lang='lat' dir='ltr'>per</span> <span class='ocrx_word' id='word_1_237' title='bbox 443 2218 693 2264; x_wconf 81' lang='lat' dir='ltr'>metaphoram</span> <span class='ocrx_word' id='word_1_238' title='bbox 710 2218 781 2252; x_wconf 85' lang='lat' dir='ltr'>vim</span> <span class='ocrx_word' id='word_1_239' title='bbox 802 2227 835 2253; x_wconf 84' lang='lat' dir='ltr'>et</span> <span class='ocrx_word' id='word_1_240' title='bbox 854 2227 1019 2253; x_wconf 82' lang='lat' dir='ltr'>naturam</span> <span class='ocrx_word' id='word_1_241' title='bbox 1040 2218 1147 2264; x_wconf 82' lang='lat' dir='ltr'>ipsius</span> <span class='ocrx_word' id='word_1_242' title='bbox 1165 2218 1346 2263; x_wconf 84' lang='lat' dir='ltr'>potentiae</span> <span class='ocrx_word' id='word_1_243' title='bbox 1364 2217 1547 2252; x_wconf 86' lang='lat' dir='ltr'>naturalis.</span> <span class='ocrx_word' id='word_1_244' title='bbox 1568 2230 1585 2249; x_wconf 82' lang='lat'><strong>»</strong></span> 
     </span>
     <span class='ocr_line' id='line_1_30' title="bbox 175 2277 1589 2324; baseline -0.003 -10"><span class='ocrx_word' id='word_1_245' title='bbox 175 2280 209 2314; x_wconf 88' lang='lat' dir='ltr'>S.</span> <span class='ocrx_word' id='word_1_246' title='bbox 225 2279 398 2321; x_wconf 85' lang='lat' dir='ltr'>Thomas,</span> <span class='ocrx_word' id='word_1_247' title='bbox 423 2289 448 2313; x_wconf 83' lang='lat'>1.</span> <span class='ocrx_word' id='word_1_248' title='bbox 470 2289 498 2313; x_wconf 82' lang='lat'>2.</span> <span class='ocrx_word' id='word_1_249' title='bbox 519 2290 550 2324; x_wconf 85' lang='lat' dir='ltr'>q.</span> <span class='ocrx_word' id='word_1_250' title='bbox 572 2277 623 2312; x_wconf 80' lang='lat'>26.</span> <span class='ocrx_word' id='word_1_251' title='bbox 645 2290 672 2312; x_wconf 86' lang='lat' dir='ltr'>a.</span> <span class='ocrx_word' id='word_1_252' title='bbox 707 2289 717 2312; x_wconf 85' lang='lat'>1</span> <span class='ocrx_word' id='word_1_253' title='bbox 738 2307 745 2321; x_wconf 91' lang='lat'>‚</span> <span class='ocrx_word' id='word_1_254' title='bbox 766 2286 864 2320; x_wconf 86' lang='lat' dir='ltr'>«est,</span> <span class='ocrx_word' id='word_1_255' title='bbox 896 2278 1021 2324; x_wconf 84' lang='lat' dir='ltr'>inquit,</span> <span class='ocrx_word' id='word_1_256' title='bbox 1051 2277 1193 2324; x_wconf 82' lang='lat' dir='ltr'>quidam</span> <span class='ocrx_word' id='word_1_257' title='bbox 1210 2277 1387 2324; x_wconf 84' lang='lat' dir='ltr'>appetitus</span> <span class='ocrx_word' id='word_1_258' title='bbox 1402 2288 1476 2311; x_wconf 91' lang='lat' dir='ltr'>non</span> <span class='ocrx_word' id='word_1_259' title='bbox 1503 2287 1589 2310; x_wconf 85' lang='lat' dir='ltr'>con-</span> 
     </span>
     <span class='ocr_line' id='line_1_31' title="bbox 176 2334 1588 2385; baseline -0.003 -13"><span class='ocrx_word' id='word_1_260' title='bbox 176 2349 326 2385; x_wconf 83' lang='lat' dir='ltr'>sequens</span> <span class='ocrx_word' id='word_1_261' title='bbox 344 2337 669 2384; x_wconf 80' lang='lat' dir='ltr'>apprehensionem</span> <span class='ocrx_word' id='word_1_262' title='bbox 688 2337 800 2383; x_wconf 86' lang='lat' dir='ltr'>ipsius</span> <span class='ocrx_word' id='word_1_263' title='bbox 818 2338 1030 2384; x_wconf 83' lang='lat' dir='ltr'>appetentis,</span> <span class='ocrx_word' id='word_1_264' title='bbox 1055 2337 1116 2371; x_wconf 90' lang='lat' dir='ltr'>sed</span> <span class='ocrx_word' id='word_1_265' title='bbox 1143 2337 1296 2372; x_wconf 86' lang='lat' dir='ltr'>alterius.</span> <span class='ocrx_word' id='word_1_266' title='bbox 1315 2336 1358 2371; x_wconf 90' lang='lat' dir='ltr'>Et</span> <span class='ocrx_word' id='word_1_267' title='bbox 1384 2334 1588 2370; x_wconf 87' lang='lat' dir='ltr'>huiusmodi</span> 
     </span>
     <span class='ocr_line' id='line_1_32' title="bbox 175 2395 1589 2443; baseline -0.001 -13"><span class='ocrx_word' id='word_1_268' title='bbox 175 2397 350 2443; x_wconf 78' lang='lat' dir='ltr'>appetitus</span> <span class='ocrx_word' id='word_1_269' title='bbox 377 2397 504 2431; x_wconf 87' lang='lat' dir='ltr'>dicitur</span> <span class='ocrx_word' id='word_1_270' title='bbox 530 2396 709 2430; x_wconf 79' lang='lat' dir='ltr'>naturalis.</span> <span class='ocrx_word' id='word_1_271' title='bbox 729 2396 798 2430; x_wconf 89' lang='lat' dir='ltr'>Res</span> <span class='ocrx_word' id='word_1_272' title='bbox 817 2397 913 2430; x_wconf 84' lang='lat' dir='ltr'>enim</span> <span class='ocrx_word' id='word_1_273' title='bbox 931 2396 1111 2431; x_wconf 83' lang='lat' dir='ltr'>naturales</span> <span class='ocrx_word' id='word_1_274' title='bbox 1131 2405 1303 2443; x_wconf 80' lang='lat' dir='ltr'>appetunt</span> <span class='ocrx_word' id='word_1_275' title='bbox 1323 2395 1417 2442; x_wconf 89' lang='lat' dir='ltr'>quod</span> <span class='ocrx_word' id='word_1_276' title='bbox 1436 2396 1486 2429; x_wconf 78' lang='lat' dir='ltr'>eis</span> <span class='ocrx_word' id='word_1_277' title='bbox 1504 2405 1589 2429; x_wconf 86' lang='lat' dir='ltr'>con-</span> 
     </span>
     <span class='ocr_line' id='line_1_33' title="bbox 176 2455 1586 2503; baseline -0.003 -12"><span class='ocrx_word' id='word_1_278' title='bbox 176 2458 284 2499; x_wconf 74' lang='lat' dir='ltr'>venit,</span> <span class='ocrx_word' id='word_1_279' title='bbox 313 2469 384 2491; x_wconf 91' lang='lat' dir='ltr'>non</span> <span class='ocrx_word' id='word_1_280' title='bbox 414 2469 475 2503; x_wconf 85' lang='lat' dir='ltr'>per</span> <span class='ocrx_word' id='word_1_281' title='bbox 499 2457 822 2503; x_wconf 82' lang='lat' dir='ltr'>apprehensionem</span> <span class='ocrx_word' id='word_1_282' title='bbox 851 2456 1042 2503; x_wconf 76' lang='lat' dir='ltr'>propriam,</span> <span class='ocrx_word' id='word_1_283' title='bbox 1071 2456 1131 2491; x_wconf 91' lang='lat' dir='ltr'>sed</span> <span class='ocrx_word' id='word_1_284' title='bbox 1169 2468 1231 2502; x_wconf 85' lang='lat' dir='ltr'>per</span> <span class='ocrx_word' id='word_1_285' title='bbox 1262 2455 1586 2502; x_wconf 84' lang='lat' dir='ltr'>apprehensionem</span> 
     </span>
     <span class='ocr_line' id='line_1_34' title="bbox 175 2517 629 2551; baseline -0.002 -2"><span class='ocrx_word' id='word_1_286' title='bbox 175 2517 392 2551; x_wconf 64' lang='lat' dir='ltr'>instituentis</span> <span class='ocrx_word' id='word_1_287' title='bbox 423 2525 629 2551; x_wconf 81' lang='lat' dir='ltr'>naturam.»</span> 
     </span>
     <span class='ocr_line' id='line_1_35' title="bbox 269 2574 1483 2622; baseline -0.001 -13"><span class='ocrx_word' id='word_1_288' title='bbox 269 2577 326 2621; x_wconf 67' lang='grc' dir='ltr'>(ι)</span> <span class='ocrx_word' id='word_1_289' title='bbox 353 2575 406 2612; x_wconf 78' lang='lat' dir='ltr'>Cf.</span> <span class='ocrx_word' id='word_1_290' title='bbox 436 2578 626 2619; x_wconf 78' lang='lat' dir='ltr'>Becanum,</span> <span class='ocrx_word' id='word_1_291' title='bbox 653 2576 801 2611; x_wconf 73' lang='lat' dir='ltr'>debeat.</span> <span class='ocrx_word' id='word_1_292' title='bbox 830 2584 862 2611; x_wconf 78' lang='lat' dir='ltr'>ct</span> <span class='ocrx_word' id='word_1_293' title='bbox 890 2583 954 2610; x_wconf 74' lang='lat' dir='ltr'>act.</span> <span class='ocrx_word' id='word_1_294' title='bbox 982 2576 1080 2611; x_wconf 73' lang='lat' dir='ltr'>hum,</span> <span class='ocrx_word' id='word_1_295' title='bbox 1110 2587 1184 2621; x_wconf 71' lang='lat' dir='ltr'>cap.</span> <span class='ocrx_word' id='word_1_296' title='bbox 1219 2586 1242 2610; x_wconf 89' lang='lat'>1.</span> <span class='ocrx_word' id='word_1_297' title='bbox 1273 2582 1402 2622; x_wconf 76' lang='lat' dir='ltr'>quaest.</span> <span class='ocrx_word' id='word_1_298' title='bbox 1421 2574 1483 2609; x_wconf 80' lang='lat' dir='ltr'>XI.</span> 
     </span>
    </p>
   </div>
  </div>
 </body>
</html>
