1734 2784
695 96 961 140 -353-

660 319 827 363 Tfflssm
863 319 999 361 XLV.

114 441 258 486 Altera
291 441 334 484 in
367 440 457 482 vita
487 437 695 497 respondet
744 437 942 481 custodiae
985 435 1079 494 legis
1124 437 1332 480 naturalis
1365 436 1543 494 perfecta

234 511 374 555 ultimi
394 509 498 569 finis
532 511 771 566 consecutio,
790 508 1041 566 eiusdemque
1063 508 1158 565 legis
1182 507 1399 551 violationi
1418 509 1544 551 amis-

232 583 290 626 sio
313 581 415 640 finis
449 581 596 624 ultimi.
631 581 825 624 Exclusio
857 581 948 624 haec
980 579 1031 622 ab
1065 579 1204 622 ultimo
1241 578 1326 637 fine
1359 587 1414 622 est
1446 580 1542 637 qni-

236 654 324 697 dem
351 661 485 712 poena
519 654 629 696 insta
651 649 875 709 'eademqne
919 652 1153 708 praecipita,
1203 665 1283 693 non
1322 658 1456 692 tamen
1490 658 1544 693 est

233 724 428 783 sufficiens
457 725 678 782 impiorum
706 724 880 780 punitio,
899 722 966 766 sed
998 723 1219 780 requiritur
1242 729 1450 779 praeterea
1469 729 1543 778 po-

235 797 358 841 sitiva
390 796 573 839 aliarum
600 803 826 853 poenarum
859 794 1062 851 irrogatio.

240 918 334 961 131.
368 904 737 947 PRAENOTIONES.
787 903 848 945 Ex
896 899 1231 958 quaestionibus,
1281 916 1383 958 quas
1419 900 1543 943 initio

116 975 406 1036 praecedentis
439 974 613 1018 theseos
662 973 785 1016 nobis
834 972 1199 1030 proponebamus,
1245 972 1371 1014 altera
1413 984 1544 1016 restat

116 1047 333 1101 solvenda,
377 1045 574 1090 videlicet
622 1046 664 1088 in
715 1061 800 1103 quo
850 1045 1040 1102 praemio
1089 1043 1154 1086 vel
1198 1044 1240 1085 in
1284 1060 1366 1101 qua
1409 1059 1546 1101 poena

117 1120 321 1163 consistat
355 1116 537 1176 perfecta
570 1116 637 1159 illa
670 1116 774 1173 legis
808 1115 1010 1158 naturalis
1045 1115 1223 1166 sanctio,
1267 1131 1388 1172 quae,
1422 1128 1467 1158 ut
1502 1116 1543 1157 in

117 1190 266 1234 eadem
312 1189 422 1233 thesi
471 1187 765 1246 probavimus,
816 1186 944 1229 altera
991 1186 1034 1228 in
1068 1187 1152 1229 vita
1203 1186 1348 1229 locum
1398 1185 1545 1229 habeat

117 1273 301 1320 oportet.
336 1262 460 1303 Hanc
491 1259 615 1302 aliam
649 1259 945 1316 quaestionem
979 1257 1190 1301 solvimus
1224 1259 1265 1301 in
1302 1258 1378 1301 hac
1411 1258 1544 1311 thesi,

117 1333 238 1377 cuius
272 1331 528 1389 multiplices
563 1343 699 1388 partes
734 1330 917 1373 seorsim
952 1328 1276 1373 vindicabimus:
1316 1331 1543 1387 praecipue

116 1419 218 1448 vero
253 1404 531 1461 respiciemus
581 1402 846 1444 sanctionem
886 1400 1115 1458 poenalem,
1166 1414 1258 1444 tum
1304 1402 1400 1458 quia
1446 1401 1546 1444 haec

117 1474 328 1520 difficilius
363 1473 409 1517 ab
444 1472 693 1516 hominibus
728 1472 980 1525 admittitur,
1015 1485 1106 1514 tum
1131 1462 1229 1529 quia
1253 1472 1303 1516 de
1328 1474 1546 1516 sanctione

112 1547 290 1606 praemii
320 1547 402 1588 iam
439 1546 537 1588 satis
572 1544 759 1588 diximus
795 1545 837 1586 in
872 1545 1005 1601 capite
1039 1544 1181 1601 primo
1216 1544 1342 1587 huius
1392 1545 1546 1602 prioris

118 1618 263 1676 partis.

242 1702 335 1745 132.
370 1689 758 1731 DEMONSTRArio.
795 1688 823 1729 Ι.
860 1686 992 1730 fideli
1034 1686 1128 1743 legis
1171 1687 1378 1730 naturalis
1411 1697 1547 1731 custo-

117 1759 206 1804 diae
237 1759 292 1802 ad
323 1761 479 1802 exitum
522 1774 642 1816 usquc
686 1758 866 1800 mortalis
900 1758 1020 1800 lmins
1055 1759 1163 1800 visae
1207 1757 1415 1815 respondet
1447 1774 1547 1802 con-

116 1833 260 1876 secutio
284 1831 387 1890 finis
421 1831 553 1873 ultimi
584 1839 619 1874 et
649 1830 772 1887 gravi
804 1828 979 1871 eiusdem
1012 1828 1103 1886 legis
1135 1829 1350 1872 violationi
1387 1838 1550 1888 respon-

118 1903 182 1946 det
225 1903 319 1957 finis
366 1901 500 1945 ultimi
546 1903 725 1945 amissio.
780 1927 830 1931 —
877 1902 935 1944 Ut
985 1916 1035 1943 cx
1081 1913 1172 1943 toto
1217 1902 1353 1959 capite
1407 1903 1548 1959 primo

118 1974 246 2018 huius
280 1975 442 2032 primae
476 1974 605 2031 partis
641 1985 769 2031 patet,
804 1973 1052 2015 consecutio
1086 1972 1181 2015 finis
1206 1971 1344 2016 ultimi
1370 1986 1433 2017 est
1457 1989 1545 2017 non

119 2045 253 2090 modo
287 2044 516 2103 possibilis,
550 2044 624 2087 sed
657 2045 784 2087 etiam
820 2056 946 2098 certa,
997 2042 1240 2087 dummodo
1290 2043 1337 2086 ab
1371 2044 1549 2088 homine

119 2117 161 2160 in
195 2116 278 2160 hoc
310 2117 550 2159 certaminis
601 2116 737 2158 stadio
782 2116 1016 2158 constituto
1066 2116 1180 2171 leges
1225 2131 1246 2157 a
1280 2116 1376 2158 Deo
1427 2116 1549 2173 posi-

119 2201 185 2231 tae
218 2187 415 2246 impletae
449 2186 619 2230 fuerint.
655 2187 883 2240 Quaenam
918 2199 1016 2229 sunt
1041 2185 1117 2228 hac
1142 2185 1293 2242 leges?
1317 2187 1405 2229 Lex
1430 2202 1547 2244 prae-

121 2259 243 2316 cipue
275 2258 494 2312 naturalis,
530 2273 636 2315 quae
669 2270 733 2300 est
767 2258 904 2315 prima
940 2257 1019 2311 leit,
1054 2272 1246 2314 quaeque
1282 2272 1381 2300 cum
1416 2256 1546 2301 dictet

120 2329 316 2387 positivis
349 2330 477 2372 etiam
512 2329 594 2371 Dei
629 2327 807 2385 legibus,
841 2343 1009 2370 necnon
1043 2328 1163 2369 iustis
1197 2328 1442 2384 principum
1469 2327 1549 2370 hu-

120 2416 350 2444 manorum
404 2400 638 2458 praeceptis
691 2414 783 2442 esse
832 2397 1234 2455 obtemperandum,
1290 2412 1377 2441 non
1424 2397 1551 2456 plene

120 2471 383 2526 observatur,
418 2471 497 2514 nisi
537 2471 743 2528 positivae
787 2470 914 2513 etiam
959 2469 1072 2526 leges
1123 2471 1212 2512 sive
1257 2469 1423 2512 divinae
1459 2470 1550 2513 sive

122 2541 332 2587 hnmanae
367 2542 676 2586 custodiantur.

1375 2609 1414 2645 23
