1734 2784
792 124 1057 178 —154-

213 230 300 261 tem
335 217 581 270 naturalem,
616 230 654 260 et
687 217 746 260 sic
794 229 856 260 est
905 216 1100 260 ciusdem
1148 218 1301 275 speciei
1334 218 1378 261 in
1411 218 1539 262 Petro
1589 231 1634 264 et

212 289 333 341 Iuda,
371 291 427 332 2.⁰
461 290 504 332 in
536 304 689 345 genere
722 289 870 341 moris,
903 301 1110 346 qnatenus
1158 284 1364 332 libere‘fit
1411 301 1451 332 et
1499 289 1625 335 libere

213 360 408 417 dirigitur
440 361 482 402 in
515 359 678 403 bonum
715 372 785 403 aut
818 359 980 403 malum
1013 358 1158 413 finem,
1192 372 1232 403 et
1265 361 1325 403 sic
1357 372 1498 419 potest
1538 378 1635 406 esse¹

213 431 402 474 diversae
434 432 591 489 speciei
622 432 663 474 in
697 433 825 475 Petro
859 443 899 474 et
922 430 1038 473 Iuda.
1063 431 1174 475 Nam
1198 432 1348 474 Petrus
1373 445 1512 490 potest
1535 448 1632 476 am-

212 502 354 546 bulare
386 504 429 546 in
462 503 637 546 hortum
671 516 716 545 ut
751 515 856 556 oret,
889 502 1014 546 Iudas
1050 514 1097 545 ut
1131 502 1354 547 Christum
1387 503 1551 562 prodat.
1575 505 1627 548 In

213 589 299 632 quo
333 589 428 616 casu
463 573 692 617 ambulatio
726 574 839 616 Petri
863 585 926 616 est
959 573 1152 630 honesta,
1176 572 1297 616 laude
1320 573 1448 631 digna
1470 587 1510 617 et
1533 591 1620 618 me-

213 646 371 701 ritoria,
404 644 633 688 ambuIatio
666 644 793 688 Iudae
824 644 992 698 vitiosa,
1015 645 1229 702 vituperio
1253 644 1380 702 digna
1413 657 1453 688 et
1476 645 1631 690 deme—

213 717 374 760 ritoria.
409 717 533 769 Quae
566 716 785 759 diversitas
820 727 959 773 potest
1007 716 1134 758 etiam
1168 717 1340 774 reperiri
1379 717 1422 758 in
1469 716 1623 761 eodem

214 788 404 832 homine.
438 789 553 832 Nam
586 786 811 846 aliquando
843 786 905 842 fit,
941 799 988 830 ut
1019 787 1168 845 aliquis
1201 788 1373 845 incipiat
1410 788 1630 832 ambulare*

214 859 268 903 ob
292 859 450 903 malum
476 858 618 913 finem,
637 871 676 902 et
698 859 742 901 in
765 873 996 916 progressu
1021 870 1156 901 mutet
1178 858 1472 903 intentionem.
1499 858 1627 902 Tunc

214 932 291 974 erit
324 930 471 974 eadem
505 945 687 974 numero
721 929 951 972 ambulatio
988 930 1030 972 in
1064 945 1219 987 genere
1253 942 1440 987 naturae,
1474 929 1549 973 sed
1570 942 1634 973 ta-

214 1019 313 1046 men
347 1003 535 1046 diversae
583 1003 737 1061 speciei
770 1003 814 1044 in
846 1017 1004 1059 genere
1052 1002 1198 1045 moris:
1234 1017 1329 1045 nam
1374 1002 1497 1045 initio
1531 1003 1631 1046 erit

213 1077 378 1133 vitiosa,
411 1077 452 1118 in
485 1090 717 1134 progressu
750 1073 965 1118 honesta»
1005 1073 1089 1132 (1).
1114 1074 1204 1117 Iam
1237 1074 1377 1131 itaque
1411 1073 1630 1131 agendum

214 1149 335 1193 nobis
369 1161 431 1192 est
464 1147 515 1191 de
547 1147 770 1190 honestate
813 1158 854 1189 et
899 1144 1169 1188 inhonestate
1201 1146 1420 1188 actionum
1468 1143 1629 1188 huma-

214 1236 380 1265 narum.

331 1415 389 1459 (1)
417 1414 469 1448 Ita
496 1413 668 1455 Becanus,
695 1411 739 1447 de
767 1413 861 1448 beat.
890 1420 924 1446 et
952 1420 1019 1446 act.
1045 1411 1145 1446 hum.
1171 1423 1249 1457 cap.
1275 1412 1385 1457 111.q.
1413 1411 1472 1448 IV.
1499 1421 1598 1445 num.
1618 1421 1635 1446 1
