<?xml version="1.0" encoding="UTF-8"?>
<!DOCTYPE html PUBLIC "-//W3C//DTD XHTML 1.0 Transitional//EN"
    "http://www.w3.org/TR/xhtml1/DTD/xhtml1-transitional.dtd">
<html xmlns="http://www.w3.org/1999/xhtml" xml:lang="en" lang="en">
 <head>
  <title>
</title>
<meta http-equiv="Content-Type" content="text/html;charset=utf-8" />
  <meta name='ocr-system' content='tesseract 3.04.00' />
  <meta name='ocr-capabilities' content='ocr_page ocr_carea ocr_par ocr_line ocrx_word'/>
</head>
<body>
  <div class='ocr_page' id='page_1' title='image "./institutionesphi01ferr_0385.png"; bbox 0 0 1734 2784; ppageno 0'>
   <div class='ocr_carea' id='block_1_1' title="bbox 86 182 1522 2162">
    <p class='ocr_par' dir='ltr' id='par_1_1' title="bbox 86 182 1522 2162">
     <span class='ocr_line' id='line_1_1' title="bbox 91 182 1521 240; baseline 0.001 -14"><span class='ocrx_word' id='word_1_1' title='bbox 91 183 188 227; x_wconf 81' lang='lat' dir='ltr'>min.</span> <span class='ocrx_word' id='word_1_2' title='bbox 221 183 367 226; x_wconf 83' lang='lat' dir='ltr'>Poena</span> <span class='ocrx_word' id='word_1_3' title='bbox 398 194 582 237; x_wconf 82' lang='lat' dir='ltr'>aeterna,</span> <span class='ocrx_word' id='word_1_4' title='bbox 619 182 792 240; x_wconf 88' lang='lat' dir='ltr'>quando</span> <span class='ocrx_word' id='word_1_5' title='bbox 840 195 904 226; x_wconf 89' lang='lat' dir='ltr'>est</span> <span class='ocrx_word' id='word_1_6' title='bbox 936 184 978 226; x_wconf 89' lang='lat' dir='ltr'>in</span> <span class='ocrx_word' id='word_1_7' title='bbox 1013 195 1123 227; x_wconf 89' lang='lat' dir='ltr'>statu</span> <span class='ocrx_word' id='word_1_8' title='bbox 1174 185 1521 238; x_wconf 80' lang='lat' dir='ltr'><strong><em>comminationis,</em></strong></span> 
     </span>
     <span class='ocr_line' id='line_1_2' title="bbox 90 252 1521 309; baseline 0.001 -13"><span class='ocrx_word' id='word_1_9' title='bbox 90 268 178 296; x_wconf 89' lang='lat' dir='ltr'>non</span> <span class='ocrx_word' id='word_1_10' title='bbox 210 265 274 296; x_wconf 87' lang='lat' dir='ltr'>est</span> <span class='ocrx_word' id='word_1_11' title='bbox 307 252 352 295; x_wconf 82' lang='lat' dir='ltr'>de</span> <span class='ocrx_word' id='word_1_12' title='bbox 385 267 424 295; x_wconf 82' lang='lat' dir='ltr'>se</span> <span class='ocrx_word' id='word_1_13' title='bbox 457 265 553 309; x_wconf 83' lang='lat' dir='ltr'>apta</span> <span class='ocrx_word' id='word_1_14' title='bbox 585 252 637 295; x_wconf 87' lang='lat' dir='ltr'>ad</span> <span class='ocrx_word' id='word_1_15' title='bbox 671 252 976 296; x_wconf 90' lang='lat' dir='ltr'>deterrendum</span> <span class='ocrx_word' id='word_1_16' title='bbox 1024 266 1065 297; x_wconf 87' lang='lat' dir='ltr'>et</span> <span class='ocrx_word' id='word_1_17' title='bbox 1097 254 1402 298; x_wconf 87' lang='lat' dir='ltr'>retrahendum</span> <span class='ocrx_word' id='word_1_18' title='bbox 1435 254 1521 298; x_wconf 92' lang='lat' dir='ltr'>ho-</span> 
     </span>
     <span class='ocr_line' id='line_1_3' title="bbox 89 322 1520 382; baseline 0.001 -15"><span class='ocrx_word' id='word_1_19' title='bbox 89 324 257 368; x_wconf 87' lang='lat' dir='ltr'>minem</span> <span class='ocrx_word' id='word_1_20' title='bbox 279 325 314 366; x_wconf 72' lang='lat' dir='ltr'>&#39;a</span> <span class='ocrx_word' id='word_1_21' title='bbox 345 322 580 366; x_wconf 84' lang='lat' dir='ltr'>violatione</span> <span class='ocrx_word' id='word_1_22' title='bbox 615 323 721 380; x_wconf 88' lang='lat' dir='ltr'>legis</span> <span class='ocrx_word' id='word_1_23' title='bbox 754 340 870 382; x_wconf 81' lang='lat' dir='ltr'>nego,</span> <span class='ocrx_word' id='word_1_24' title='bbox 895 324 1067 382; x_wconf 85' lang='lat' dir='ltr'>quando</span> <span class='ocrx_word' id='word_1_25' title='bbox 1102 337 1165 368; x_wconf 87' lang='lat' dir='ltr'>est</span> <span class='ocrx_word' id='word_1_26' title='bbox 1197 325 1360 369; x_wconf 78' lang='lat' dir='ltr'>inflicta</span> <span class='ocrx_word' id='word_1_27' title='bbox 1391 334 1520 370; x_wconf 81' lang='lat' dir='ltr'>trans.</span> 
     </span>
     <span class='ocr_line' id='line_1_4' title="bbox 89 395 1520 441; baseline -0.001 0"><span class='ocrx_word' id='word_1_28' title='bbox 89 398 202 441; x_wconf 84' lang='lat' dir='ltr'>Dist.</span> <span class='ocrx_word' id='word_1_29' title='bbox 236 411 342 440; x_wconf 79' lang='lat' dir='ltr'>cons.</span> <span class='ocrx_word' id='word_1_30' title='bbox 377 395 524 438; x_wconf 87' lang='lat' dir='ltr'>Poena</span> <span class='ocrx_word' id='word_1_31' title='bbox 546 407 714 439; x_wconf 82' lang='lat' dir='ltr'>aeterna</span> <span class='ocrx_word' id='word_1_32' title='bbox 749 409 859 439; x_wconf 83' lang='lat' dir='ltr'>caret</span> <span class='ocrx_word' id='word_1_33' title='bbox 881 396 962 440; x_wconf 86' lang='lat' dir='ltr'>fine</span> <span class='ocrx_word' id='word_1_34' title='bbox 986 397 1012 439; x_wconf 90' lang='lat' dir='ltr'>i.</span> <span class='ocrx_word' id='word_1_35' title='bbox 1037 413 1071 440; x_wconf 88' lang='grc'>6.</span> <span class='ocrx_word' id='word_1_36' title='bbox 1092 413 1180 439; x_wconf 90' lang='lat' dir='ltr'>non</span> <span class='ocrx_word' id='word_1_37' title='bbox 1204 396 1367 440; x_wconf 83' lang='lat' dir='ltr'>obtinet</span> <span class='ocrx_word' id='word_1_38' title='bbox 1389 397 1520 441; x_wconf 87' lang='lat' dir='ltr'>finem</span> 
     </span>
     <span class='ocr_line' id='line_1_5' title="bbox 88 467 1522 526; baseline 0 -15"><span class='ocrx_word' id='word_1_39' title='bbox 88 468 345 526; x_wconf 87' lang='lat' dir='ltr'>primarium</span> <span class='ocrx_word' id='word_1_40' title='bbox 378 482 488 523; x_wconf 77' lang='lat' dir='ltr'>nego,</span> <span class='ocrx_word' id='word_1_41' title='bbox 521 467 825 510; x_wconf 80' lang='lat' dir='ltr'>secundarium</span> <span class='ocrx_word' id='word_1_42' title='bbox 848 468 981 521; x_wconf 61' lang='lat' dir='ltr'>subd„</span> <span class='ocrx_word' id='word_1_43' title='bbox 1007 483 1095 511; x_wconf 91' lang='lat' dir='ltr'>non</span> <span class='ocrx_word' id='word_1_44' title='bbox 1128 480 1191 511; x_wconf 89' lang='lat' dir='ltr'>est</span> <span class='ocrx_word' id='word_1_45' title='bbox 1225 484 1275 511; x_wconf 81' lang='lat' dir='ltr'>ex</span> <span class='ocrx_word' id='word_1_46' title='bbox 1298 484 1342 512; x_wconf 81' lang='lat' dir='ltr'>se</span> <span class='ocrx_word' id='word_1_47' title='bbox 1375 467 1522 512; x_wconf 82' lang='lat' dir='ltr'>efficax</span> 
     </span>
     <span class='ocr_line' id='line_1_6' title="bbox 89 537 1519 596; baseline 0.001 -13"><span class='ocrx_word' id='word_1_48' title='bbox 89 538 142 583; x_wconf 86' lang='lat' dir='ltr'>ad</span> <span class='ocrx_word' id='word_1_49' title='bbox 177 539 297 582; x_wconf 89' lang='lat' dir='ltr'>illum</span> <span class='ocrx_word' id='word_1_50' title='bbox 346 537 629 581; x_wconf 89' lang='lat' dir='ltr'>obtinendum</span> <span class='ocrx_word' id='word_1_51' title='bbox 680 555 789 596; x_wconf 77' lang='lat' dir='ltr'>nego,</span> <span class='ocrx_word' id='word_1_52' title='bbox 836 555 925 582; x_wconf 90' lang='lat' dir='ltr'>non</span> <span class='ocrx_word' id='word_1_53' title='bbox 974 539 1139 583; x_wconf 91' lang='lat' dir='ltr'>obtinet</span> <span class='ocrx_word' id='word_1_54' title='bbox 1172 539 1223 583; x_wconf 90' lang='lat' dir='ltr'>de</span> <span class='ocrx_word' id='word_1_55' title='bbox 1273 540 1382 583; x_wconf 74' lang='lat' dir='ltr'>facto</span> <span class='ocrx_word' id='word_1_56' title='bbox 1430 542 1519 585; x_wconf 82' lang='lat' dir='ltr'>iter.</span> 
     </span>
     <span class='ocr_line' id='line_1_7' title="bbox 88 609 1520 670; baseline 0 -15"><span class='ocrx_word' id='word_1_57' title='bbox 88 611 200 664; x_wconf 71' lang='lat' dir='ltr'>dist„</span> <span class='ocrx_word' id='word_1_58' title='bbox 234 610 376 668; x_wconf 84' lang='lat' dir='ltr'>quoad</span> <span class='ocrx_word' id='word_1_59' title='bbox 409 609 523 652; x_wconf 85' lang='lat' dir='ltr'>hunc</span> <span class='ocrx_word' id='word_1_60' title='bbox 557 610 623 653; x_wconf 82' lang='lat' dir='ltr'>vel</span> <span class='ocrx_word' id='word_1_61' title='bbox 658 610 787 653; x_wconf 34' lang='lat' dir='ltr'>⁸illum</span> <span class='ocrx_word' id='word_1_62' title='bbox 821 611 1044 654; x_wconf 89' lang='lat' dir='ltr'>hominem</span> <span class='ocrx_word' id='word_1_63' title='bbox 1079 623 1118 654; x_wconf 89' lang='lat' dir='ltr'>et</span> <span class='ocrx_word' id='word_1_64' title='bbox 1163 627 1211 654; x_wconf 85' lang='lat' dir='ltr'>ex</span> <span class='ocrx_word' id='word_1_65' title='bbox 1264 612 1354 655; x_wconf 87' lang='lat' dir='ltr'>eius</span> <span class='ocrx_word' id='word_1_66' title='bbox 1398 611 1520 670; x_wconf 84' lang='lat' dir='ltr'>culpa</span> 
     </span>
     <span class='ocr_line' id='line_1_8' title="bbox 88 680 1520 741; baseline 0 -15"><span class='ocrx_word' id='word_1_67' title='bbox 88 690 235 738; x_wconf 61' lang='lat' dir='ltr'>trans„</span> <span class='ocrx_word' id='word_1_68' title='bbox 274 680 417 739; x_wconf 85' lang='lat' dir='ltr'>quoad</span> <span class='ocrx_word' id='word_1_69' title='bbox 450 680 681 724; x_wconf 89' lang='lat' dir='ltr'>hominum</span> <span class='ocrx_word' id='word_1_70' title='bbox 714 683 1037 738; x_wconf 81' lang='lat' dir='ltr'>generalitatem</span> <span class='ocrx_word' id='word_1_71' title='bbox 1070 697 1177 739; x_wconf 75' lang='lat' dir='ltr'>nego.</span> <span class='ocrx_word' id='word_1_72' title='bbox 1227 683 1327 726; x_wconf 91' lang='lat' dir='ltr'>Duo</span> <span class='ocrx_word' id='word_1_73' title='bbox 1377 683 1520 741; x_wconf 86' lang='lat' dir='ltr'>itaque</span> 
     </span>
     <span class='ocr_line' id='line_1_9' title="bbox 88 751 1519 810; baseline 0 -14"><span class='ocrx_word' id='word_1_74' title='bbox 88 751 415 810; x_wconf 82' lang='lat' dir='ltr'>perpendantur:</span> <span class='ocrx_word' id='word_1_75' title='bbox 442 751 664 809; x_wconf 77' lang='lat' dir='ltr'>multiplex</span> <span class='ocrx_word' id='word_1_76' title='bbox 686 751 781 795; x_wconf 88' lang='lat' dir='ltr'>finis</span> <span class='ocrx_word' id='word_1_77' title='bbox 806 768 983 810; x_wconf 85' lang='lat' dir='ltr'>poenae,</span> <span class='ocrx_word' id='word_1_78' title='bbox 1007 754 1235 810; x_wconf 87' lang='lat' dir='ltr'>primarius</span> <span class='ocrx_word' id='word_1_79' title='bbox 1270 753 1391 806; x_wconf 80' lang='lat' dir='ltr'>alter,</span> <span class='ocrx_word' id='word_1_80' title='bbox 1416 754 1519 798; x_wconf 83' lang='lat' dir='ltr'>alter</span> 
     </span>
     <span class='ocr_line' id='line_1_10' title="bbox 88 822 1514 882; baseline 0 -15"><span class='ocrx_word' id='word_1_81' title='bbox 88 823 381 880; x_wconf 88' lang='lat' dir='ltr'>secundarius,</span> <span class='ocrx_word' id='word_1_82' title='bbox 402 835 442 866; x_wconf 89' lang='lat' dir='ltr'>et</span> <span class='ocrx_word' id='word_1_83' title='bbox 467 822 626 881; x_wconf 79' lang='lat' dir='ltr'>duplex</span> <span class='ocrx_word' id='word_1_84' title='bbox 650 836 801 876; x_wconf 89' lang='lat' dir='ltr'>status,</span> <span class='ocrx_word' id='word_1_85' title='bbox 827 825 869 866; x_wconf 90' lang='lat' dir='ltr'>in</span> <span class='ocrx_word' id='word_1_86' title='bbox 894 840 981 882; x_wconf 89' lang='lat' dir='ltr'>quo</span> <span class='ocrx_word' id='word_1_87' title='bbox 1005 840 1144 882; x_wconf 85' lang='lat' dir='ltr'>poena</span> <span class='ocrx_word' id='word_1_88' title='bbox 1167 826 1345 882; x_wconf 83' lang='lat' dir='ltr'>spectari</span> <span class='ocrx_word' id='word_1_89' title='bbox 1372 824 1514 878; x_wconf 84' lang='lat' dir='ltr'>debet,</span> 
     </span>
     <span class='ocr_line' id='line_1_11' title="bbox 88 893 1519 950; baseline 0.001 -12"><span class='ocrx_word' id='word_1_90' title='bbox 88 893 190 938; x_wconf 85' lang='lat' dir='ltr'>alter</span> <span class='ocrx_word' id='word_1_91' title='bbox 224 893 594 938; x_wconf 81' lang='lat' dir='ltr'>determinationis</span> <span class='ocrx_word' id='word_1_92' title='bbox 629 910 702 937; x_wconf 89' lang='lat' dir='ltr'>seu</span> <span class='ocrx_word' id='word_1_93' title='bbox 738 895 1102 950; x_wconf 77' lang='lat' dir='ltr'>comminationis,</span> <span class='ocrx_word' id='word_1_94' title='bbox 1137 895 1238 938; x_wconf 86' lang='lat' dir='ltr'>alter</span> <span class='ocrx_word' id='word_1_95' title='bbox 1270 911 1373 938; x_wconf 69' lang='lat' dir='ltr'>vero</span> <span class='ocrx_word' id='word_1_96' title='bbox 1408 896 1519 939; x_wconf 92' lang='lat' dir='ltr'>irro-</span> 
     </span>
     <span class='ocr_line' id='line_1_12' title="bbox 87 966 1517 1024; baseline 0.001 -15"><span class='ocrx_word' id='word_1_97' title='bbox 87 966 274 1023; x_wconf 81' lang='lat' dir='ltr'>gationis</span> <span class='ocrx_word' id='word_1_98' title='bbox 319 981 393 1008; x_wconf 86' lang='lat' dir='ltr'>seu</span> <span class='ocrx_word' id='word_1_99' title='bbox 443 966 720 1008; x_wconf 76' lang='lat' dir='ltr'>executionis.</span> <span class='ocrx_word' id='word_1_100' title='bbox 760 992 811 996; x_wconf 90' lang='lat'>-—</span> <span class='ocrx_word' id='word_1_101' title='bbox 848 966 963 1008; x_wconf 81' lang='lat' dir='ltr'>Finis</span> <span class='ocrx_word' id='word_1_102' title='bbox 1011 981 1174 1023; x_wconf 79' lang='lat' dir='ltr'>poenae</span> <span class='ocrx_word' id='word_1_103' title='bbox 1216 968 1444 1024; x_wconf 76' lang='lat' dir='ltr'>primarius</span> <span class='ocrx_word' id='word_1_104' title='bbox 1478 980 1517 1010; x_wconf 89' lang='lat' dir='ltr'>et</span> 
     </span>
     <span class='ocr_line' id='line_1_13' title="bbox 90 1034 1516 1094; baseline 0.001 -15"><span class='ocrx_word' id='word_1_105' title='bbox 90 1037 346 1094; x_wconf 82' lang='lat' dir='ltr'>praecipuus</span> <span class='ocrx_word' id='word_1_106' title='bbox 380 1048 441 1078; x_wconf 91' lang='lat' dir='ltr'>est</span> <span class='ocrx_word' id='word_1_107' title='bbox 474 1034 672 1078; x_wconf 78' lang='lat' dir='ltr'>ordinem</span> <span class='ocrx_word' id='word_1_108' title='bbox 708 1034 916 1078; x_wconf 87' lang='lat' dir='ltr'>moralem</span> <span class='ocrx_word' id='word_1_109' title='bbox 966 1052 1040 1093; x_wconf 89' lang='lat' dir='ltr'>per</span> <span class='ocrx_word' id='word_1_110' title='bbox 1090 1036 1259 1094; x_wconf 87' lang='lat' dir='ltr'>culpam</span> <span class='ocrx_word' id='word_1_111' title='bbox 1308 1037 1516 1080; x_wconf 68' lang='lat' dir='ltr'>violatum</span> 
     </span>
     <span class='ocr_line' id='line_1_14' title="bbox 86 1106 1516 1166; baseline 0.003 -17"><span class='ocrx_word' id='word_1_112' title='bbox 86 1106 305 1151; x_wconf 84' lang='lat' dir='ltr'>vindicare</span> <span class='ocrx_word' id='word_1_113' title='bbox 340 1122 530 1164; x_wconf 85' lang='lat' dir='ltr'>eumque</span> <span class='ocrx_word' id='word_1_114' title='bbox 564 1107 784 1149; x_wconf 74' lang='lat' dir='ltr'>moraliter</span> <span class='ocrx_word' id='word_1_115' title='bbox 817 1106 1118 1164; x_wconf 86' lang='lat' dir='ltr'>redintegrare:</span> <span class='ocrx_word' id='word_1_116' title='bbox 1155 1108 1253 1151; x_wconf 88' lang='lat' dir='ltr'>hinc</span> <span class='ocrx_word' id='word_1_117' title='bbox 1284 1124 1422 1166; x_wconf 83' lang='lat' dir='ltr'>poena</span> <span class='ocrx_word' id='word_1_118' title='bbox 1456 1109 1516 1153; x_wconf 88' lang='lat' dir='ltr'>di-</span> 
     </span>
     <span class='ocr_line' id='line_1_15' title="bbox 87 1178 1515 1236; baseline 0.001 -14"><span class='ocrx_word' id='word_1_119' title='bbox 87 1180 195 1222; x_wconf 91' lang='lat' dir='ltr'>citur</span> <span class='ocrx_word' id='word_1_120' title='bbox 217 1178 473 1222; x_wconf 83' lang='lat' dir='ltr'>vindicativa</span> <span class='ocrx_word' id='word_1_121' title='bbox 497 1194 571 1221; x_wconf 87' lang='lat' dir='ltr'>seu</span> <span class='ocrx_word' id='word_1_122' title='bbox 597 1179 839 1236; x_wconf 76' lang='lat' dir='ltr'>expiatoria.</span> <span class='ocrx_word' id='word_1_123' title='bbox 871 1179 986 1222; x_wconf 86' lang='lat' dir='ltr'>Finis</span> <span class='ocrx_word' id='word_1_124' title='bbox 1011 1180 1276 1223; x_wconf 70' lang='lat' dir='ltr'>secundarius</span> <span class='ocrx_word' id='word_1_125' title='bbox 1301 1193 1361 1223; x_wconf 76' lang='lat' dir='ltr'>est</span> <span class='ocrx_word' id='word_1_126' title='bbox 1386 1193 1515 1224; x_wconf 80' lang='lat' dir='ltr'>retra-</span> 
     </span>
     <span class='ocr_line' id='line_1_16' title="bbox 87 1249 1515 1308; baseline 0.002 -15"><span class='ocrx_word' id='word_1_127' title='bbox 87 1251 188 1295; x_wconf 89' lang='lat' dir='ltr'>here</span> <span class='ocrx_word' id='word_1_128' title='bbox 222 1267 244 1294; x_wconf 71' lang='grc' dir='ltr'>ει</span> <span class='ocrx_word' id='word_1_129' title='bbox 276 1249 511 1294; x_wconf 84' lang='lat' dir='ltr'>violatione</span> <span class='ocrx_word' id='word_1_130' title='bbox 545 1249 665 1307; x_wconf 86' lang='lat' dir='ltr'>legis:</span> <span class='ocrx_word' id='word_1_131' title='bbox 700 1263 739 1293; x_wconf 90' lang='lat' dir='ltr'>et</span> <span class='ocrx_word' id='word_1_132' title='bbox 774 1251 833 1293; x_wconf 92' lang='lat' dir='ltr'>sic</span> <span class='ocrx_word' id='word_1_133' title='bbox 867 1266 1005 1308; x_wconf 84' lang='lat' dir='ltr'>poena</span> <span class='ocrx_word' id='word_1_134' title='bbox 1038 1251 1214 1294; x_wconf 81' lang='lat' dir='ltr'>habetur</span> <span class='ocrx_word' id='word_1_135' title='bbox 1263 1252 1515 1296; x_wconf 68' lang='lat' dir='ltr'>medicinalis</span> 
     </span>
     <span class='ocr_line' id='line_1_17' title="bbox 86 1321 1515 1381; baseline 0 -16"><span class='ocrx_word' id='word_1_136' title='bbox 86 1321 154 1366; x_wconf 85' lang='lat' dir='ltr'>vel</span> <span class='ocrx_word' id='word_1_137' title='bbox 187 1322 450 1380; x_wconf 78' lang='lat' dir='ltr'>exemplaris,</span> <span class='ocrx_word' id='word_1_138' title='bbox 486 1335 614 1379; x_wconf 88' lang='lat' dir='ltr'>prout</span> <span class='ocrx_word' id='word_1_139' title='bbox 647 1322 782 1379; x_wconf 85' lang='lat' dir='ltr'>ipsius</span> <span class='ocrx_word' id='word_1_140' title='bbox 816 1322 874 1365; x_wconf 91' lang='lat' dir='ltr'>rei</span> <span class='ocrx_word' id='word_1_141' title='bbox 910 1321 1152 1365; x_wconf 85' lang='lat' dir='ltr'>emendatio</span> <span class='ocrx_word' id='word_1_142' title='bbox 1187 1324 1427 1381; x_wconf 79' lang='lat' dir='ltr'>respicitur,</span> <span class='ocrx_word' id='word_1_143' title='bbox 1449 1323 1515 1367; x_wconf 90' lang='lat' dir='ltr'>vel</span> 
     </span>
     <span class='ocr_line' id='line_1_18' title="bbox 87 1392 1514 1452; baseline 0.001 -15"><span class='ocrx_word' id='word_1_144' title='bbox 87 1394 171 1438; x_wconf 90' lang='lat' dir='ltr'>hoc</span> <span class='ocrx_word' id='word_1_145' title='bbox 204 1405 436 1451; x_wconf 80' lang='lat' dir='ltr'>spectatur,</span> <span class='ocrx_word' id='word_1_146' title='bbox 473 1392 590 1451; x_wconf 91' lang='lat' dir='ltr'>quod</span> <span class='ocrx_word' id='word_1_147' title='bbox 623 1408 644 1434; x_wconf 88' lang='lat' dir='ltr'>a</span> <span class='ocrx_word' id='word_1_148' title='bbox 678 1392 807 1435; x_wconf 85' lang='lat' dir='ltr'>simili</span> <span class='ocrx_word' id='word_1_149' title='bbox 851 1393 1007 1436; x_wconf 87' lang='lat' dir='ltr'>delicto</span> <span class='ocrx_word' id='word_1_150' title='bbox 1058 1395 1340 1452; x_wconf 82' lang='lat' dir='ltr'>perpetrando</span> <span class='ocrx_word' id='word_1_151' title='bbox 1390 1396 1514 1438; x_wconf 87' lang='lat' dir='ltr'>ceteri</span> 
     </span>
     <span class='ocr_line' id='line_1_19' title="bbox 88 1464 1517 1523; baseline 0.001 -14"><span class='ocrx_word' id='word_1_152' title='bbox 88 1466 380 1509; x_wconf 82' lang='lat' dir='ltr'>deterreantur</span> <span class='ocrx_word' id='word_1_153' title='bbox 414 1464 591 1523; x_wconf 83' lang='lat'><em>(1).-</em></span> <span class='ocrx_word' id='word_1_154' title='bbox 629 1465 823 1508; x_wconf 84' lang='lat' dir='ltr'>Iamvero</span> <span class='ocrx_word' id='word_1_155' title='bbox 873 1464 1002 1507; x_wconf 87' lang='lat' dir='ltr'>finem</span> <span class='ocrx_word' id='word_1_156' title='bbox 1051 1466 1302 1522; x_wconf 78' lang='lat' dir='ltr'>primarium</span> <span class='ocrx_word' id='word_1_157' title='bbox 1353 1466 1517 1510; x_wconf 86' lang='lat' dir='ltr'>obtinet</span> 
     </span>
     <span class='ocr_line' id='line_1_20' title="bbox 86 1533 1515 1594; baseline -0.001 -15"><span class='ocrx_word' id='word_1_158' title='bbox 86 1551 221 1594; x_wconf 87' lang='lat' dir='ltr'>poena</span> <span class='ocrx_word' id='word_1_159' title='bbox 255 1547 434 1578; x_wconf 80' lang='lat' dir='ltr'>aeterna.</span> <span class='ocrx_word' id='word_1_160' title='bbox 470 1535 581 1579; x_wconf 86' lang='lat' dir='ltr'>Nam</span> <span class='ocrx_word' id='word_1_161' title='bbox 616 1533 813 1577; x_wconf 86' lang='lat' dir='ltr'>ordinem</span> <span class='ocrx_word' id='word_1_162' title='bbox 861 1534 1068 1577; x_wconf 76' lang='lat' dir='ltr'>violatum</span> <span class='ocrx_word' id='word_1_163' title='bbox 1114 1535 1392 1592; x_wconf 78' lang='lat' dir='ltr'>redintegrat,</span> <span class='ocrx_word' id='word_1_164' title='bbox 1427 1551 1515 1579; x_wconf 91' lang='lat' dir='ltr'>non</span> 
     </span>
     <span class='ocr_line' id='line_1_21' title="bbox 86 1604 1515 1665; baseline 0 -15"><span class='ocrx_word' id='word_1_165' title='bbox 86 1608 171 1650; x_wconf 85' lang='lat' dir='ltr'>iam</span> <span class='ocrx_word' id='word_1_166' title='bbox 197 1607 372 1665; x_wconf 66' lang='lat' dir='ltr'>physice,</span> <span class='ocrx_word' id='word_1_167' title='bbox 408 1605 490 1648; x_wconf 91' lang='lat' dir='ltr'>hoc</span> <span class='ocrx_word' id='word_1_168' title='bbox 524 1605 746 1649; x_wconf 88' lang='lat' dir='ltr'>efficiendo</span> <span class='ocrx_word' id='word_1_169' title='bbox 781 1618 825 1648; x_wconf 89' lang='lat' dir='ltr'>ut</span> <span class='ocrx_word' id='word_1_170' title='bbox 873 1604 1032 1648; x_wconf 88' lang='lat' dir='ltr'>factum</span> <span class='ocrx_word' id='word_1_171' title='bbox 1065 1605 1135 1648; x_wconf 84' lang='lat' dir='ltr'>fiat</span> <span class='ocrx_word' id='word_1_172' title='bbox 1180 1606 1402 1660; x_wconf 83' lang='lat' dir='ltr'>infectum,</span> <span class='ocrx_word' id='word_1_173' title='bbox 1439 1607 1515 1650; x_wconf 87' lang='lat' dir='ltr'>sed</span> 
     </span>
     <span class='ocr_line' id='line_1_22' title="bbox 86 1677 1516 1735; baseline 0 -14"><span class='ocrx_word' id='word_1_174' title='bbox 86 1677 311 1721; x_wconf 81' lang='lat' dir='ltr'>moraliter.</span> <span class='ocrx_word' id='word_1_175' title='bbox 347 1678 468 1721; x_wconf 83' lang='lat' dir='ltr'>Sicut</span> <span class='ocrx_word' id='word_1_176' title='bbox 502 1677 619 1720; x_wconf 89' lang='lat' dir='ltr'>enim</span> <span class='ocrx_word' id='word_1_177' title='bbox 670 1677 830 1719; x_wconf 86' lang='lat' dir='ltr'>crimen</span> <span class='ocrx_word' id='word_1_178' title='bbox 879 1689 941 1720; x_wconf 88' lang='lat' dir='ltr'>est</span> <span class='ocrx_word' id='word_1_179' title='bbox 991 1678 1171 1734; x_wconf 81' lang='lat' dir='ltr'>practica</span> <span class='ocrx_word' id='word_1_180' title='bbox 1219 1678 1516 1735; x_wconf 79' lang='lat' dir='ltr'>proclamatio,</span> 
     </span>
     <span class='ocr_line' id='line_1_23' title="bbox 87 1748 1516 1808; baseline -0.001 -14"><span class='ocrx_word' id='word_1_181' title='bbox 87 1765 213 1808; x_wconf 87' lang='lat' dir='ltr'>posse</span> <span class='ocrx_word' id='word_1_182' title='bbox 249 1762 483 1793; x_wconf 83' lang='lat' dir='ltr'>creaturam</span> <span class='ocrx_word' id='word_1_183' title='bbox 512 1748 800 1792; x_wconf 85' lang='lat' dir='ltr'>obedientiam</span> <span class='ocrx_word' id='word_1_184' title='bbox 826 1749 1020 1793; x_wconf 86' lang='lat' dir='ltr'>Creatori</span> <span class='ocrx_word' id='word_1_185' title='bbox 1044 1748 1267 1807; x_wconf 80' lang='lat' dir='ltr'>denegare3</span> <span class='ocrx_word' id='word_1_186' title='bbox 1299 1751 1353 1792; x_wconf 80' lang='lat' dir='ltr'>ita</span> <span class='ocrx_word' id='word_1_187' title='bbox 1377 1766 1516 1808; x_wconf 86' lang='lat' dir='ltr'>poena</span> 
     </span>
     <span class='ocr_line' id='line_1_24' title="bbox 88 1818 1509 1879; baseline -0.001 -15"><span class='ocrx_word' id='word_1_188' title='bbox 88 1833 150 1864; x_wconf 88' lang='lat' dir='ltr'>est</span> <span class='ocrx_word' id='word_1_189' title='bbox 198 1821 378 1879; x_wconf 81' lang='lat' dir='ltr'>practica</span> <span class='ocrx_word' id='word_1_190' title='bbox 422 1818 659 1873; x_wconf 84' lang='lat' dir='ltr'>affirmatio,</span> <span class='ocrx_word' id='word_1_191' title='bbox 695 1818 846 1862; x_wconf 83' lang='lat' dir='ltr'>debere</span> <span class='ocrx_word' id='word_1_192' title='bbox 895 1832 1126 1863; x_wconf 81' lang='lat' dir='ltr'>creaturam</span> <span class='ocrx_word' id='word_1_193' title='bbox 1162 1836 1206 1862; x_wconf 86' lang='lat' dir='ltr'>se</span> <span class='ocrx_word' id='word_1_194' title='bbox 1254 1820 1509 1863; x_wconf 79' lang='lat' dir='ltr'>submittere</span> 
     </span>
     <span class='ocr_line' id='line_1_25' title="bbox 88 1891 1511 1949; baseline -0.001 -14"><span class='ocrx_word' id='word_1_195' title='bbox 88 1892 292 1941; x_wconf 81' lang='lat' dir='ltr'>Creatori.</span> <span class='ocrx_word' id='word_1_196' title='bbox 328 1893 452 1943; x_wconf 87' lang='lat' dir='ltr'>Item,</span> <span class='ocrx_word' id='word_1_197' title='bbox 488 1903 677 1934; x_wconf 82' lang='lat' dir='ltr'>creatura</span> <span class='ocrx_word' id='word_1_198' title='bbox 710 1902 874 1933; x_wconf 84' lang='lat' dir='ltr'>tantum</span> <span class='ocrx_word' id='word_1_199' title='bbox 910 1907 983 1948; x_wconf 89' lang='lat' dir='ltr'>per</span> <span class='ocrx_word' id='word_1_200' title='bbox 1017 1906 1203 1948; x_wconf 84' lang='lat' dir='ltr'>poenam</span> <span class='ocrx_word' id='word_1_201' title='bbox 1238 1891 1511 1949; x_wconf 85' lang='lat' dir='ltr'>deprimitur,</span> 
     </span>
     <span class='ocr_line' id='line_1_26' title="bbox 87 1961 1513 2021; baseline -0.001 -16"><span class='ocrx_word' id='word_1_202' title='bbox 87 1976 297 2021; x_wconf 84' lang='lat' dir='ltr'>quantum</span> <span class='ocrx_word' id='word_1_203' title='bbox 331 1978 408 2020; x_wconf 89' lang='lat' dir='ltr'>per</span> <span class='ocrx_word' id='word_1_204' title='bbox 442 1961 609 2019; x_wconf 82' lang='lat' dir='ltr'>culpam</span> <span class='ocrx_word' id='word_1_205' title='bbox 645 1977 689 2004; x_wconf 88' lang='lat' dir='ltr'>se</span> <span class='ocrx_word' id='word_1_206' title='bbox 724 1973 871 2004; x_wconf 83' lang='lat' dir='ltr'>contra</span> <span class='ocrx_word' id='word_1_207' title='bbox 920 1961 1237 2005; x_wconf 87' lang='lat' dir='ltr'>ordinationem</span> <span class='ocrx_word' id='word_1_208' title='bbox 1285 1962 1513 2019; x_wconf 80' lang='lat' dir='ltr'>legemque</span> 
     </span>
     <span class='ocr_line' id='line_1_27' title="bbox 87 2033 1511 2091; baseline -0.001 -14"><span class='ocrx_word' id='word_1_209' title='bbox 87 2034 168 2078; x_wconf 83' lang='lat' dir='ltr'>Del</span> <span class='ocrx_word' id='word_1_210' title='bbox 200 2034 362 2079; x_wconf 87' lang='lat' dir='ltr'>extulit:</span> <span class='ocrx_word' id='word_1_211' title='bbox 396 2046 559 2076; x_wconf 85' lang='lat' dir='ltr'>tantum</span> <span class='ocrx_word' id='word_1_212' title='bbox 595 2049 667 2091; x_wconf 89' lang='lat' dir='ltr'>per</span> <span class='ocrx_word' id='word_1_213' title='bbox 691 2047 873 2091; x_wconf 85' lang='lat' dir='ltr'>poenam</span> <span class='ocrx_word' id='word_1_214' title='bbox 908 2033 949 2075; x_wconf 86' lang='lat' dir='ltr'>in</span> <span class='ocrx_word' id='word_1_215' title='bbox 983 2033 1211 2090; x_wconf 82' lang='lat' dir='ltr'>semetipsa</span> <span class='ocrx_word' id='word_1_216' title='bbox 1245 2033 1432 2076; x_wconf 87' lang='lat' dir='ltr'>ostendit</span> <span class='ocrx_word' id='word_1_217' title='bbox 1471 2045 1511 2076; x_wconf 91' lang='lat' dir='ltr'>et</span> 
     </span>
     <span class='ocr_line' id='line_1_28' title="bbox 88 2102 1514 2162; baseline -0.001 -16"><span class='ocrx_word' id='word_1_218' title='bbox 88 2105 328 2147; x_wconf 72' lang='lat' dir='ltr'>manifestat</span> <span class='ocrx_word' id='word_1_219' title='bbox 360 2103 503 2147; x_wconf 87' lang='lat' dir='ltr'>electis</span> <span class='ocrx_word' id='word_1_220' title='bbox 539 2103 727 2146; x_wconf 77' lang='lat' dir='ltr'>divinam</span> <span class='ocrx_word' id='word_1_221' title='bbox 753 2103 958 2146; x_wconf 85' lang='lat' dir='ltr'>iustitiam</span> <span class='ocrx_word' id='word_1_222' title='bbox 983 2102 1068 2162; x_wconf 85' lang='lat'>(2),</span> <span class='ocrx_word' id='word_1_223' title='bbox 1093 2116 1300 2161; x_wconf 87' lang='lat' dir='ltr'>quantum</span> <span class='ocrx_word' id='word_1_224' title='bbox 1326 2118 1400 2160; x_wconf 89' lang='lat' dir='ltr'>per</span> <span class='ocrx_word' id='word_1_225' title='bbox 1427 2102 1514 2146; x_wconf 86' lang='lat' dir='ltr'>cul-</span> 
     </span>
    </p>
   </div>
   <div class='ocr_carea' id='block_1_2' title="bbox 87 2320 1515 2604">
    <p class='ocr_par' dir='ltr' id='par_1_2' title="bbox 87 2320 1498 2428">
     <span class='ocr_line' id='line_1_29' title="bbox 181 2320 1498 2367; baseline 0 -10"><span class='ocrx_word' id='word_1_226' title='bbox 181 2323 238 2366; x_wconf 88' lang='lat'>(1)</span> <span class='ocrx_word' id='word_1_227' title='bbox 265 2321 320 2357; x_wconf 82' lang='lat' dir='ltr'>Cf.</span> <span class='ocrx_word' id='word_1_228' title='bbox 349 2323 505 2364; x_wconf 83' lang='lat' dir='ltr'>Balmes,</span> <span class='ocrx_word' id='word_1_229' title='bbox 535 2322 614 2358; x_wconf 87' lang='lat' dir='ltr'>Eth.</span> <span class='ocrx_word' id='word_1_230' title='bbox 643 2334 740 2356; x_wconf 86' lang='lat' dir='ltr'>num.</span> <span class='ocrx_word' id='word_1_231' title='bbox 770 2330 861 2364; x_wconf 64' lang='lat'>215„</span> <span class='ocrx_word' id='word_1_232' title='bbox 881 2320 1075 2367; x_wconf 84' lang='lat' dir='ltr'>Taparelli‚</span> <span class='ocrx_word' id='word_1_233' title='bbox 1095 2322 1211 2367; x_wconf 61' lang='lat' dir='ltr'>silggio</span> <span class='ocrx_word' id='word_1_234' title='bbox 1235 2326 1346 2357; x_wconf 64' lang='lat' dir='ltr'>[corel.</span> <span class='ocrx_word' id='word_1_235' title='bbox 1370 2321 1498 2357; x_wconf 83' lang='lat' dir='ltr'>dissert</span> 
     </span>
     <span class='ocr_line' id='line_1_30' title="bbox 87 2381 577 2428; baseline 0 -12"><span class='ocrx_word' id='word_1_236' title='bbox 87 2382 146 2417; x_wconf 88' lang='lat' dir='ltr'>IV.</span> <span class='ocrx_word' id='word_1_237' title='bbox 177 2393 252 2428; x_wconf 82' lang='lat' dir='ltr'>cap.</span> <span class='ocrx_word' id='word_1_238' title='bbox 280 2382 343 2416; x_wconf 92' lang='lat' dir='ltr'>III.</span> <span class='ocrx_word' id='word_1_239' title='bbox 370 2393 468 2416; x_wconf 85' lang='lat' dir='ltr'>num.</span> <span class='ocrx_word' id='word_1_240' title='bbox 498 2381 577 2417; x_wconf 86' lang='lat'>806.</span> 
     </span>
    </p>

    <p class='ocr_par' dir='ltr' id='par_1_3' title="bbox 87 2439 1515 2604">
     <span class='ocr_line' id='line_1_31' title="bbox 183 2439 1515 2487; baseline -0.003 -11"><span class='ocrx_word' id='word_1_241' title='bbox 183 2441 241 2486; x_wconf 88' lang='lat'>(2)</span> <span class='ocrx_word' id='word_1_242' title='bbox 271 2441 501 2487; x_wconf 82' lang='lat' dir='ltr'>«Impiorum</span> <span class='ocrx_word' id='word_1_243' title='bbox 530 2451 682 2486; x_wconf 85' lang='lat' dir='ltr'>poenae,</span> <span class='ocrx_word' id='word_1_244' title='bbox 709 2440 758 2474; x_wconf 85' lang='lat' dir='ltr'>ita</span> <span class='ocrx_word' id='word_1_245' title='bbox 783 2450 812 2474; x_wconf 86' lang='lat' dir='ltr'>s.</span> <span class='ocrx_word' id='word_1_246' title='bbox 842 2439 1019 2482; x_wconf 84' lang='lat' dir='ltr'>Thomas,</span> <span class='ocrx_word' id='word_1_247' title='bbox 1060 2439 1177 2485; x_wconf 90' lang='lat' dir='ltr'>suppl.</span> <span class='ocrx_word' id='word_1_248' title='bbox 1206 2452 1239 2486; x_wconf 90' lang='lat' dir='ltr'>q.</span> <span class='ocrx_word' id='word_1_249' title='bbox 1268 2449 1322 2485; x_wconf 87' lang='lat'>99.</span> <span class='ocrx_word' id='word_1_250' title='bbox 1345 2450 1374 2474; x_wconf 82' lang='lat' dir='ltr'>a.</span> <span class='ocrx_word' id='word_1_251' title='bbox 1406 2449 1448 2481; x_wconf 90' lang='lat'>1.,</span> <span class='ocrx_word' id='word_1_252' title='bbox 1478 2439 1515 2473; x_wconf 85' lang='lat' dir='ltr'>in-</span> 
     </span>
     <span class='ocr_line' id='line_1_32' title="bbox 87 2498 1510 2547; baseline -0.002 -12"><span class='ocrx_word' id='word_1_253' title='bbox 87 2509 299 2547; x_wconf 86' lang='lat' dir='ltr'>perpetuum</span> <span class='ocrx_word' id='word_1_254' title='bbox 327 2500 515 2535; x_wconf 86' lang='lat' dir='ltr'>duraturae</span> <span class='ocrx_word' id='word_1_255' title='bbox 541 2499 584 2534; x_wconf 88' lang='lat' dir='ltr'>ad</span> <span class='ocrx_word' id='word_1_256' title='bbox 610 2499 680 2535; x_wconf 90' lang='lat' dir='ltr'>hoc</span> <span class='ocrx_word' id='word_1_257' title='bbox 708 2507 791 2534; x_wconf 87' lang='lat' dir='ltr'>sunt</span> <span class='ocrx_word' id='word_1_258' title='bbox 818 2498 935 2541; x_wconf 85' lang='lat' dir='ltr'>utiles,</span> <span class='ocrx_word' id='word_1_259' title='bbox 963 2507 1001 2534; x_wconf 87' lang='lat' dir='ltr'>ut</span> <span class='ocrx_word' id='word_1_260' title='bbox 1026 2499 1069 2533; x_wconf 87' lang='lat' dir='ltr'>de</span> <span class='ocrx_word' id='word_1_261' title='bbox 1095 2498 1151 2532; x_wconf 87' lang='lat' dir='ltr'>his</span> <span class='ocrx_word' id='word_1_262' title='bbox 1179 2498 1285 2533; x_wconf 84' lang='lat' dir='ltr'>electi</span> <span class='ocrx_word' id='word_1_263' title='bbox 1316 2498 1510 2544; x_wconf 86' lang='lat' dir='ltr'>gaudeant,</span> 
     </span>
     <span class='ocr_line' id='line_1_33' title="bbox 88 2557 1515 2604; baseline -0.001 -12"><span class='ocrx_word' id='word_1_264' title='bbox 88 2558 175 2593; x_wconf 90' lang='lat' dir='ltr'>dum</span> <span class='ocrx_word' id='word_1_265' title='bbox 201 2559 237 2594; x_wconf 85' lang='lat' dir='ltr'>in</span> <span class='ocrx_word' id='word_1_266' title='bbox 264 2559 318 2594; x_wconf 86' lang='lat' dir='ltr'>his</span> <span class='ocrx_word' id='word_1_267' title='bbox 344 2560 414 2594; x_wconf 84' lang='lat' dir='ltr'>Dei</span> <span class='ocrx_word' id='word_1_268' title='bbox 441 2559 611 2594; x_wconf 81' lang='lat' dir='ltr'>iustitiam</span> <span class='ocrx_word' id='word_1_269' title='bbox 642 2557 932 2604; x_wconf 84' lang='lat' dir='ltr'>contemplantur</span> <span class='ocrx_word' id='word_1_270' title='bbox 958 2567 992 2592; x_wconf 87' lang='lat' dir='ltr'>et</span> <span class='ocrx_word' id='word_1_271' title='bbox 1019 2558 1105 2592; x_wconf 89' lang='lat' dir='ltr'>dum</span> <span class='ocrx_word' id='word_1_272' title='bbox 1131 2569 1168 2592; x_wconf 87' lang='lat' dir='ltr'>sc</span> <span class='ocrx_word' id='word_1_273' title='bbox 1195 2557 1354 2592; x_wconf 83' lang='lat' dir='ltr'>evasisse</span> <span class='ocrx_word' id='word_1_274' title='bbox 1373 2568 1433 2592; x_wconf 80' lang='lat' dir='ltr'>eas</span> <span class='ocrx_word' id='word_1_275' title='bbox 1453 2568 1515 2591; x_wconf 91' lang='lat' dir='ltr'>co-</span> 
     </span>
    </p>
   </div>
  </div>
 </body>
</html>
