1734 2784
770 113 827 121 -·
863 101 944 145 374
976 113 1033 122 ’-

198 197 334 243 potest
372 185 487 226 Deus
522 183 697 226 aliarum
732 185 854 227 etiam
886 185 1103 228 actionum
1129 186 1409 230 omissionem
1445 186 1509 231 vel
1531 203 1608 246 po-

196 257 394 298 sitionem
432 254 478 297 ab
514 254 690 298 homine
724 256 913 312 exigere,
939 256 980 299 in
1005 257 1140 300 maius
1175 256 1332 301 scilicet
1356 258 1608 303 submissio-

195 329 258 368 nis
293 343 336 368 ac
372 326 675 384 dependentiae
710 328 895 383 signum.
931 328 1099 371 Etenim
1144 329 1262 372 Deus
1296 342 1358 372 est
1390 329 1606 375 absolutus

197 398 398 440 dominus
434 398 637 453 hominis,
674 399 831 457 quippe
876 400 947 457 qui
981 400 1113 457 ipsius
1162 413 1223 443 est
1266 413 1441 445 creator.
1476 403 1607 461 Atqui

195 469 412 511 absolutus
448 468 649 513 dominus
684 471 741 513 rei
776 470 951 514 alicuius
985 484 1127 529 potest
1160 471 1211 516 de
1244 488 1287 516 re
1311 473 1501 518 absolute
1535 490 1609 519 sua

195 541 436 598 disponere,
472 540 598 600 idque
632 543 996 602 qnomdocmnqne
1044 545 1240 589 voluerit:
1289 545 1500 604 siquidem
1544 562 1609 590 res

194 612 260 655 illa
293 612 342 656 ad
377 614 518 670 ipsum
552 615 734 671 pertinet
766 614 954 672 absolute,
1000 617 1173 675 ipseque
1222 618 1281 661 rei
1315 617 1425 661 illius
1464 617 1609 662 domi-

194 700 272 728 nus
306 698 367 728 est
400 685 619 729 absolutus.
670 687 785 743 Ergo
837 699 976 744 potest
1024 689 1141 731 Deus
1191 687 1241 731 de
1275 688 1451 733 homine
1496 705 1608 748 quo-

193 758 515 816 modocumque
548 758 646 801 velit
679 759 920 817 disponere:
955 773 993 804 et
1028 759 1378 818 quandoquidem
1422 760 1610 820 obligare

195 830 379 887 aliquem
427 829 477 873 ad
519 829 679 888 aliquid
727 830 942 887 agendum
991 831 1056 875 vel
1105 831 1394 875 omittendum
1443 831 1503 875 nil
1546 844 1609 876 est

194 901 322 956 aliud,
348 902 427 944 nisi
452 901 502 945 de
537 903 625 945 eius
660 902 894 946 actionibus
932 902 1172 961 disponere:
1197 903 1294 946 hinc
1316 915 1457 963 potest
1490 905 1608 948 Deus

195 973 417 1017 hominem
452 986 848 1032 quantumcumque
882 987 921 1018 et
954 974 1367 1034 quomodocumque
1400 975 1509 1019 ultra
1539 991 1608 1020 na-

194 1045 374 1089 turalem
408 1045 549 1104 legem
584 1046 782 1103 obligare.
818 1049 964 1106 Itaque
999 1060 1138 1106 potest
1183 1048 1407 1107 prohibere
1440 1048 1608 1106 homini

194 1117 282 1160 illas
317 1118 442 1161 etiarn
478 1119 680 1172 actiones,
714 1135 819 1177 quae
853 1118 904 1162 de
937 1136 980 1163 se
1005 1120 1137 1164 malae
1161 1136 1248 1164 non
1282 1133 1394 1175 sunt,
1429 1133 1468 1165 et
1492 1136 1610 1180 prae-

195 1191 335 1247 cipere
368 1192 555 1233 actiones
590 1190 692 1244 illas,
728 1207 833 1249 quae
878 1205 965 1235 non
999 1204 1098 1235 sunt
1147 1191 1197 1235 de
1245 1208 1288 1235 se
1336 1193 1608 1247 necessariae,

195 1261 408 1319 exigendo
433 1274 525 1304 tum
549 1261 652 1305 alios
688 1261 740 1305 ob
774 1261 894 1317 fines,
931 1275 1024 1305 tum
1057 1263 1099 1305 in
1123 1262 1286 1321 plenius
1322 1263 1486 1307 divinae
1509 1279 1609 1307 suae

195 1335 425 1376 maiestatis
460 1335 714 1392 obsequium
750 1336 942 1392 priorum
976 1334 1143 1378 illarum
1167 1336 1383 1379 actionum
1409 1336 1609 1380 omissio·

194 1422 292 1448 nem
328 1407 589 1464 aliarumque
624 1407 898 1464 positionem.
930 1407 1076 1460 Quare
1110 1419 1156 1450 ut
1190 1420 1330 1465 potest
1357 1408 1536 1452 existere
1569 1421 1610 1452 et

195 1478 244 1521 de
278 1478 386 1521 facto
422 1479 563 1521 existit
613 1478 680 1521 lex
716 1477 855 1521 divina
889 1478 1108 1533 naturalis,
1149 1479 1207 1523 sic
1240 1492 1382 1538 potest
1430 1481 1609 1525 existere

195 1550 258 1592 lex
293 1549 433 1592 divina
466 1551 662 1608 positiva.

313 1621 434 1666 Adde
469 1625 602 1675 lertio,
637 1638 763 1680 posse
812 1638 908 1666 sane
957 1624 1101 1666 Deum
1150 1639 1227 1681 pro
1272 1640 1346 1667 sua
1393 1625 1433 1667 in
1469 1624 1608 1668 homi-

194 1708 291 1736 nem
340 1693 526 1737 bonitate
573 1695 715 1752 ipsum
749 1694 910 1737 elevare
958 1694 1008 1738 ad
1058 1694 1254 1738 ordinem
1303 1695 1481 1739 naturali
1532 1712 1606 1740 or-

196 1765 293 1808 dine
328 1766 522 1809 altiorem
556 1779 679 1824 atque
713 1766 761 1809 ad
796 1765 923 1809 finem
959 1765 1142 1823 dirigere
1165 1766 1436 1811 beatitudinis
1461 1782 1610 1826 super-

194 1838 409 1891 naturalis,
443 1855 549 1896 quae
583 1838 748 1882 excedit
782 1839 1113 1896 proportionem
1159 1839 1356 1895 naturalis
1403 1839 1608 1884 facultatis

195 1909 405 1953 humanae
455 1910 537 1968 (1).
588 1912 687 1963 Qua
735 1911 777 1953 in
824 1909 1056 1969 hypothesi
1102 1912 1389 1954 necessarium
1437 1912 1530 1969 erit,
1564 1924 1608 1954 ut

195 1998 320 2039 supra
351 1981 490 2038 legem
524 1982 759 2025 naturalem
787 1983 922 2026 homo
947 1982 1152 2039 dirigatur
1182 1982 1232 2027 ad
1257 1982 1452 2027 ordinem
1486 1982 1606 2026 illum

194 2054 409 2112 finemque
443 2054 804 2112 supernaturalem
840 2055 933 2112 lege
967 2054 1149 2112 positiva
1181 2054 1382 2098 divinitus
1411 2054 1504 2098 data
1522 2053 1607 2112 (2).

289 2280 345 2323 (1)
372 2278 465 2313 Vide
491 2289 605 2324 super.
631 2289 732 2313 num.
763 2287 816 2321 24.
845 2289 914 2324 pag
952 2277 1010 2314 68.

290 2339 346 2383 (2)
375 2339 429 2373 Ad
457 2350 532 2372 rem
551 2350 576 2372 s.
597 2337 677 2380 Th„
698 2349 721 2372 1.
740 2348 772 2372 2.
787 2349 817 2384 q.
845 2347 900 2382 91.
927 2349 958 2372 a.
973 2347 1017 2379 4:
1038 2348 1067 2369 ·«
1081 2338 1148 2373 Per
1166 2337 1284 2383 legem
1310 2336 1474 2383 dirigitur
1494 2337 1606 2372 homo

196 2399 236 2431 ad
264 2407 362 2432 actus
388 2398 552 2443 proprios
578 2398 614 2431 in
642 2398 767 2432 ordine
795 2397 837 2431 ad
863 2397 1032 2431 ultimum
1058 2396 1178 2431 finem.
1206 2397 1249 2431 Et
1275 2397 1304 2430 si
1331 2396 1471 2442 quidem
1492 2396 1605 2431 homo

195 2458 420 2491 ordinaretur
444 2466 584 2492 tantum
612 2457 654 2491 ad
683 2457 803 2495 finem,
832 2458 890 2503 qui
930 2467 1003 2491 non
1032 2456 1217 2491 excederet
1243 2457 1515 2502 proportionem
1545 2467 1608 2489 na·

195 2517 316 2550 turalis
345 2516 522 2550 facultatis
550 2517 719 2559 hominis,
746 2528 818 2550 non
848 2524 1029 2561 oporteret
1057 2515 1151 2562 quod
1179 2516 1292 2549 homo
1311 2514 1456 2549 haberet
1475 2515 1607 2560 aliquid
1719 2562 1722 2563 γ

197 2576 405 2611 directivmn
436 2589 477 2610 cx
505 2586 602 2621 parte
630 2577 779 2611 rationis
806 2588 911 2621 supra
940 2574 1059 2619 legem
1088 2574 1284 2609 naturalem
1321 2584 1354 2608 et
1382 2574 1498 2619 legem
1536 2573 1604 2607 hu—
1684 2563 1732 2784 Ι
