1734 2784
691 84 951 139 „431-

302 200 344 207 —-
371 180 547 228 numquid
574 191 648 215 non
675 189 792 226 potest
812 181 1010 226 impiorum
1029 179 1167 214 animas
1194 179 1354 226 redigere
1376 181 1410 214 in

302 239 456 275 nihilum
484 259 527 266 -
558 240 752 286 responsio
780 252 806 275 s.
832 239 999 274 Thomae
1004 268 1353 282 .......
1360 284 1363 285 ⁷
1405 269 1411 274 .

114 316 377 358 ARTICULUS
410 314 461 356 V.
495 313 565 356 ‘De
599 313 676 370 lege
703 313 899 370 positiva.

211 396 287 442 136.
315 396 488 431 Definitio
517 397 608 444 legis
634 396 811 443 positivae
839 417 880 422 —
900 409 942 432 ex
958 398 1117 443 inspecta
1137 398 1287 432 materia
1309 417 1345 423 ν
1369 408 1411 432 ex

302 458 465 503 inspecto
493 465 650 492 auctore.
678 477 720 483 --
747 459 803 492 De
829 457 908 504 lege
935 457 1103 503 positiva,
1127 468 1215 504 quae
1254 457 1334 492 talis
1362 467 1413 493 est

303 516 559 552 tantummodo
586 516 726 551 ratione
753 517 864 558 modi,
897 527 966 563 quo
1007 516 1257 563 promulgatur
1283 534 1328 542 —-
1354 516 1411 551 vel

303 575 491 610 adiunctae
518 575 728 618 sanctionis,
767 577 829 610 sub
869 587 936 622 qua
976 574 1110 622 aliquid
1149 575 1321 670 praecipit
1357 575 1414 609 vel

303 635 482 680 prohibet.

115 707 297 752 Thesis
329 706 507 750 XLVII.
543 731 599 739 —
633 707 693 750 De
722 705 985 764 possibilitate
1019 714 1054 748 et
1078 707 1295 748 existentia
1321 705 1413 763 lenis

290 780 506 838 positivae.

216 871 289 907 137.
316 863 628 897 Praenotiones.
657 883 699 889 —
728 862 801 896 Lex
831 863 983 908 positiva
1012 871 1063 897 est
1082 861 1213 906 duplex
1231 881 1277 887 -
1297 861 1415 896 divina

306 930 340 956 et
364 921 532 956 humana.
550 942 591 948 —-
613 921 859 968 Quandonam
875 933 957 956 vere
976 922 1150 956 habeatur
1169 923 1225 956 lex
1243 922 1411 956 humana.

215 982 289 1027 138.
318 983 636 1016 Demonstratio.
663 1000 707 1006 —
728 993 756 1015 1.
776 981 899 1016 Potest
919 982 1015 1016 Deus
1035 982 1148 1027 signis
1168 981 1324 1016 externis
1344 993 1417 1015 am-

307 1041 400 1088 plius
427 1042 658 1088 promulgare
685 1041 803 1086 legem
824 1042 1023 1076 naturalem
1043 1061 1087 1066 —
1106 1041 1210 1087 eique
1230 1042 1297 1076 alia
1318 1052 1416 1087 prae-

307 1110 410 1148 cepta
425 1100 662 1146 superaddere
683 1120 720 1125 -
740 1100 929 1134 hominem
951 1100 1091 1135 elevare
1111 1100 1153 1134 ad
1174 1100 1339 1134 ordinem
1358 1111 1422 1134 su-

306 1162 569 1208 pernaturalem
599 1181 639 1185 --
668 1160 834 1194 homines
862 1171 984 1206 regere
1020 1171 1081 1206 per
1117 1159 1206 1194 alios
1250 1160 1420 1194 homines

306 1230 490 1267 tamquam
507 1229 761 1265 cooperatores
776 1231 815 1253 ac
830 1219 1015 1253 ministros
1028 1230 1110 1253 suos
1126 1221 1159 1253 in
1176 1219 1301 1253 mundi
1315 1219 1421 1253 huius

306 1280 578 1326 gubernatione.
607 1299 649 1305 ·—
679 1281 867 1323 Quantum
894 1280 983 1314 haec
1011 1280 1135 1315 omnia
1156 1280 1305 1314 deceant
1326 1279 1417 1313 divi-

306 1352 390 1376 nam
418 1339 679 1386 providentiam
720 1351 758 1373 ac
799 1340 1013 1374 bonitatem.
1054 1360 1099 1365 —-
1139 1350 1169 1373 2.
1209 1339 1422 1374 Ostenditur

307 1402 424 1435 Deum
441 1401 475 1434 in
492 1411 552 1434 sua
569 1399 739 1445 sapientia
758 1410 797 1433 ea
821 1400 943 1433 omnia
964 1399 1180 1444 praestitisse
1199 1399 1419 1445 —adeoque

309 1471 390 1494 vere
417 1460 566 1493 existere
594 1458 711 1554 legem
740 1458 932 1503 positivam
964 1479 998 1485 —-
1032 1467 1107 1492 tum
1143 1458 1301 1493 divinam
1340 1467 1417 1493 tum

306 1520 580 1554 humanam..
934 1531 939 1536 ·
1117 1544 1418 1553 ......

120 1593 298 1637 Thesis
332 1592 527 1635 XLVIII.
563 1616 618 1624 —
653 1593 713 1634 De
746 1590 978 1633 habitudine
1010 1591 1101 1647 lepis
1131 1591 1331 1648 positivae
1363 1590 1416 1632 ad

299 1665 417 1721 legem
449 1673 658 1707 attentam
681 1672 713 1706 tl
741 1663 985 1706 manualem.

220 1757 294 1794 139.
321 1748 637 1782 Demonstratio.
665 1767 707 1773 -
734 1758 759 1781 1.
780 1748 1013 1792 Comparatio
1036 1746 1122 1793 legis
1145 1747 1319 1792 positivae
1337 1757 1416 1780 cum

311 1808 390 1854 lege
417 1816 569 1842 aeterna.
599 1827 642 1833 —
669 1807 741 1841 Lex
770 1806 922 1852 positiva
950 1807 1079 1848 divina,
1109 1808 1137 1840 si
1175 1806 1291 1840 active
1333 1817 1415 1851 spe-

309 1877 422 1902 ctetur
449 1875 485 1900 ut
513 1875 564 1900 est
593 1867 627 1899 in
655 1866 871 1911 legislatore,
902 1877 973 1899 non
1005 1874 1055 1900 est
1082 1866 1148 1899 nisi
1178 1866 1249 1911 ipsa
1280 1865 1334 1899 lex
1354 1877 1415 1899 ae-

311 1937 410 1962 terna
438 1927 633 1960 secundum
664 1925 940 1972 inadaequatum
978 1933 1193 1971 conceptum
1221 1926 1294 1958 eius
1324 1945 1363 1949 —-
1394 1925 1419 1958 si

312 1987 451 2033 passive
479 1995 658 2032 spectetur
687 1995 722 2019 ut
750 1994 800 2019 est
827 1985 861 2018 in
890 1994 1049 2019 creatura
1078 1984 1242 2018 rationali
1266 1993 1316 2018 est
1337 1983 1421 2018 effe-

313 2056 387 2081 ctus
416 2045 644 2080 immediatus
672 2046 759 2091 legis
787 2054 963 2079 aeternae.
993 2065 1030 2069 -
1068 2045 1148 2078 Duo
1176 2052 1257 2078 sunt
1288 2045 1321 2077 in
1343 2043 1420 2089 lege

313 2107 471 2140 humana
499 2104 764 2151 distinguenda:
797 2125 831 2129 —
863 2104 1038 2138 rectitudo
1072 2112 1104 2137 et
1134 2103 1184 2137 vis
1215 2102 1421 2147 obligativa:

313 2186 356 2192 —
385 2165 502 2211 quoad
534 2165 784 2198 rectitudinem
815 2164 869 2198 lex
898 2164 1054 2197 humana
1086 2175 1121 2197 se
1148 2163 1254 2197 habet
1295 2162 1337 2196 ad
1367 2163 1420 2197 le-

313 2237 396 2270 gem
413 2234 595 2259 aeternam
613 2233 648 2258 ut
666 2224 706 2258 ad
732 2235 874 2257 causam
892 2225 942 2258 sui
971 2223 1213 2268 exemplarem
1243 2242 1286 2248 —
1306 2223 1422 2269 quoad

315 2287 385 2319 vim
402 2284 637 2330 obligativam
657 2285 698 2318 ad
720 2296 801 2318 eam
820 2285 964 2318 tandein
985 2284 1141 2318 sehabet
1165 2292 1198 2318 ut
1217 2283 1258 2317 ad
1280 2295 1421 2317 causam

314 2346 365 2379 sui
383 2345 609 2379 efficientem.
635 2366 669 2369 --—
700 2346 796 2379 Deus
825 2355 876 2379 est
905 2344 1112 2378 universalis
1154 2343 1340 2388 legislator
1379 2363 1421 2369 —

316 2405 369 2438 vel
400 2405 572 2450 suppositi
601 2404 871 2438 tinnit-diatione
903 2404 954 2437 vel
985 2404 1132 2438 virtutis.
1172 2423 1214 2428 —
1248 2414 1278 2437 2.
1314 2404 1425 2437 Cotu-

317 2465 450 2510 paratio
480 2464 568 2506 legis
595 2464 768 2508 positivae
798 2475 878 2497 eunt
908 2463 987 2508 lege
1016 2461 1180 2496 naturali.
1211 2482 1246 2486 --
1283 2462 1334 2495 De
1355 2473 1421 2507 qua

318 2525 397 2569 lege
425 2525 574 2569 positiva
604 2525 645 2558 sit
674 2535 804 2557 sermo,
834 2543 875 2548 —
905 2524 974 2558 Lex
997 2523 1146 2568 positiva
1168 2521 1422 2567 praesupponit

1464 240 1530 285 358

1401 347 1409 356 ·
1447 327 1466 369 3

1407 809 1414 818 ·
1451 791 1470 833 3

1457 1675 1474 1716 Q)

1430 2600 1466 2634 31

1475 327 1530 369 ’70

1487 634 1532 668 ib.

1479 790 1532 833 72

1487 921 1533 956 ib.

1474 1527 1537 1562 372
