1734 2784
677 109 735 118 ·-
770 99 848 142 393
885 112 942 120 -

101 178 307 223 mendum
340 191 402 241 est
436 195 514 238 pro
547 179 801 238 legislatore,
835 193 928 225 tum
962 183 1060 240 quia
1106 180 1231 224 habet
1279 180 1400 224 altius
1450 180 1514 222 ius

102 262 141 294 et
172 250 275 294 illud
309 251 515 308 possidet,
548 263 640 294 tum
675 253 800 295 etiam
835 253 934 310 quia
968 253 1128 309 regitur
1160 251 1297 295 altiori
1332 249 1513 294 consilio

102 335 143 366 et
174 334 314 380 potest
347 321 498 366 habere
532 324 716 367 rationes
761 323 1017 368 universales
1064 323 1244 366 subditis
1293 321 1479 365 occultas
1502 356 1513 375 ,

103 405 195 436 tum
230 395 357 437 etiam
389 394 488 452 quia
521 406 623 437 tunc
654 393 812 438 subditi
846 407 1066 438 sumerent
1097 395 1274 437 nimiam
1301 393 1512 436 licentiam

103 480 190 508 non
225 464 398 524 parendi
430 465 611 523 legibus,
645 468 741 524 quia
773 467 843 509 vix
878 480 1058 525 possunt
1093 482 1184 509 esse
1227 478 1313 509 tarn
1359 466 1520 522 iustae,

112 539 215 597 quin
235 538 401 596 possint
425 537 472 581 ab
496 537 706 596 aliquibus
731 554 806 596 per
825 551 1074 597 apparentes
1094 540 1277 582 rationes
1297 540 1337 580 in
1356 536 1533 580 dubium

113 611 301 654 revocari
325 629 362 653 ».

235 696 327 738 144.
365 683 602 726 SCHOLION
637 684 667 726 Ι.
703 684 773 726 Ius
808 684 949 741 itaque
984 682 1145 726 ferendi
1179 682 1307 740 legeS‚
1332 697 1417 739 quo
1453 680 1528 723 hu-

110 756 226 799 mani
273 754 434 813 pollent
478 756 704 813 principes,
740 756 993 798 nominatim
1044 754 1200 808 civiles,
1235 754 1426 812 pluribus
1470 765 1531 796 est

106 825 316 870 limitibus
351 827 736 885 circumscriptum.
772 825 896 871 Unde
929 827 1018 870 iure
1052 827 1294 884 meritoque
1329 824 1531 869 condem-

106 909 262 942 nantur
296 898 339 941 in
371 896 541 956 Syllabo
575 897 646 956 (1)
679 909 904 956 sequentes
937 897 1283 956 propositiones:
1324 914 1344 938 ‹<
1368 897 1532 954 Reipu-

106 967 237 1013 blicae
269 980 420 1022 statUS,
456 981 604 1027 utpote
641 969 841 1012 omnium
874 969 1033 1012 iurium
1067 969 1191 1026 origo
1226 981 1265 1011 et
1298 967 1410 1025 fons,
1441 968 1532 1011 iure

111 1041 300 1100 quodam
352 1039 483 1100 pollet
531 1040 658 1085 nullis
706 1041 1030 1098 circumscripto
1078 1039 1294 1084 limitibus.
1348 1041 1532 1084 Minime

111 1129 220 1172 opus
255 1124 335 1167 est,
371 1126 415 1157 ut
439 1112 650 1157 humanae
674 1113 786 1171 leges
811 1113 861 1157 ad
883 1126 1056 1157 naturae
1092 1114 1156 1156 ius
1192 1112 1529 1157 conformentur.

111 1185 270 1230 Civiles
303 1184 419 1242 leges
455 1197 635 1243 possunt
669 1198 709 1228 et
743 1184 896 1229 debent
928 1201 950 1228 a
983 1185 1123 1228 divina
1171 1197 1211 1229 et
1255 1185 1533 1229 ecclesiastica

113 1257 363 1302 auctoritate
397 1256 606 1301 declinare
628 1274 667 1299 ».
692 1257 879 1301 Audiant
902 1257 1156 1301 statolatriae
1178 1269 1406 1300 sectatores
1430 1255 1532 1300 haec

109 1345 141 1373 s.
175 1329 409 1386 Augustini
442 1328 513 1388 (2)
546 1327 700 1373 verba:
725 1346 744 1370 «
768 1329 856 1381 Qui
882 1329 1039 1373 resistit
1061 1329 1277 1387 potestati,
1302 1329 1382 1371 Dei
1416 1328 1531 1372 ordi-

109 1401 268 1444 nationi
303 1400 461 1444 resistit
492 1400 575 1459 (3).
613 1399 696 1444 Sed
731 1402 763 1443 si
798 1400 901 1444 illud
933 1400 1086 1455 iubeat,
1121 1400 1238 1458 quod
1270 1414 1358 1443 non
1381 1399 1531 1443 debeas

109 1473 278 1516 facere?
312 1473 393 1515 Hic
428 1487 525 1515 sane
561 1484 788 1516 contemne
824 1484 1093 1530 potestatem.
1131 1471 1351 1516 Timendo
1402 1483 1529 1530 pote-

109 1557 287 1602 statem,
320 1545 437 1603 ipsos
486 1544 770 1587 humanarum
819 1559 963 1587 rerum
1007 1543 1164 1601 gradus
1214 1542 1431 1587 advertite.
1482 1543 1527 1586 Si

110 1616 269 1675 aliquid
303 1617 471 1660 iusserit
505 1628 704 1673 curator,
747 1631 889 1659 nonne
940 1615 1180 1659 faciendum
1226 1616 1327 1658 est?
1362 1615 1531 1659 Tamen

109 1690 143 1731 si
178 1702 324 1732 contra
357 1688 586 1747 proconsul
622 1688 775 1745 iubeat,
809 1702 896 1731 non
931 1688 1078 1745 utique
1113 1688 1352 1730 contemnis
1403 1698 1530 1744 pote—

110 1772 278 1817 statem,
312 1760 386 1804 sed
418 1760 538 1817 eligis
572 1760 725 1802 maiori
760 1760 929 1802 servire.
974 1759 1067 1803 Nec
1110 1757 1177 1801 hic
1224 1757 1345 1802 debet
1389 1759 1531 1801 minor

111 1833 248 1890 irasci,
282 1833 314 1875 si
349 1833 485 1876 maior
519 1830 703 1891 praelata
737 1844 810 1875 est.
838 1832 1026 1876 Rursum
1052 1831 1083 1873 si
1108 1829 1266 1888 aliquid
1301 1831 1390 1888 ipse
1426 1846 1530 1887 pro-

206 2036 263 2080 (1)
290 2035 394 2081 Prop.
427 2045 477 2080 39.
506 2033 561 2076 46.
592 2044 645 2079 47.

207 2096 264 2139 (2)
291 2095 346 2129 De
373 2093 488 2128 verbis
516 2093 622 2127 Dom.
654 2092 685 2126 in
714 2105 766 2127 ev.
794 2105 864 2127 sec.
893 2094 1018 2129 Matth.
1059 2105 1165 2128 serm.
1194 2094 1255 2127 Vl.
1282 2093 1329 2128 Ut
1365 2092 1531 2138 exemplo

112 2156 234 2202 aliquo
258 2166 333 2189 rem
360 2154 452 2188 hanc
479 2154 711 2193 illustremus,
740 2153 893 2187 iniustae
934 2163 1016 2187 sunt
1042 2165 1081 2187 ac
1111 2153 1262 2199 proinde
1303 2164 1406 2187 verae
1434 2153 1532 2198 leges

112 2228 186 2251 non
213 2224 294 2250 sunt
321 2214 399 2249 illae
427 2214 674 2248 ordinationes
702 2213 838 2252 civiles,
869 2225 957 2259 quae
1001 2214 1072 2247 iura
1102 2214 1173 2247 sive
1202 2213 1429 2246 individualia
1459 2214 1531 2248 sive

112 2275 309 2310 domestica
338 2275 379 2308 ab
408 2274 482 2319 ipsa
510 2282 635 2308 natura
670 2284 836 2307 concessa
877 2272 1097 2318 proculcant:
1138 2284 1225 2319 quae
1264 2272 1461 2318 disponunt
1490 2273 1532 2306 de

112 2335 181 2370 illis
208 2335 254 2379 (ei
284 2347 318 2381 g.
346 2333 387 2367 de
415 2333 662 2367 essentialibus
689 2333 887 2367 contractui
917 2332 1194 2375 matrimoniali)
1229 2343 1318 2378 quae
1355 2332 1396 2366 ad
1425 2331 1532 2366 aliam

113 2396 292 2442 pertinent
320 2402 549 2439 potestatem,
571 2401 653 2438 puta
674 2392 969 2426 ecclesiasticam:
992 2403 1082 2438 quae
1110 2392 1197 2427 fiunt
1225 2393 1267 2426 ab
1296 2404 1351 2434 eo,
1372 2392 1428 2438 qui
1458 2393 1532 2437 ple-

111 2468 196 2491 nam
223 2463 439 2501 potestatem
468 2464 541 2487 non
571 2452 743 2497 possidet,
773 2451 860 2486 ultra
889 2451 977 2485 fines
1005 2451 1232 2486 concreditae
1274 2451 1338 2485 sibi
1373 2453 1530 2486 auctori-

112 2514 195 2550 tatis
222 2522 288 2548 etc.

210 2573 266 2617 (3)
294 2572 328 2607 S.
356 2570 487 2604 Paulus
515 2570 548 2603 in
578 2570 680 2615 epist.
709 2570 749 2603 ad
779 2571 884 2605 Rom.
916 2580 991 2614 cap.
1022 2569 1116 2604 XIII.
1147 2581 1176 2602 v.
1206 2579 1234 2603 2.
