1734 2784
739 193 796 198 -
831 169 914 222 346
946 190 1002 198 —

164 265 264 308 illud
299 263 534 307 ostendisse
568 276 629 305 est
664 262 775 305 idem
809 278 855 305 ac
878 261 1197 305 demonstrasse
1223 261 1470 318 praemium
1506 276 1589 319 pro

163 335 353 379 custodia
387 335 506 391 legi5‚
526 350 709 392 poenam
741 350 818 391 pro
854 333 1086 377 violatione
1120 332 1234 390 legis
1268 348 1289 375 a
1312 333 1406 376 Deo
1441 332 1585 375 iustis·

162 409 273 449 simo
309 418 631 449 renumeratore
666 404 853 462 rependi.

692 606 859 648 Tamis
894 606 1049 648 XLIV.

162 717 252 759 Etsi·
284 717 323 757 in
360 716 520 758 mortali
551 717 623 759 hac
656 719 743 758 vita
776 716 892 758 detur
940 716 1081 772 aliqua
1125 717 1305 768 sanctio,
1355 729 1401 758 ea
1451 722 1587 757 lamen

278 803 344 830 nec
373 788 487 844 plene
520 787 727 844 respondet
760 787 1041 844 ope1¹ihits‚izec
1070 795 1151 844 par
1182 796 1237 830 est
1270 787 1325 830 ad
1358 787 1585 829 humanam

280 857 532 901 voluntatem
584 860 625 900 in
673 859 767 915 legis
810 859 1013 900 animalis
1063 858 1241 901 custodia
1283 856 1580 901 continendam.

282 929 458 982 Perfecta
493 931 611 985 igitur
642 930 808 981 sanctio,
832 943 913 986 qua
936 937 1033 972 certe
1058 930 1167 972 Dens
1200 929 1433 972 naturalem
1466 927 1587 984 legem

277 1001 556 1051 communiti-vit,
582 999 779 1057 futuram
817 1001 975 1056 respicit
1009 1001 1153 1044 vitam.

284 1126 376 1168 129.
412 1114 773 1156 PRAENOTioNEs.
820 1112 1103 1156 probavimus
1154 1114 1297 1156 Deum
1348 1112 1585 1155 munivisse

160 1183 299 1240 legem
334 1183 566 1226 naturalem
601 1183 784 1241 perfecta
807 1186 1039 1227 sanctione.
1066 1186 1166 1227 Duo
1190 1199 1303 1227 nunc
1326 1195 1425 1226 sunt
1448 1198 1586 1240 quae-

161 1255 290 1299 renda
325 1282 376 1286 —
412 1255 685 1313 quandonam
721 1255 908 1298 obtineat
946 1256 1129 1313 perfecta
1163 1256 1264 1299 haec
1308 1255 1414 1312 legis
1453 1267 1581 1298 natu-

161 1327 256 1370 ralis
303 1329 463 1370 sanctio
498 1353 554 1359 —
598 1328 639 1369 in
689 1343 774 1384 quo
826 1329 1016 1385 praemio
1065 1327 1128 1371 vel
1178 1343 1316 1385 poena
1365 1327 1582 1369 consistat.

160 1398 297 1441 Priori
331 1399 572 1455 quaestioni
605 1397 915 1455 respondemus
952 1397 1027 1441 hac
1062 1399 1102 1440 in
1131 1398 1255 1455 thesi,
1289 1397 1404 1441 alteri
1438 1410 1580 1440 autem
1623 1440 1625 1443 .

159 1470 201 1511 in
234 1469 343 1512 thesi
377 1482 578 1526 sequente
614 1468 986 1526 respondebimus.

283 1555 375 1595 130.
410 1542 792 1583 DEMONSTRATIO.
839 1540 999 1584 Thesis
1048 1540 1149 1583 haee
1198 1540 1340 1597 plures
1390 1540 1583 1583 continet

158 1624 313 1669 partes,
348 1627 450 1669 quas
484 1610 730 1668 singillatim
765 1612 1094 1669 perpendemus.

275 1684 305 1725 I.
342 1683 439 1726 Non
473 1697 661 1739 negamus
693 1683 937 1726 sanctionem
970 1684 1156 1741 aliquam
1181 1684 1359 1741 praemii
1380 1691 1414 1725 et
1431 1690 1585 1741 poenae

158 1757 199 1797 in
232 1755 303 1797 hac
337 1756 422 1811 ipsa
459 1754 621 1797 mortali
653 1756 742 1797 vim
776 1754 928 1798 haberi.
964 1780 1020 1788 —
1053 1754 1345 1799 Vehementer
1377 1770 1475 1797 sane
1509 1768 1582 1796 er·-

157 1838 279 1879 raret,
313 1826 384 1883 qui
419 1838 607 1868 censeret
640 1825 801 1868 nullam
841 1826 882 1868 in
915 1827 1127 1883 praesenti
1178 1825 1255 1868 hac
1302 1826 1387 1868 vita
1435 1823 1578 1868 haberi

160 1896 423 1939 sanctionem
457 1895 561 1952 legis
595 1895 810 1939 naturalis,

276 1968 442 2009 Etenim
472 1967 513 2024 2)
545 1967 767 2024 arguendo
801 1982 826 2010 cz
852 1969 984 2025 priori
1022 1983 1096 2010 seu
1147 1983 1199 2010 ex
1236 1968 1316 2010 Dei
1349 1965 1581 2022 attributis,

158 2053 245 2081 non
279 2038 378 2080 satis
414 2036 583 2081 decebat
617 2039 853 2096 sapientem
888 2039 968 2081 Dei
1001 2037 1332 2096 providentiam,
1366 2049 1413 2080 ut
1440 2036 1578 2080 homo

160 2108 440 2151 solummodo
475 2125 548 2166 spe
582 2110 760 2167 praemii
785 2109 943 2167 futuri,
979 2121 1077 2167 post
1111 2108 1337 2152 mortalem
1371 2107 1478 2151 hanc
1509 2107 1579 2150 vi-

159 2193 246 2222 tam
280 2179 518 2232 obtinendi,
553 2180 602 2223 ad
636 2181 839 2223 virtutem
873 2180 1065 2238 legisque
1098 2178 1300 2223 naturalis
1334 2177 1576 2222 custodiam

160 2252 417 2307 incitaretur,
451 2264 490 2293 et
525 2250 806 2294 solummodo
855 2252 1011 2293 timore
1060 2267 1220 2308 poenae
1255 2249 1445 2307 futurae,
1480 2259 1580 2306 post

161 2320 267 2363 hanc
300 2322 431 2362 vitam
464 2320 655 2378 luendae,
689 2338 709 2364 a
742 2322 854 2364 vitiis
889 2322 1078 2378 legisque
1113 2320 1313 2364 naturalis
1346 2318 1580 2363 violatione

159 2391 457 2435 retraheretur:
492 2391 610 2438 nullo
644 2404 787 2435 autem
818 2396 1023 2449 praesenti
1055 2390 1264 2434 solamine
1296 2391 1338 2432 in
1371 2388 1504 2433 arduo
1537 2400 1580 2432 et

160 2474 274 2503 arcto
305 2462 470 2503 virtutis
504 2463 671 2504 tramite
708 2462 925 2514 leniretur,
978 2461 1090 2505 nulla
1132 2461 1340 2519 praesenti
1385 2475 1523 2518 poena
1553 2474 1577 2502 a

160 2530 281 2587 plana
312 2544 351 2573 et
383 2533 567 2588 spatiosa
599 2532 768 2575 sceleris
804 2533 870 2575 via
903 2545 1178 2576 averteretur.
1231 2532 1429 2576 Omnino
1468 2545 1577 2573 con-

157 2602 331 2644 veniens
366 2614 467 2654 erat,
502 2602 638 2644 bonos
664 2604 746 2645 iam
771 2619 883 2645 nune
913 2616 1182 2661 praegustare
1206 2602 1447 2660 praemium
1471 2600 1576 2659 ipsis
