1734 2784
753 67 1014 107 —262—

179 159 413 216 participet.
452 184 503 190 —-
531 158 576 216 β)
595 160 761 203 Verum
796 158 876 202 alio
910 172 950 202 et
974 159 1054 202 alio
1080 160 1214 203 modo
1249 161 1444 206 eamdem
1469 165 1598 222 parti-

176 230 315 286 cipant
350 241 538 271 creatura
572 229 785 271 rationalis
819 241 859 272 et
892 231 1369 275 creaturairrationalis.
1395 234 1443 276 In
1477 250 1595 279 crea-

177 313 270 342 tura
302 298 497 341 rationali
529 299 594 342 lex
627 312 792 343 aeterna
826 301 1098 358 participatur
1132 302 1393 346 rationaliter
1424 320 1499 349 seu
1531 308 1596 350 in-

176 370 480 414 tellectualiter:
515 386 636 413 secus
684 387 786 414 vero
831 373 871 414 in
906 385 1094 416 creatura
1142 374 1388 432 irrationali,
1436 377 1599 422 scilicet

176 456 251 498 per
282 441 515 484 naturalem
548 443 852 486 tantummodo
885 444 1134 488 instinctum
1179 445 1246 488 vel
1279 446 1492 504 impetum
1526 449 1593 492 vel

175 511 498 556 inclinationem
532 530 581 557 ex
613 513 770 557 efficaci
803 527 994 559 aeternae
1041 516 1146 574 legis
1179 518 1335 562 virtute
1370 520 1449 577 ipsi
1482 519 1595 564 indi-

175 594 262 626 tam
295 596 334 626 et
368 585 620 641 impressam
653 584 737 644 (Ι).
773 587 900 639 Hinc,
948 603 1043 630 cum
1077 587 1143 631 lex
1176 589 1228 631 sit
1270 590 1428 648 aliquid
1459 593 1592 634 ratio·
1638 637 1641 639 ,

175 655 238 696 nis
269 654 353 712 (2),
378 656 643 713 participatio
666 656 770 713 legis
805 669 994 700 aeternae
1023 659 1065 700 in
1089 672 1275 702 creatura
1310 660 1502 703 rationali
1529 674 1594 704 est

176 740 271 768 vere
306 737 345 767 et
372 728 537 783 proprie
560 726 623 769 lex
647 728 811 784 passive
846 740 1042 785 spectata:
1069 730 1332 787 participatio
1360 746 1462 774 vero
1486 730 1599 788 legis

176 808 368 839 aeternae
402 798 443 839 in
477 810 665 841 creatura
704 799 932 842 irrationali
975 790 1061 842 non
1115 813 1176 843 est
1220 800 1286 843 lex
1319 802 1401 844 nisi
1427 810 1501 860 per
1533 804 1601 846 si-

176 868 447 911 militudinem
478 868 561 928 (3)
597 869 700 913 Inde
734 883 876 913 autem
911 883 1079 914 aeterna
1111 872 1194 923 leit,
1229 873 1263 915 si
1298 872 1348 916 de
1393 874 1597 916 creaturis.

175 940 487 983 irrationalibus
522 957 665 984 sermo
712 943 779 995 sit,
827 957 895 985 eas
944 945 1168 986 necessitat
1211 944 1385 1001 physice,
1435 960 1508 987 seu
1543 943 1596 986 ad

176 1026 311 1053 unum
361 1012 604 1056 naturaliter
651 1012 918 1071 determinat,
962 1028 1168 1058 creaturas
1217 1031 1318 1059 vero
1370 1015 1600 1060 rationales

175 1097 274 1126 vere
308 1082 479 1141 obligat,
513 1100 592 1146 seuv
621 1086 847 1128 necessitat
882 1087 1102 1130 moraliter.

293 1155 382 1197 Iam
407 1155 549 1213 itaque
573 1154 623 1198 de
646 1155 749 1213 legis
773 1169 964 1200 aeternae
989 1158 1382 1216 participationibus
1409 1159 1450 1201 in
1475 1173 1595 1202 crea-

175 1237 268 1268 tura
310 1226 503 1269 rationali
546 1227 760 1284 agendum
803 1228 925 1271 nobis
969 1241 1042 1272 est:
1090 1229 1136 1272 ab
1181 1229 1248 1272 illa
1286 1243 1442 1287 autem,
1486 1245 1597 1288 quae

169 1298 307 1354 prima
340 1310 416 1355 est,
450 1298 694 1342 ducendum
732 1300 918 1357 initium,
951 1316 1106 1358 nempe
1140 1317 1161 1344 a
1193 1300 1287 1359 lege
1318 1301 1511 1345 naturali.

265 1522 323 1566 (1)
352 1521 407 1556 Ad
436 1533 511 1556 rem
537 1522 678 1564 Suarez‚
705 1521 748 1556 de
774 1521 841 1568 leg.
871 1521 893 1557 l.
921 1523 962 1557 II.
993 1534 1022 1557 c.
1066 1531 1094 1565 3.
1141 1534 1176 1558 n.
1210 1533 1254 1567 7.:
1288 1537 1304 1553 «
1323 1523 1432 1558 Verbi
1464 1523 1598 1569 gratia,

173 1580 231 1614 lex
256 1579 328 1622 illa,
345 1579 387 1614 de
414 1592 482 1626 qua
509 1580 635 1615 dicitur
660 1581 830 1616 Proverb.
848 1582 945 1616 VIH.
967 1582 1008 1616 Et
1034 1582 1138 1626 legem
1161 1581 1307 1627 ponebat
1324 1582 1419 1631 aquis
1442 1593 1481 1616 ne
1500 1587 1598 1617 tran·

171 1639 274 1674 sirent
291 1639 377 1685 fines
402 1651 485 1683 suos,
514 1640 737 1675 considerata
765 1650 802 1676 ut
828 1641 1036 1686 temporalis
1063 1650 1096 1675 et
1128 1651 1225 1676 extra
1253 1641 1371 1676 Deum
1398 1642 1593 1676 constituta

171 1698 259 1732 nihil
286 1699 380 1733 aliud
409 1708 470 1742 est,
499 1711 605 1746 quam
633 1700 806 1735 naturalis
833 1700 1020 1735 inclinatio
1048 1700 1162 1735 indita
1190 1712 1302 1747 aquae
1328 1701 1371 1735 ad
1400 1701 1446 1735 ita
1485 1702 1594 1747 quie-

174 1757 346 1791 scendum
373 1757 409 1792 in
438 1769 502 1792 suo
530 1758 624 1800 loco,
645 1767 683 1793 ut
710 1770 784 1793 non
803 1770 945 1792 sursum
973 1759 1152 1801 ascendat,
1172 1759 1233 1793 sed
1260 1760 1424 1794 terminis
1443 1768 1594 1794 naturae

171 1828 256 1851 suae
282 1818 550 1852 contineatur.»
581 1816 634 1852 Cf.
664 1818 774 1853 etiam
802 1818 844 1852 de
871 1818 942 1864 leg.
971 1818 995 1853 l.
1031 1829 1057 1852 1.
1087 1830 1115 1853 c.
1147 1830 1175 1853 1.
1201 1831 1235 1853 n.
1265 1828 1307 1861 2.,
1327 1828 1361 1852 et
1382 1830 1412 1852 c.
1442 1827 1472 1862 3.
1500 1830 1522 1852 n
1557 1827 1595 1862 7-

270 1877 327 1920 (2)
356 1875 410 1911 Cf.
437 1876 487 1911 th.
516 1877 684 1913 XXVIII.
712 1886 885 1923 punctum
914 1884 966 1911 2¹¹¹.
995 1889 1074 1923 pag.
1094 1887 1175 1920 ²40·

269 1935 326 1979 (3)
356 1949 373 1966 «
391 1936 526 1970 Omnia
554 1936 767 1982 participant
795 1936 996 1983 aliqualiter
1021 1936 1140 1982 legem
1182 1945 1377 1979 aeternam,
1406 1936 1441 1969 in
1480 1947 1592 1982 quan-

172 2002 249 2028 tum
276 1995 412 2029 scilicet
440 2007 482 2029 ex
509 1996 749 2040 impressione
783 1997 860 2031 eius
897 1996 1030 2030 habent
1057 1996 1313 2030 inclinationes
1352 1996 1388 2030 in
1427 1995 1595 2041 proprios

173 2062 270 2088 actus
305 2062 339 2088 et
364 2054 502 2089 fines....
528 2055 644 2089 Etiam
683 2055 850 2090 animalia
893 2055 1111 2090 irrationalia
1154 2056 1369 2101 participant
1411 2055 1593 2088 rationem

173 2122 356 2148 aeternam
383 2124 448 2147 suo
475 2113 601 2156 modo,
630 2114 721 2148 sicut
749 2123 782 2148 et
809 2114 995 2149 rationalis
1022 2123 1190 2148 creatura.
1218 2114 1287 2148 Sed
1307 2114 1387 2160 quia
1406 2113 1595 2148 rationalis

174 2182 334 2207 creatura
361 2173 550 2219 participat
578 2185 657 2209 eam
684 2174 955 2209 intellectualiter
983 2183 1015 2209 et
1042 2175 1267 2216 rationaliter,
1294 2174 1376 2208 ideo
1403 2174 1593 2219 participa·

172 2233 224 2267 tio
252 2232 343 2278 legis
370 2242 535 2267 aeternae
562 2233 597 2266 in
624 2242 785 2268 creatura
812 2234 978 2268 rationali
1001 2235 1144 2280 proprie
1171 2234 1228 2268 lex
1247 2242 1407 2268 vocatur:
1430 2244 1514 2266 nam
1533 2231 1594 2266 lex

173 2300 225 2325 est
251 2291 383 2338 aliquid
410 2291 569 2326 rationis:
598 2292 633 2325 in
662 2301 821 2327 creatura
848 2302 969 2328 autem
1008 2292 1205 2327 irrationali
1245 2303 1318 2326 non
1357 2291 1590 2337 participatur

172 2350 403 2392 rationaliter,
430 2352 525 2386 unde
550 2363 625 2386 non
664 2360 782 2397 potest
809 2352 879 2386 dici
906 2353 973 2394 lex,
1001 2352 1070 2386 nisi
1094 2363 1157 2398 per
1195 2350 1493 2386 similitudinem.»
1537 2350 1592 2384 Ita

172 2420 201 2443 s.
228 2409 403 2453 Thomas,
436 2420 462 2445 1.
490 2421 522 2445 2.
550 2422 580 2456 q.
610 2421 665 2458 91.
694 2422 722 2445 a.
753 2419 785 2445 2.
