1734 2784
775 150 824 154 -
861 138 946 180 454
980 151 1035 158 -

197 214 357 266 medio,
394 216 473 256 nisi
508 214 617 258 forte
644 225 716 273 per
748 218 942 262 accidens.
962 237 981 260 »
1023 222 1114 264 Hae
1138 222 1302 266 scilicet
1324 225 1518 278 virtutes,
1543 226 1614 269 Fi-

198 285 288 337 des,
325 288 447 343 Spss,
494 287 673 345 Caritas,
706 304 785 346 pro
832 289 999 334 obiecto
1047 294 1224 351 proprio
1273 306 1312 337 et
1360 295 1612 340 immediato

198 358 350 400 habent
384 359 526 401 Deum
561 360 719 418 ipsum,
751 376 902 404 verum
936 375 976 405 et
1009 363 1172 407 bonum
1208 364 1434 410 infinitum.
1461 369 1516 410 At
1541 382 1612 411 ve-

198 444 294 471 rum
328 441 367 471 et
417 430 578 473 bonum
618 430 847 489 infinitum,
881 433 962 476 hoc
1006 436 1099 492 ipso
1149 436 1265 494 quod
1309 450 1370 480 est
1402 437 1496 495 tale,
1548 451 1611 482 est

198 500 440 543 affirmabil:
475 514 515 544 et
548 503 725 546 amabile
759 505 800 546 in
834 504 1065 562 infinitum,
1109 507 1300 565 adeoque
1335 523 1534 552 excessus
1569 511 1612 552 in

196 573 246 614 iis
273 572 496 615 virtutibus
520 589 606 616 non
632 574 765 618 datur.
807 576 1095 634 «Numquam
1121 590 1262 636 potest
1289 579 1422 622 homo
1447 593 1611 623 tantum

199 644 374 701 diligere
407 645 565 703 Deum,
599 659 806 704 quantum
841 647 957 705 diligi
981 648 1118 706 debet,
1152 666 1229 693 nec
1251 662 1419 694 tantum
1444 651 1617 695 credere

199 717 243 758 in
275 717 435 774 ipsum,
468 730 676 775 quantum
711 717 846 762 debet.
882 719 1005 763 Unde
1040 720 1176 763 multo
1210 722 1353 764 minus
1388 735 1528 780 potest
1558 721 1616 765 ibi

199 804 292 831 esse
326 804 536 832 excessus.
572 790 623 832 Et
655 791 714 833 sic
747 790 909 834 bonum
942 791 1034 834 talis
1081 793 1252 835 virtutis
1285 809 1372 836 non
1421 794 1616 836 consistit

202 861 243 901 in
277 846 435 913 medio,
460 859 533 903 sed
566 873 682 904 tanto
707 874 770 904 est
803 862 970 920 melius,
995 876 1153 921 quanto
1177 864 1390 908 acceditur
1422 865 1472 908 ad
1500 880 1618 907 sum·

203 947 323 974 mum
343 950 364 972 »
401 931 485 990 (Ι).

328 1030 421 1073 172.
456 1017 706 1061 Scnomou.
752 1019 880 1060 Hunc
926 1018 1143 1063 absolvam
1189 1019 1430 1076 articulum,
1474 1020 1622 1078 paucis

204 1088 452 1145 explicando
488 1088 695 1132 celebrem
729 1089 858 1146 illam,
893 1106 1019 1148 quam
1055 1092 1178 1135 initio
1227 1090 1318 1134 libri
1354 1092 1446 1135 VH.
1483 1091 1620 1135 Ethic.

204 1161 328 1204 tradit
361 1160 614 1204 Aristoteles
638 1161 722 1220 (2),
747 1164 1116 1206 enumerationem
1141 1179 1311 1214 eorum,
1331 1179 1438 1221 quae
1462 1164 1503 1205 in
1528 1179 1619 1206 mo-

205 1232 318 1275 ribus
353 1231 552 1288 fugienda
584 1245 694 1275 sunt.
729 1233 791 1276 En
824 1234 914 1290 ipsa
946 1233 1199 1292 Philosophi
1233 1234 1372 1277 verba:
1413 1235 1623 1277 «Eorum

206 1320 311 1362 quae
346 1305 387 1347 in
423 1303 613 1347 moribus
647 1304 847 1361 fugienda
880 1318 994 1358 sunt,
1031 1307 1109 1348 tria
1141 1318 1239 1348 sunt
1287 1321 1458 1362 genera,
1493 1305 1623 1348 mali-

207 1378 283 1428 tia,
329 1377 630 1432 incontinentia,
668 1375 833 1434 feritas.
867 1378 929 1419 Ac
975 1376 1161 1419 duorum
1210 1377 1383 1434 quidem
1427 1378 1620 1434 priorum

208 1448 415 1489 contraria
448 1459 547 1489 sunt
580 1445 819 1490 manifesta:
853 1446 1032 1490 alterum
1067 1449 1178 1490 enim
1214 1449 1420 1504 virtutem,
1443 1447 1626 1490 alterum

206 1518 491 1560 continentiam
523 1517 799 1574 appellamus:
843 1516 997 1560 feritati
1041 1529 1184 1560 autem
1218 1518 1437 1575 aptissime
1486 1518 1629 1560 dicere

209 1606 441 1648 possumus
477 1591 639 1647 opponi
661 1605 766 1643 eam,
790 1605 892 1648 qnae
924 1598 1048 1647 snpra
1074 1604 1145 1633 nos
1167 1599 1235 1647 est,
1258 1591 1458 1633 heroicam
1484 1603 1628 1647 qnam-

210 1662 305 1705 dam
338 1678 383 1706 nc
417 1663 604 1705 divinam
637 1656 880 1705 virtu-tem&

329 1734 454 1786 Quae
488 1746 533 1775 ut
566 1733 791 1790 intelligas,
823 1733 1110 1777 animadverte
1162 1734 1363 1776 virtutem
1413 1731 1630 1775 includere

211 1804 310 1847 duo:
346 1805 550 1861 primum,
585 1816 631 1847 ut
663 1806 866 1862 appetitus
908 1805 963 1847 sit
1006 1818 1163 1857 rectus,
1198 1804 1393 1859 alterum,
1429 1816 1474 1846 ut
1517 1804 1632 1846 ratio

211 1877 265 1918 sit
299 1889 423 1919 recta.
457 1876 562 1919 Inde
595 1889 739 1919 autem
781 1876 840 1930 fit,
877 1889 921 1919 ut
963 1876 1191 1934 dupliciter
1226 1877 1362 1934 possit
1411 1874 1628 1932 corrumpi

211 1949 357 1992 virtus:
393 1950 534 2006 primo
567 1947 814 2006 incompleta,
839 1949 895 1991 ita
929 1960 974 1990 ut
996 1949 1208 2006 appetitus
1241 1959 1518 2005 pervertatur,
1540 1961 1630 1989 non

212 2033 357 2063 tamen
390 2022 513 2078 ratio,
546 2036 651 2078 quae
686 2033 899 2063 remaneat
945 2032 1069 2062 recta:
1105 2018 1294 2062 secundo
1341 2019 1540 2077 complete,
1573 2018 1632 2060 ita

215 2103 259 2133 ut
291 2091 419 2133 simul
455 2108 552 2134 cum
585 2092 772 2150 appetitu
808 2092 897 2148 ipsa
929 2091 1058 2134 etiam
1092 2091 1196 2133 ratio
1231 2102 1511 2148 pervertatur.
1544 2090 1633 2132 Ita-

310 2259 364 2303 (1')
392 2260 443 2293 Ita
470 2271 496 2293 s.
523 2258 698 2303 Thomas,
731 2269 758 2294 1.
786 2269 816 2294 2.
844 2271 876 2305 q.
915 2257 975 2302 64.
1019 2269 1049 2292 a.
1076 2266 1110 2300 4.
1131 2258 1245 2293 Paulo
1283 2265 1366 2303 post
1403 2257 1492 2291 haec
1518 2255 1634 2290 addit:

218 2325 309 2366 «per
334 2320 483 2355 accidens
509 2329 629 2367 potest
659 2320 882 2355 considerari
920 2320 956 2354 in
993 2320 1124 2355 virtute
1162 2318 1371 2365 theologica
1409 2316 1570 2351 medium
1595 2323 1633 2350 et

217 2387 374 2413 extrema
402 2391 442 2414 ex
462 2385 564 2427 parte
588 2385 719 2415 nostra.
738 2394 757 2414 »

312 2438 369 2483 (2)
398 2441 473 2470 Τῶν
500 2437 577 2484 περὶ
603 2437 648 2472 τὰ
673 2436 734 2474 ’ἢθη
762 2443 911 2485 φευκτῶν
949 2437 1032 2483 τρία
1059 2436 1155 2472 ἐστὶν
1193 2436 1281 2476 εἴδη,
1310 2434 1426 2475 κακία,
1466 2432 1635 2479 ἀκρασία,

218 2497 385 2542 θηριότής,
412 2498 463 2529 Τὰ
488 2497 522 2530 δ’
549 2497 688 2531 ἐναυτία
713 2499 783 2535 τοῖς
809 2496 870 2543 μὲν
895 2495 984 2530 δυσὶ
1010 2495 1114 2532 δῆλα·
1140 2494 1176 2528 τὸ
1204 2497 1266 2540 μὲν
1292 2492 1358 2539 γὰρ
1379 2492 1499 2536 ἀρετὴν
1527 2488 1567 2524 τό
1596 2488 1635 2523 δ’

219 2555 420 2600 ἐγκράτειαν
449 2555 632 2601 καὶοῧμεψ
658 2557 742 2597 πρὸς
769 2553 808 2587 δὲ
832 2553 889 2588 τὴν
916 2552 1099 2596 θηριότητκ
1135 2550 1277 2597 μάλιστ’
1301 2547 1340 2581 ἂν
1380 2547 1542 2594 ἁρμόττοι
1581 2545 1638 2580 λε’·

216 2625 291 2658 ’χειν
315 2611 373 2648 τήν
400 2610 484 2657 ὑπὲρ
512 2613 595 2657 ἡμᾶς
621 2611 755 2657 ἀρετήν,
786 2611 927 2656 ἡροϊκήν
952 2622 1030 2642 τινα
1057 2605 1115 2640 καί
1139 2608 1246 2641 θείαν.
