1734 2784
759 182 815 187 -
852 168 936 212 342
970 181 1020 186 -

181 253 462 295 necessarium
501 251 751 293 attributum
787 251 871 310 (1).
898 252 1024 304 Quae
1050 263 1093 292 ut
1118 249 1271 293 melius
1293 248 1598 306 intelligantur,

181 322 266 365 duo
301 321 658 379 praenotabimus,
693 322 788 380 qnid
818 324 865 365 sit
898 334 938 366 et
971 322 1187 380 quotuplex
1218 323 1268 364 sit
1302 321 1476 364 sanctio.

299 392 682 445 Quemadmodum
718 394 860 435 omnis
893 394 957 436 lex
980 405 1104 450 atque
1137 392 1356 449 obligatio,
1383 393 1437 435 ita
1460 391 1591 435 etlam

177 464 326 506 sanctio
361 462 483 506 debet
518 463 593 505 sub
628 462 784 521 duplici
818 476 1010 522 respectu
1046 463 1328 516 considerari,
1362 463 1490 506 active
1523 460 1594 503 ni-

180 534 338 575 mirum
373 546 411 576 et
441 535 615 590 passive.
653 535 697 577 Si
733 535 860 578 active
894 547 1122 592 spectetur,
1146 546 1206 577 est
1240 534 1459 576 decretum
1491 530 1598 588 legi-

178 604 358 657 slatoris,
394 620 466 661 per
501 604 617 661 quod
651 605 684 646 is
718 604 970 648 determinat
1018 605 1180 648 bonum
1229 621 1302 647 seu
1353 603 1594 661 praemium

179 674 459 718 obtinendum
509 674 556 717 ab
591 675 699 728 illis,
749 677 820 733 qui
870 675 1010 733 legem
1044 674 1311 728 custodiant,
1346 673 1596 731 malumque

177 760 250 787 seu
285 761 465 802 poenam
509 745 709 789 luendam
758 747 804 789 ab
838 747 952 799 illis,
1002 748 1073 805 qui
1122 746 1260 804 legem
1309 745 1482 789 violent.
1518 745 1594 788 Sin

179 828 318 858 autem
352 829 565 873 spectetur
582 820 757 874 passive,
784 831 845 860 est
870 819 1011 875 ipsum
1037 818 1119 860 hoc
1142 817 1301 861 bonum
1327 817 1391 859 vel
1417 815 1596 871 malum,

178 886 293 943 quod
326 885 541 943 legislator
575 887 798 945 pollicetur
832 888 896 931 vel
933 889 1155 932 minitatur
1187 904 1263 945 pro
1298 887 1403 944 legis
1443 885 1598 929 obser-

180 957 347 1000 vatione
380 957 445 1000 vel
478 958 724 1002 violatione.

295 1027 432 1070 Porro
465 1029 626 1071 sanctio
650 1030 736 1072 sive
760 1031 893 1073 active
918 1031 1004 1073 sive
1028 1031 1190 1087 passive
1227 1029 1490 1072 considerata
1514 1027 1593 1071 du·

179 1097 273 1156 plex
295 1111 375 1152 est,
394 1116 550 1157 nempe
568 1101 742 1158 perfecta
765 1101 830 1144 vel
855 1102 1092 1159 imperfecta.
1118 1103 1191 1144 Est
1209 1102 1399 1159 pm'fectct,
1423 1098 1596 1158 quando

178 1170 214 1212 ei
250 1182 500 1228 competunt
547 1170 653 1214 duae
701 1171 777 1214 hae
824 1184 962 1228 notae,
998 1172 1192 1216 videlicet
1226 1185 1270 1215 ut
1310 1173 1361 1214 sit
1395 1173 1515 1225 insta,
1551 1181 1597 1212 ut

179 1241 232 1282 sit
264 1240 480 1298 sufficiens:
515 1242 620 1284 insta
640 1242 664 1284 i.
684 1258 718 1285 e.
737 1244 1005 1286 convenienti
1025 1244 1304 1301 proportione
1330 1240 1593 1299 respondens

179 1312 332 1353 merito
365 1310 499 1354 bonae
533 1313 708 1354 actionis
741 1313 807 1355 vel
843 1314 973 1356 malvae
1007 1315 1183 1357 actionis
1233 1313 1470 1364 demerito,
1505 1310 1592 1362 suf-

168 1382 310 1439 ficiens
343 1382 367 1424 i.
403 1398 437 1424 e.
473 1398 522 1424 ex
555 1398 598 1424 se
632 1395 725 1440 apta
758 1383 807 1426 ad
843 1384 1072 1427 humanam
1096 1384 1357 1427 voluntatem
1383 1384 1423 1425 in
1448 1381 1594 1425 officio

179 1467 222 1494 ac
256 1452 358 1508 legis
393 1452 585 1495 custodia
609 1454 886 1498 retinendam.
910 1455 954 1498 Si
978 1471 1059 1512 qua
1082 1472 1131 1498 ex
1155 1455 1268 1498 hisce
1294 1454 1455 1497 duabus
1478 1454 1593 1496 notis

178 1524 299 1577 desit,
333 1525 494 1567 sanctio
528 1526 606 1567 erit
639 1525 703 1567 vel
740 1525 853 1574 nulla
887 1526 950 1569 vel
986 1526 1243 1584 imperfecta.

303 1596 395 1638 128.
431 1597 812 1641 DEMONsTRATIO.
832 1598 974 1640 Deum
993 1598 1224 1641 naturalem
1247 1597 1387 1654 legem
1413 1595 1594 1654 perfecta

177 1669 395 1711 sanctione
430 1669 779 1725 communivisse,
814 1669 1016 1726 probatur
1039 1687 1088 1712 ex
1112 1669 1282 1712 infinitis
1317 1670 1394 1712 Dei
1428 1666 1591 1725 legisla-

178 1741 282 1782 toris
318 1739 543 1793 attributis,
580 1741 827 1797 praesertim
862 1757 963 1783 vero
997 1758 1046 1783 ex
1080 1741 1238 1783 infinita
1262 1742 1350 1783 eius
1375 1739 1592 1797 sapientia,

178 1812 350 1867 iustitia,
381 1811 598 1853 sanctitate
632 1827 676 1853 ac
711 1812 940 1855 maiestate.

296 1882 325 1924 I.
361 1882 420 1924 Ex
469 1881 630 1924 infinita
678 1883 758 1925 Dei
807 1884 1009 1940 sapientia
1057 1900 1100 1926 ac
1145 1884 1315 1926 iustitia.
1345 1908 1400 1915 —
1431 1882 1593 1926 Omnis

177 1952 319 2003 iudex,
354 1953 494 1994 omnis
530 1954 739 2010 superior,
773 1954 805 1996 si
840 1955 1004 2011 sapiens
1039 1956 1091 1996 sit
1125 1967 1164 1997 et
1198 1956 1350 2006 iusum,
1381 1952 1591 2005 subditOS,

178 2023 249 2080 qui
284 2022 385 2065 boni
418 2036 514 2065 sunt
548 2036 587 2066 et
619 2024 732 2081 leges
768 2024 1029 2082 custodiunt,
1062 2025 1254 2069 laudibus
1299 2041 1342 2067 ac
1391 2024 1591 2081 praemiis

178 2094 377 2150 congruis
413 2093 613 2150 cumulat,
647 2094 837 2138 subditos
871 2108 1030 2149 autem,
1055 2097 1127 2154 qui
1162 2097 1259 2140 mali
1288 2109 1386 2139 sunt
1409 2111 1455 2138 ac
1477 2095 1591 2152 leges

177 2163 350 2216 violant,
382 2165 606 2221 vituperiis
640 2165 765 2208 afficit
789 2182 833 2209 ac
857 2168 1059 2224 congruis
1089 2169 1264 2225 poenis:
1300 2168 1372 2224 qui
1407 2167 1523 2210 aliter
1545 2181 1591 2209 se

176 2246 307 2290 gerat,
342 2235 374 2276 is
410 2235 730 2291 reprelienditur
763 2250 980 2295 tamquam
1016 2239 1144 2283 iudex
1175 2240 1241 2282 vel
1274 2240 1468 2297 superior
1492 2240 1592 2282 insi·-

177 2304 294 2360 piens
331 2317 370 2346 et
405 2306 605 2358 iniustus,
642 2308 798 2364 quippe
836 2309 907 2365 qui
943 2309 1231 2353 indifferenter
1264 2327 1306 2353 se
1339 2310 1461 2354 habet
1494 2326 1593 2368 erga

178 2372 314 2415 bonos
349 2387 387 2416 et
423 2377 570 2418 malos.
604 2378 736 2434 Atqui
768 2379 885 2421 Deus
910 2393 971 2422 est
995 2382 1191 2423 omnium
1217 2381 1443 2425 hominum
1467 2382 1597 2426 iudex

275 2605 330 2650 (ι)
358 2607 414 2641 Cf.
445 2610 581 2654 Meyer,
611 2610 763 2646 lnstitut.
792 2613 857 2647 Iur.
886 2624 957 2648 nat.
986 2626 1069 2659 pars
1101 2621 1149 2651 1.¹³
1174 2628 1273 2651 num.
1301 2617 1378 2652 261.
