<?xml version="1.0" encoding="UTF-8"?>
<!DOCTYPE html PUBLIC "-//W3C//DTD XHTML 1.0 Transitional//EN"
    "http://www.w3.org/TR/xhtml1/DTD/xhtml1-transitional.dtd">
<html xmlns="http://www.w3.org/1999/xhtml" xml:lang="en" lang="en">
 <head>
  <title>
</title>
<meta http-equiv="Content-Type" content="text/html;charset=utf-8" />
  <meta name='ocr-system' content='tesseract 3.04.00' />
  <meta name='ocr-capabilities' content='ocr_page ocr_carea ocr_par ocr_line ocrx_word'/>
</head>
<body>
  <div class='ocr_page' id='page_1' title='image "./institutionesphi01ferr_0312.png"; bbox 0 0 1734 2784; ppageno 0'>
   <div class='ocr_carea' id='block_1_1' title="bbox 714 84 977 126">
    <p class='ocr_par' dir='ltr' id='par_1_1' title="bbox 714 84 977 126">
     <span class='ocr_line' id='line_1_1' title="bbox 714 84 977 126; baseline 0.004 -21"><span class='ocrx_word' id='word_1_1' title='bbox 714 84 977 126; x_wconf 66' lang='lat'><strong>„292-</strong></span> 
     </span>
    </p>
   </div>
   <div class='ocr_carea' id='block_1_2' title="bbox 129 166 1561 1587">
    <p class='ocr_par' dir='ltr' id='par_1_2' title="bbox 129 166 1561 1587">
     <span class='ocr_line' id='line_1_2' title="bbox 139 166 1558 225; baseline 0 -15"><span class='ocrx_word' id='word_1_2' title='bbox 139 183 242 210; x_wconf 85' lang='lat' dir='ltr'>vero</span> <span class='ocrx_word' id='word_1_3' title='bbox 289 167 494 225; x_wconf 82' lang='lat' dir='ltr'>supponit</span> <span class='ocrx_word' id='word_1_4' title='bbox 542 168 584 209; x_wconf 93' lang='lat' dir='ltr'>in</span> <span class='ocrx_word' id='word_1_5' title='bbox 633 179 725 209; x_wconf 91' lang='lat' dir='ltr'>actu</span> <span class='ocrx_word' id='word_1_6' title='bbox 775 182 848 209; x_wconf 88' lang='lat' dir='ltr'>seu</span> <span class='ocrx_word' id='word_1_7' title='bbox 893 166 1060 210; x_wconf 91' lang='lat' dir='ltr'>obiecto</span> <span class='ocrx_word' id='word_1_8' title='bbox 1110 166 1376 210; x_wconf 77' lang='lat' dir='ltr'>honestatem</span> <span class='ocrx_word' id='word_1_9' title='bbox 1425 183 1558 224; x_wconf 84' lang='lat' dir='ltr'>quam</span> 
     </span>
     <span class='ocr_line' id='line_1_3' title="bbox 137 238 1556 297; baseline 0.001 -15"><span class='ocrx_word' id='word_1_10' title='bbox 137 240 379 297; x_wconf 86' lang='lat' dir='ltr'>praecipiat,</span> <span class='ocrx_word' id='word_1_11' title='bbox 412 239 477 282; x_wconf 77' lang='lat' dir='ltr'>vel</span> <span class='ocrx_word' id='word_1_12' title='bbox 510 238 820 296; x_wconf 77' lang='lat' dir='ltr'>turpitudinem</span> <span class='ocrx_word' id='word_1_13' title='bbox 845 255 972 296; x_wconf 86' lang='lat' dir='ltr'>quam</span> <span class='ocrx_word' id='word_1_14' title='bbox 1007 238 1252 297; x_wconf 82' lang='lat' dir='ltr'>prohibeat3</span> <span class='ocrx_word' id='word_1_15' title='bbox 1285 253 1326 283; x_wconf 88' lang='lat' dir='ltr'>et</span> <span class='ocrx_word' id='word_1_16' title='bbox 1349 239 1446 283; x_wconf 81' lang='lat' dir='ltr'>ideo</span> <span class='ocrx_word' id='word_1_17' title='bbox 1473 239 1556 283; x_wconf 88' lang='lat' dir='ltr'>dici</span> 
     </span>
     <span class='ocr_line' id='line_1_4' title="bbox 137 309 1553 368; baseline 0.001 -16"><span class='ocrx_word' id='word_1_18' title='bbox 137 310 245 353; x_wconf 81' lang='lat' dir='ltr'>solet</span> <span class='ocrx_word' id='word_1_19' title='bbox 279 326 353 367; x_wconf 89' lang='lat' dir='ltr'>per</span> <span class='ocrx_word' id='word_1_20' title='bbox 387 310 494 352; x_wconf 85' lang='lat' dir='ltr'>hanc</span> <span class='ocrx_word' id='word_1_21' title='bbox 526 310 667 367; x_wconf 87' lang='lat' dir='ltr'>legem</span> <span class='ocrx_word' id='word_1_22' title='bbox 702 310 918 368; x_wconf 81' lang='lat' dir='ltr'>prohiberi</span> <span class='ocrx_word' id='word_1_23' title='bbox 951 309 1107 367; x_wconf 90' lang='lat' dir='ltr'>aliquid</span> <span class='ocrx_word' id='word_1_24' title='bbox 1157 311 1252 367; x_wconf 90' lang='lat' dir='ltr'>quia</span> <span class='ocrx_word' id='word_1_25' title='bbox 1293 310 1469 364; x_wconf 88' lang='lat' dir='ltr'>malum,</span> <span class='ocrx_word' id='word_1_26' title='bbox 1487 311 1553 354; x_wconf 86' lang='lat' dir='ltr'>vel</span> 
     </span>
     <span class='ocr_line' id='line_1_5' title="bbox 138 380 1558 438; baseline 0.001 -15"><span class='ocrx_word' id='word_1_27' title='bbox 138 382 322 438; x_wconf 79' lang='lat' dir='ltr'>praecipi</span> <span class='ocrx_word' id='word_1_28' title='bbox 355 382 450 438; x_wconf 89' lang='lat' dir='ltr'>quia</span> <span class='ocrx_word' id='word_1_29' title='bbox 483 380 645 424; x_wconf 92' lang='lat' dir='ltr'>bonum</span> <span class='ocrx_word' id='word_1_30' title='bbox 670 399 710 424; x_wconf 86' lang='lat'>&gt;›.</span> <span class='ocrx_word' id='word_1_31' title='bbox 747 382 872 434; x_wconf 85' lang='lat' dir='ltr'>Quae</span> <span class='ocrx_word' id='word_1_32' title='bbox 906 380 1141 424; x_wconf 85' lang='lat' dir='ltr'>differentia</span> <span class='ocrx_word' id='word_1_33' title='bbox 1177 393 1289 425; x_wconf 86' lang='lat' dir='ltr'>recte</span> <span class='ocrx_word' id='word_1_34' title='bbox 1327 380 1558 425; x_wconf 80' lang='lat' dir='ltr'>exhibetur</span> 
     </span>
     <span class='ocr_line' id='line_1_6' title="bbox 137 451 1561 510; baseline 0.001 -16"><span class='ocrx_word' id='word_1_35' title='bbox 137 468 158 494; x_wconf 90' lang='lat' dir='ltr'>a</span> <span class='ocrx_word' id='word_1_36' title='bbox 190 451 458 510; x_wconf 78' lang='lat' dir='ltr'>Pliilosopho</span> <span class='ocrx_word' id='word_1_37' title='bbox 501 451 571 510; x_wconf 87' lang='lat'>(1)</span> <span class='ocrx_word' id='word_1_38' title='bbox 619 451 733 495; x_wconf 90' lang='lat' dir='ltr'>hisce</span> <span class='ocrx_word' id='word_1_39' title='bbox 778 451 999 509; x_wconf 87' lang='lat' dir='ltr'>praeclaris</span> <span class='ocrx_word' id='word_1_40' title='bbox 1046 452 1212 496; x_wconf 83' lang='lat' dir='ltr'>verbis:</span> <span class='ocrx_word' id='word_1_41' title='bbox 1254 471 1273 493; x_wconf 87' lang='lat'>«</span> <span class='ocrx_word' id='word_1_42' title='bbox 1312 453 1383 496; x_wconf 91' lang='lat' dir='ltr'>Ius</span> <span class='ocrx_word' id='word_1_43' title='bbox 1436 453 1561 496; x_wconf 88' lang='lat' dir='ltr'>civile·</span> 
     </span>
     <span class='ocr_line' id='line_1_7' title="bbox 137 522 1550 582; baseline 0.002 -17"><span class='ocrx_word' id='word_1_44' title='bbox 137 523 250 567; x_wconf 89' lang='lat' dir='ltr'>aliud</span> <span class='ocrx_word' id='word_1_45' title='bbox 301 522 488 566; x_wconf 83' lang='lat' dir='ltr'>naturale</span> <span class='ocrx_word' id='word_1_46' title='bbox 551 536 637 580; x_wconf 81' lang='lat' dir='ltr'>est,</span> <span class='ocrx_word' id='word_1_47' title='bbox 684 523 797 566; x_wconf 87' lang='lat' dir='ltr'>aliud</span> <span class='ocrx_word' id='word_1_48' title='bbox 842 524 1098 580; x_wconf 85' lang='lat' dir='ltr'>legitimum.</span> <span class='ocrx_word' id='word_1_49' title='bbox 1148 524 1350 568; x_wconf 78' lang='lat' dir='ltr'>Naturale</span> <span class='ocrx_word' id='word_1_50' title='bbox 1372 561 1382 578; x_wconf 85' lang='lat'>‚</span> <span class='ocrx_word' id='word_1_51' title='bbox 1432 524 1550 582; x_wconf 89' lang='lat' dir='ltr'>quod</span> 
     </span>
     <span class='ocr_line' id='line_1_8' title="bbox 136 595 1552 654; baseline -0.001 -15"><span class='ocrx_word' id='word_1_52' title='bbox 136 596 292 654; x_wconf 87' lang='lat' dir='ltr'>ubique</span> <span class='ocrx_word' id='word_1_53' title='bbox 344 598 537 654; x_wconf 87' lang='lat' dir='ltr'>gentium</span> <span class='ocrx_word' id='word_1_54' title='bbox 571 595 766 639; x_wconf 85' lang='lat' dir='ltr'>eamdem</span> <span class='ocrx_word' id='word_1_55' title='bbox 799 598 887 639; x_wconf 88' lang='lat' dir='ltr'>vim</span> <span class='ocrx_word' id='word_1_56' title='bbox 921 596 1097 649; x_wconf 88' lang='lat' dir='ltr'>obtinet,</span> <span class='ocrx_word' id='word_1_57' title='bbox 1131 611 1218 639; x_wconf 90' lang='lat' dir='ltr'>non</span> <span class='ocrx_word' id='word_1_58' title='bbox 1251 596 1368 653; x_wconf 87' lang='lat' dir='ltr'>quod</span> <span class='ocrx_word' id='word_1_59' title='bbox 1401 597 1455 640; x_wconf 91' lang='lat' dir='ltr'>ita</span> <span class='ocrx_word' id='word_1_60' title='bbox 1486 596 1552 640; x_wconf 88' lang='lat' dir='ltr'>vel</span> 
     </span>
     <span class='ocr_line' id='line_1_9' title="bbox 137 668 1551 729; baseline 0 -17"><span class='ocrx_word' id='word_1_61' title='bbox 137 669 355 712; x_wconf 87' lang='lat' dir='ltr'>decretum</span> <span class='ocrx_word' id='word_1_62' title='bbox 379 669 433 711; x_wconf 91' lang='lat' dir='ltr'>sit</span> <span class='ocrx_word' id='word_1_63' title='bbox 456 669 520 712; x_wconf 74' lang='lat' dir='ltr'>vel</span> <span class='ocrx_word' id='word_1_64' title='bbox 543 685 630 711; x_wconf 92' lang='lat' dir='ltr'>non</span> <span class='ocrx_word' id='word_1_65' title='bbox 655 668 886 713; x_wconf 88' lang='lat' dir='ltr'>decretum.</span> <span class='ocrx_word' id='word_1_66' title='bbox 905 670 1171 726; x_wconf 87' lang='lat' dir='ltr'>Legitimum</span> <span class='ocrx_word' id='word_1_67' title='bbox 1197 683 1338 713; x_wconf 89' lang='lat' dir='ltr'>autem</span> <span class='ocrx_word' id='word_1_68' title='bbox 1361 670 1479 729; x_wconf 89' lang='lat' dir='ltr'>quod</span> <span class='ocrx_word' id='word_1_69' title='bbox 1502 669 1551 712; x_wconf 90' lang='lat' dir='ltr'>ab</span> 
     </span>
     <span class='ocr_line' id='line_1_10' title="bbox 135 741 1553 800; baseline 0.001 -17"><span class='ocrx_word' id='word_1_70' title='bbox 135 742 260 784; x_wconf 88' lang='lat' dir='ltr'>initio</span> <span class='ocrx_word' id='word_1_71' title='bbox 293 741 542 800; x_wconf 81' lang='lat' dir='ltr'>(antequam</span> <span class='ocrx_word' id='word_1_72' title='bbox 576 741 806 800; x_wconf 78' lang='lat' dir='ltr'>sanciatur)</span> <span class='ocrx_word' id='word_1_73' title='bbox 840 742 922 784; x_wconf 90' lang='lat' dir='ltr'>hoc</span> <span class='ocrx_word' id='word_1_74' title='bbox 954 757 1005 784; x_wconf 90' lang='lat' dir='ltr'>an</span> <span class='ocrx_word' id='word_1_75' title='bbox 1038 742 1109 785; x_wconf 89' lang='lat' dir='ltr'>illo</span> <span class='ocrx_word' id='word_1_76' title='bbox 1154 743 1286 786; x_wconf 87' lang='lat' dir='ltr'>modo</span> <span class='ocrx_word' id='word_1_77' title='bbox 1334 742 1405 786; x_wconf 87' lang='lat' dir='ltr'>fiat</span> <span class='ocrx_word' id='word_1_78' title='bbox 1448 741 1553 785; x_wconf 85' lang='lat' dir='ltr'>nihil</span> 
     </span>
     <span class='ocr_line' id='line_1_11' title="bbox 135 811 1556 870; baseline 0.002 -17"><span class='ocrx_word' id='word_1_79' title='bbox 135 811 278 869; x_wconf 83' lang='lat' dir='ltr'>refert,</span> <span class='ocrx_word' id='word_1_80' title='bbox 301 828 435 870; x_wconf 90' lang='lat' dir='ltr'>quum</span> <span class='ocrx_word' id='word_1_81' title='bbox 458 828 560 855; x_wconf 75' lang='lat' dir='ltr'>vero</span> <span class='ocrx_word' id='word_1_82' title='bbox 584 813 864 855; x_wconf 82' lang='lat' dir='ltr'>constitutum</span> <span class='ocrx_word' id='word_1_83' title='bbox 889 811 1029 858; x_wconf 87' lang='lat' dir='ltr'>fuerit.</span> <span class='ocrx_word' id='word_1_84' title='bbox 1061 825 1163 856; x_wconf 88' lang='lat' dir='ltr'>tunc</span> <span class='ocrx_word' id='word_1_85' title='bbox 1196 813 1371 856; x_wconf 88' lang='lat' dir='ltr'>demum</span> <span class='ocrx_word' id='word_1_86' title='bbox 1407 813 1556 870; x_wconf 73' lang='lat' dir='ltr'>refert,</span> 
     </span>
     <span class='ocr_line' id='line_1_12' title="bbox 135 882 1551 942; baseline 0.002 -17"><span class='ocrx_word' id='word_1_87' title='bbox 135 882 256 940; x_wconf 87' lang='lat' dir='ltr'>quale</span> <span class='ocrx_word' id='word_1_88' title='bbox 298 895 361 926; x_wconf 90' lang='lat' dir='ltr'>est</span> <span class='ocrx_word' id='word_1_89' title='bbox 392 883 505 926; x_wconf 87' lang='lat' dir='ltr'>istud</span> <span class='ocrx_word' id='word_1_90' title='bbox 539 884 654 926; x_wconf 90' lang='lat' dir='ltr'>mina</span> <span class='ocrx_word' id='word_1_91' title='bbox 686 885 897 941; x_wconf 82' lang='lat' dir='ltr'>captivum</span> <span class='ocrx_word' id='word_1_92' title='bbox 917 883 1145 927; x_wconf 85' lang='lat' dir='ltr'>&#39;redimere</span> <span class='ocrx_word' id='word_1_93' title='bbox 1167 902 1206 928; x_wconf 84' lang='lat'>›&gt;.</span> <span class='ocrx_word' id='word_1_94' title='bbox 1242 884 1409 928; x_wconf 79' lang='lat' dir='ltr'>Scilicet</span> <span class='ocrx_word' id='word_1_95' title='bbox 1440 884 1551 942; x_wconf 89' lang='lat' dir='ltr'>apud</span> 
     </span>
     <span class='ocr_line' id='line_1_13' title="bbox 133 954 1547 1013; baseline 0.001 -15"><span class='ocrx_word' id='word_1_96' title='bbox 133 954 497 998; x_wconf 85' lang='lat' dir='ltr'>Lacedaemonios</span> <span class='ocrx_word' id='word_1_97' title='bbox 532 955 634 998; x_wconf 86' lang='lat' dir='ltr'>haec</span> <span class='ocrx_word' id='word_1_98' title='bbox 667 954 745 997; x_wconf 90' lang='lat' dir='ltr'>fuit</span> <span class='ocrx_word' id='word_1_99' title='bbox 776 954 855 998; x_wconf 89' lang='lat' dir='ltr'>lata</span> <span class='ocrx_word' id='word_1_100' title='bbox 886 954 968 1008; x_wconf 76' lang='lat' dir='ltr'>lex,</span> <span class='ocrx_word' id='word_1_101' title='bbox 984 968 1029 999; x_wconf 92' lang='lat' dir='ltr'>ut</span> <span class='ocrx_word' id='word_1_102' title='bbox 1063 956 1213 1013; x_wconf 85' lang='lat' dir='ltr'>captivi</span> <span class='ocrx_word' id='word_1_103' title='bbox 1239 955 1547 999; x_wconf 85' lang='lat' dir='ltr'>redimerentur</span> 
     </span>
     <span class='ocr_line' id='line_1_14' title="bbox 132 1025 1553 1084; baseline 0.001 -16"><span class='ocrx_word' id='word_1_104' title='bbox 132 1042 216 1068; x_wconf 87' lang='lat' dir='ltr'>una</span> <span class='ocrx_word' id='word_1_105' title='bbox 248 1026 365 1069; x_wconf 90' lang='lat' dir='ltr'>mina</span> <span class='ocrx_word' id='word_1_106' title='bbox 389 1042 463 1069; x_wconf 90' lang='lat' dir='ltr'>seu</span> <span class='ocrx_word' id='word_1_107' title='bbox 486 1026 588 1069; x_wconf 87' lang='lat' dir='ltr'>libra</span> <span class='ocrx_word' id='word_1_108' title='bbox 611 1027 793 1082; x_wconf 81' lang='lat' dir='ltr'>argenti,</span> <span class='ocrx_word' id='word_1_109' title='bbox 814 1025 853 1068; x_wconf 90' lang='lat' dir='ltr'>h.</span> <span class='ocrx_word' id='word_1_110' title='bbox 873 1042 907 1069; x_wconf 91' lang='lat' dir='ltr'>e.</span> <span class='ocrx_word' id='word_1_111' title='bbox 928 1038 1098 1068; x_wconf 88' lang='lat' dir='ltr'>centum</span> <span class='ocrx_word' id='word_1_112' title='bbox 1135 1026 1329 1070; x_wconf 78' lang='lat' dir='ltr'>denariis.</span> <span class='ocrx_word' id='word_1_113' title='bbox 1348 1028 1440 1070; x_wconf 90' lang='lat' dir='ltr'>Hac</span> <span class='ocrx_word' id='word_1_114' title='bbox 1455 1025 1553 1084; x_wconf 86' lang='lat' dir='ltr'>lege</span> 
     </span>
     <span class='ocr_line' id='line_1_15' title="bbox 132 1097 1547 1154; baseline 0.001 -15"><span class='ocrx_word' id='word_1_115' title='bbox 132 1097 227 1150; x_wconf 82' lang='lat' dir='ltr'>lata,</span> <span class='ocrx_word' id='word_1_116' title='bbox 250 1097 501 1141; x_wconf 86' lang='lat' dir='ltr'>tenebantur</span> <span class='ocrx_word' id='word_1_117' title='bbox 519 1097 864 1140; x_wconf 73' lang='lat' dir='ltr'>Lacedaemones</span> <span class='ocrx_word' id='word_1_118' title='bbox 883 1097 1091 1140; x_wconf 83' lang='lat' dir='ltr'>redimere</span> <span class='ocrx_word' id='word_1_119' title='bbox 1111 1098 1298 1154; x_wconf 84' lang='lat' dir='ltr'>captivos</span> <span class='ocrx_word' id='word_1_120' title='bbox 1319 1114 1400 1141; x_wconf 87' lang='lat' dir='ltr'>una</span> <span class='ocrx_word' id='word_1_121' title='bbox 1419 1099 1547 1141; x_wconf 85' lang='lat' dir='ltr'>mina.</span> 
     </span>
     <span class='ocr_line' id='line_1_16' title="bbox 132 1168 1548 1226; baseline 0 -13"><span class='ocrx_word' id='word_1_122' title='bbox 132 1171 296 1213; x_wconf 87' lang='lat' dir='ltr'>Verum</span> <span class='ocrx_word' id='word_1_123' title='bbox 330 1169 534 1226; x_wconf 82' lang='lat' dir='ltr'>obligatio</span> <span class='ocrx_word' id='word_1_124' title='bbox 569 1169 669 1212; x_wconf 88' lang='lat' dir='ltr'>haec</span> <span class='ocrx_word' id='word_1_125' title='bbox 700 1184 788 1211; x_wconf 89' lang='lat' dir='ltr'>non</span> <span class='ocrx_word' id='word_1_126' title='bbox 820 1168 1071 1211; x_wconf 83' lang='lat' dir='ltr'>fundabatur</span> <span class='ocrx_word' id='word_1_127' title='bbox 1104 1170 1145 1211; x_wconf 89' lang='lat' dir='ltr'>in</span> <span class='ocrx_word' id='word_1_128' title='bbox 1168 1169 1258 1225; x_wconf 87' lang='lat' dir='ltr'>ipsa</span> <span class='ocrx_word' id='word_1_129' title='bbox 1290 1181 1452 1224; x_wconf 87' lang='lat' dir='ltr'>natura,</span> <span class='ocrx_word' id='word_1_130' title='bbox 1472 1169 1548 1213; x_wconf 83' lang='lat' dir='ltr'>sed</span> 
     </span>
     <span class='ocr_line' id='line_1_17' title="bbox 130 1238 1552 1298; baseline 0 -14"><span class='ocrx_word' id='word_1_131' title='bbox 130 1241 174 1283; x_wconf 91' lang='lat' dir='ltr'>in</span> <span class='ocrx_word' id='word_1_132' title='bbox 205 1241 393 1298; x_wconf 88' lang='lat' dir='ltr'>positivo</span> <span class='ocrx_word' id='word_1_133' title='bbox 427 1240 597 1284; x_wconf 88' lang='lat' dir='ltr'>decreto</span> <span class='ocrx_word' id='word_1_134' title='bbox 630 1238 1088 1283; x_wconf 84' lang='lat' dir='ltr'>Lacedaemoniorum.</span> <span class='ocrx_word' id='word_1_135' title='bbox 1135 1240 1247 1282; x_wconf 88' lang='lat' dir='ltr'>Hinc</span> <span class='ocrx_word' id='word_1_136' title='bbox 1289 1240 1400 1297; x_wconf 86' lang='lat' dir='ltr'>apud</span> <span class='ocrx_word' id='word_1_137' title='bbox 1450 1239 1552 1284; x_wconf 86' lang='lat' dir='ltr'>alias</span> 
     </span>
     <span class='ocr_line' id='line_1_18' title="bbox 131 1311 1548 1371; baseline -0.001 -14"><span class='ocrx_word' id='word_1_138' title='bbox 131 1326 279 1371; x_wconf 85' lang='lat' dir='ltr'>gentes</span> <span class='ocrx_word' id='word_1_139' title='bbox 312 1328 400 1356; x_wconf 89' lang='lat' dir='ltr'>non</span> <span class='ocrx_word' id='word_1_140' title='bbox 431 1311 600 1369; x_wconf 71' lang='lat' dir='ltr'>vigebat</span> <span class='ocrx_word' id='word_1_141' title='bbox 632 1312 726 1355; x_wconf 89' lang='lat' dir='ltr'>talis</span> <span class='ocrx_word' id='word_1_142' title='bbox 760 1311 994 1368; x_wconf 86' lang='lat' dir='ltr'>obligatio:</span> <span class='ocrx_word' id='word_1_143' title='bbox 1030 1312 1166 1354; x_wconf 89' lang='lat' dir='ltr'>immo</span> <span class='ocrx_word' id='word_1_144' title='bbox 1200 1312 1281 1368; x_wconf 87' lang='lat' dir='ltr'>ipsi</span> <span class='ocrx_word' id='word_1_145' title='bbox 1330 1312 1548 1356; x_wconf 87' lang='lat' dir='ltr'>Lacedae-</span> 
     </span>
     <span class='ocr_line' id='line_1_19' title="bbox 131 1382 1547 1442; baseline 0 -14"><span class='ocrx_word' id='word_1_146' title='bbox 131 1401 313 1442; x_wconf 83' lang='lat' dir='ltr'>mones,</span> <span class='ocrx_word' id='word_1_147' title='bbox 346 1396 574 1441; x_wconf 82' lang='lat' dir='ltr'>antequam</span> <span class='ocrx_word' id='word_1_148' title='bbox 607 1399 653 1426; x_wconf 89' lang='lat' dir='ltr'>ea</span> <span class='ocrx_word' id='word_1_149' title='bbox 684 1382 753 1425; x_wconf 78' lang='lat' dir='ltr'>lex</span> <span class='ocrx_word' id='word_1_150' title='bbox 801 1383 1060 1435; x_wconf 80' lang='lat' dir='ltr'>sanciretur,</span> <span class='ocrx_word' id='word_1_151' title='bbox 1095 1394 1290 1440; x_wconf 84' lang='lat' dir='ltr'>poterant</span> <span class='ocrx_word' id='word_1_152' title='bbox 1337 1382 1547 1428; x_wconf 88' lang='lat' dir='ltr'>redimere</span> 
     </span>
     <span class='ocr_line' id='line_1_20' title="bbox 130 1452 1547 1515; baseline -0.002 -15"><span class='ocrx_word' id='word_1_153' title='bbox 130 1458 320 1515; x_wconf 83' lang='lat' dir='ltr'>captivos</span> <span class='ocrx_word' id='word_1_154' title='bbox 357 1455 489 1513; x_wconf 87' lang='lat' dir='ltr'>pluris</span> <span class='ocrx_word' id='word_1_155' title='bbox 523 1465 593 1497; x_wconf 87' lang='lat' dir='ltr'>aut</span> <span class='ocrx_word' id='word_1_156' title='bbox 625 1453 822 1506; x_wconf 82' lang='lat' dir='ltr'>minoris,</span> <span class='ocrx_word' id='word_1_157' title='bbox 856 1452 899 1496; x_wconf 89' lang='lat' dir='ltr'>id</span> <span class='ocrx_word' id='word_1_158' title='bbox 931 1464 1074 1495; x_wconf 90' lang='lat' dir='ltr'>autem</span> <span class='ocrx_word' id='word_1_159' title='bbox 1109 1464 1206 1510; x_wconf 90' lang='lat' dir='ltr'>post</span> <span class='ocrx_word' id='word_1_160' title='bbox 1237 1453 1362 1495; x_wconf 89' lang='lat' dir='ltr'>latam</span> <span class='ocrx_word' id='word_1_161' title='bbox 1406 1453 1547 1511; x_wconf 88' lang='lat' dir='ltr'>legem</span> 
     </span>
     <span class='ocr_line' id='line_1_21' title="bbox 129 1525 1041 1587; baseline -0.005 -14"><span class='ocrx_word' id='word_1_162' title='bbox 129 1544 217 1573; x_wconf 90' lang='lat' dir='ltr'>non</span> <span class='ocrx_word' id='word_1_163' title='bbox 248 1541 456 1587; x_wconf 82' lang='lat' dir='ltr'>poterant,</span> <span class='ocrx_word' id='word_1_164' title='bbox 490 1527 624 1570; x_wconf 88' lang='lat' dir='ltr'>donec</span> <span class='ocrx_word' id='word_1_165' title='bbox 656 1526 722 1569; x_wconf 79' lang='lat' dir='ltr'>lex</span> <span class='ocrx_word' id='word_1_166' title='bbox 754 1525 1041 1582; x_wconf 81' lang='lat' dir='ltr'>abrogaretur.</span> 
     </span>
    </p>
   </div>
   <div class='ocr_carea' id='block_1_3' title="bbox 126 1596 1547 1731">
    <p class='ocr_par' dir='ltr' id='par_1_3' title="bbox 126 1596 1547 1731">
     <span class='ocr_line' id='line_1_22' title="bbox 253 1596 1547 1657; baseline -0.003 -12"><span class='ocrx_word' id='word_1_167' title='bbox 253 1603 347 1644; x_wconf 89' lang='lat'>106.</span> <span class='ocrx_word' id='word_1_168' title='bbox 363 1599 727 1644; x_wconf 75' lang='lat' dir='ltr'>SCHoLIONDuo</span> <span class='ocrx_word' id='word_1_169' title='bbox 741 1598 886 1655; x_wconf 83' lang='lat' dir='ltr'>quaeri</span> <span class='ocrx_word' id='word_1_170' title='bbox 905 1597 986 1639; x_wconf 86' lang='lat' dir='ltr'>hoc</span> <span class='ocrx_word' id='word_1_171' title='bbox 1005 1597 1047 1639; x_wconf 88' lang='lat' dir='ltr'>in</span> <span class='ocrx_word' id='word_1_172' title='bbox 1064 1596 1161 1639; x_wconf 88' lang='lat' dir='ltr'>loco</span> <span class='ocrx_word' id='word_1_173' title='bbox 1179 1610 1376 1654; x_wconf 87' lang='lat' dir='ltr'>possunt:</span> <span class='ocrx_word' id='word_1_174' title='bbox 1389 1622 1445 1631; x_wconf 89' lang='lat'><strong>—</strong></span> <span class='ocrx_word' id='word_1_175' title='bbox 1463 1598 1547 1657; x_wconf 85' lang='lat'>1.⁰)</span> 
     </span>
     <span class='ocr_line' id='line_1_23' title="bbox 126 1666 1541 1731; baseline -0.002 -16"><span class='ocrx_word' id='word_1_176' title='bbox 126 1672 233 1731; x_wconf 89' lang='lat' dir='ltr'>quid</span> <span class='ocrx_word' id='word_1_177' title='bbox 265 1672 319 1714; x_wconf 92' lang='lat' dir='ltr'>sit</span> <span class='ocrx_word' id='word_1_178' title='bbox 351 1687 424 1714; x_wconf 90' lang='lat' dir='ltr'>seu</span> <span class='ocrx_word' id='word_1_179' title='bbox 458 1671 502 1712; x_wconf 91' lang='lat' dir='ltr'>in</span> <span class='ocrx_word' id='word_1_180' title='bbox 535 1685 620 1727; x_wconf 93' lang='lat' dir='ltr'>quo</span> <span class='ocrx_word' id='word_1_181' title='bbox 655 1669 858 1711; x_wconf 86' lang='lat' dir='ltr'>consistat</span> <span class='ocrx_word' id='word_1_182' title='bbox 891 1666 993 1710; x_wconf 87' lang='lat' dir='ltr'>haec</span> <span class='ocrx_word' id='word_1_183' title='bbox 1025 1669 1252 1711; x_wconf 87' lang='lat' dir='ltr'>intrinseca</span> <span class='ocrx_word' id='word_1_184' title='bbox 1295 1668 1541 1725; x_wconf 88' lang='lat' dir='ltr'>moralitas,</span> 
     </span>
    </p>
   </div>
   <div class='ocr_carea' id='block_1_4' title="bbox 124 1738 1545 2010">
    <p class='ocr_par' dir='ltr' id='par_1_4' title="bbox 124 1738 1545 2010">
     <span class='ocr_line' id='line_1_24' title="bbox 124 1738 1545 1802; baseline -0.003 -16"><span class='ocrx_word' id='word_1_185' title='bbox 124 1759 234 1802; x_wconf 86' lang='lat' dir='ltr'>quae</span> <span class='ocrx_word' id='word_1_186' title='bbox 267 1742 410 1786; x_wconf 80' lang='lat' dir='ltr'>existit</span> <span class='ocrx_word' id='word_1_187' title='bbox 432 1739 727 1784; x_wconf 88' lang='lat' dir='ltr'>antecedenter</span> <span class='ocrx_word' id='word_1_188' title='bbox 755 1738 805 1782; x_wconf 90' lang='lat' dir='ltr'>ad</span> <span class='ocrx_word' id='word_1_189' title='bbox 829 1740 965 1797; x_wconf 84' lang='lat' dir='ltr'>ipsam</span> <span class='ocrx_word' id='word_1_190' title='bbox 988 1739 1129 1796; x_wconf 88' lang='lat' dir='ltr'>legem</span> <span class='ocrx_word' id='word_1_191' title='bbox 1152 1738 1402 1796; x_wconf 82' lang='lat' dir='ltr'>naturalem,</span> <span class='ocrx_word' id='word_1_192' title='bbox 1424 1741 1545 1782; x_wconf 86' lang='lat' dir='ltr'>eius-</span> 
     </span>
     <span class='ocr_line' id='line_1_25' title="bbox 127 1810 1539 1872; baseline -0.002 -14"><span class='ocrx_word' id='word_1_193' title='bbox 127 1814 313 1872; x_wconf 89' lang='lat' dir='ltr'>demque</span> <span class='ocrx_word' id='word_1_194' title='bbox 346 1825 408 1857; x_wconf 86' lang='lat' dir='ltr'>est</span> <span class='ocrx_word' id='word_1_195' title='bbox 441 1812 656 1855; x_wconf 87' lang='lat' dir='ltr'>obiectum</span> <span class='ocrx_word' id='word_1_196' title='bbox 681 1827 755 1854; x_wconf 90' lang='lat' dir='ltr'>seu</span> <span class='ocrx_word' id='word_1_197' title='bbox 786 1810 1115 1853; x_wconf 85' lang='lat' dir='ltr'>fundamentum</span> <span class='ocrx_word' id='word_1_198' title='bbox 1132 1835 1189 1844; x_wconf 92' lang='lat'>-—</span> <span class='ocrx_word' id='word_1_199' title='bbox 1208 1810 1288 1868; x_wconf 88' lang='lat'><strong>2.⁰)</strong></span> <span class='ocrx_word' id='word_1_200' title='bbox 1311 1811 1539 1868; x_wconf 91' lang='lat' dir='ltr'>quomodo</span> 
     </span>
     <span class='ocr_line' id='line_1_26' title="bbox 125 1881 1538 1941; baseline -0.003 -12"><span class='ocrx_word' id='word_1_201' title='bbox 125 1897 223 1929; x_wconf 88' lang='lat' dir='ltr'>ante</span> <span class='ocrx_word' id='word_1_202' title='bbox 254 1884 394 1941; x_wconf 86' lang='lat' dir='ltr'>legem</span> <span class='ocrx_word' id='word_1_203' title='bbox 426 1882 662 1926; x_wconf 86' lang='lat' dir='ltr'>naturalem</span> <span class='ocrx_word' id='word_1_204' title='bbox 685 1882 852 1925; x_wconf 87' lang='lat' dir='ltr'>admitti</span> <span class='ocrx_word' id='word_1_205' title='bbox 874 1893 999 1939; x_wconf 90' lang='lat' dir='ltr'>queat</span> <span class='ocrx_word' id='word_1_206' title='bbox 1020 1881 1252 1935; x_wconf 83' lang='lat' dir='ltr'>moralitas,</span> <span class='ocrx_word' id='word_1_207' title='bbox 1273 1897 1371 1924; x_wconf 88' lang='lat' dir='ltr'>cum</span> <span class='ocrx_word' id='word_1_208' title='bbox 1394 1883 1538 1926; x_wconf 88' lang='lat' dir='ltr'>omnis</span> 
     </span>
     <span class='ocr_line' id='line_1_27' title="bbox 127 1952 1541 2010; baseline -0.002 -11"><span class='ocrx_word' id='word_1_209' title='bbox 127 1954 344 1999; x_wconf 88' lang='lat' dir='ltr'>moralitas</span> <span class='ocrx_word' id='word_1_210' title='bbox 393 1954 556 1998; x_wconf 90' lang='lat' dir='ltr'>dicatur</span> <span class='ocrx_word' id='word_1_211' title='bbox 603 1969 772 2010; x_wconf 90' lang='lat' dir='ltr'>semper</span> <span class='ocrx_word' id='word_1_212' title='bbox 818 1965 859 1995; x_wconf 88' lang='lat' dir='ltr'>et</span> <span class='ocrx_word' id='word_1_213' title='bbox 907 1952 1048 1996; x_wconf 88' lang='lat' dir='ltr'>solum</span> <span class='ocrx_word' id='word_1_214' title='bbox 1097 1968 1170 2010; x_wconf 90' lang='lat' dir='ltr'>per</span> <span class='ocrx_word' id='word_1_215' title='bbox 1218 1952 1413 1997; x_wconf 89' lang='lat' dir='ltr'>ordinem</span> <span class='ocrx_word' id='word_1_216' title='bbox 1464 1969 1541 1996; x_wconf 88' lang='lat' dir='ltr'>seu</span> 
     </span>
    </p>
   </div>
   <div class='ocr_carea' id='block_1_5' title="bbox 126 2025 766 2085">
    <p class='ocr_par' dir='ltr' id='par_1_5' title="bbox 126 2025 766 2085">
     <span class='ocr_line' id='line_1_28' title="bbox 126 2025 766 2085; baseline -0.005 -15"><span class='ocrx_word' id='word_1_217' title='bbox 126 2028 492 2085; x_wconf 89' lang='lat' dir='ltr'>comparationem</span> <span class='ocrx_word' id='word_1_218' title='bbox 526 2026 575 2068; x_wconf 86' lang='lat' dir='ltr'>ad</span> <span class='ocrx_word' id='word_1_219' title='bbox 611 2025 766 2082; x_wconf 88' lang='lat' dir='ltr'>legem.</span> 
     </span>
    </p>
   </div>
   <div class='ocr_carea' id='block_1_6' title="bbox 126 2128 357 2135">
    <p class='ocr_par' dir='ltr' id='par_1_6' title="bbox 126 2128 357 2135">
     <span class='ocr_line' id='line_1_29' title="bbox 126 2128 357 2135; baseline 0 0"><span class='ocrx_word' id='word_1_220' title='bbox 126 2128 357 2135; x_wconf 95' lang='lat' dir='ltr'> </span> 
     </span>
    </p>
   </div>
   <div class='ocr_carea' id='block_1_7' title="bbox 122 2173 1543 2574">
    <p class='ocr_par' dir='ltr' id='par_1_7' title="bbox 122 2173 1543 2574">
     <span class='ocr_line' id='line_1_30' title="bbox 218 2173 1543 2224; baseline -0.003 -13"><span class='ocrx_word' id='word_1_221' title='bbox 218 2179 274 2224; x_wconf 84' lang='lat'>(1)</span> <span class='ocrx_word' id='word_1_222' title='bbox 302 2177 416 2212; x_wconf 79' lang='lat' dir='ltr'>Ethic.</span> <span class='ocrx_word' id='word_1_223' title='bbox 443 2177 488 2210; x_wconf 90' lang='lat' dir='ltr'>V.</span> <span class='ocrx_word' id='word_1_224' title='bbox 515 2187 545 2220; x_wconf 82' lang='lat'>7.</span> <span class='ocrx_word' id='word_1_225' title='bbox 573 2174 649 2209; x_wconf 64' lang='grc' dir='ltr'>Τοῦ</span> <span class='ocrx_word' id='word_1_226' title='bbox 677 2175 716 2208; x_wconf 59' lang='grc' dir='ltr'>δὲ</span> <span class='ocrx_word' id='word_1_227' title='bbox 743 2173 922 2207; x_wconf 59' lang='grc' dir='ltr'>πολιτικοῦ</span> <span class='ocrx_word' id='word_1_228' title='bbox 960 2173 1100 2206; x_wconf 47' lang='lat' dir='ltr'>&amp;mim</span> <span class='ocrx_word' id='word_1_229' title='bbox 1129 2177 1164 2207; x_wconf 73' lang='grc' dir='ltr'>τὸ</span> <span class='ocrx_word' id='word_1_230' title='bbox 1193 2175 1254 2219; x_wconf 76' lang='grc' dir='ltr'>μὲν</span> <span class='ocrx_word' id='word_1_231' title='bbox 1290 2175 1436 2219; x_wconf 53' lang='grc' dir='ltr'>φασι-κόν</span> <span class='ocrx_word' id='word_1_232' title='bbox 1465 2175 1543 2209; x_wconf 78' lang='grc' dir='ltr'><em>ἐστι</em></span> 
     </span>
     <span class='ocr_line' id='line_1_31' title="bbox 122 2231 1537 2282; baseline -0.004 -12"><span class='ocrx_word' id='word_1_233' title='bbox 122 2236 160 2270; x_wconf 64' lang='grc' dir='ltr'>τὸ</span> <span class='ocrx_word' id='word_1_234' title='bbox 184 2236 222 2270; x_wconf 66' lang='grc' dir='ltr'>δὲ</span> <span class='ocrx_word' id='word_1_235' title='bbox 250 2237 404 2282; x_wconf 65' lang='grc' dir='ltr'>νομικόν,</span> <span class='ocrx_word' id='word_1_236' title='bbox 432 2234 583 2281; x_wconf 46' lang='lat' dir='ltr'>‘summi-‚e</span> <span class='ocrx_word' id='word_1_237' title='bbox 605 2235 664 2279; x_wconf 70' lang='grc' dir='ltr'>μέν</span> <span class='ocrx_word' id='word_1_238' title='bbox 692 2234 729 2266; x_wconf 72' lang='grc' dir='ltr'>τὸ</span> <span class='ocrx_word' id='word_1_239' title='bbox 752 2235 934 2277; x_wconf 63' lang='grc' dir='ltr'>πκντκχοῦ</span> <span class='ocrx_word' id='word_1_240' title='bbox 957 2234 1014 2267; x_wconf 68' lang='grc' dir='ltr'>τὴν</span> <span class='ocrx_word' id='word_1_241' title='bbox 1046 2231 1146 2267; x_wconf 49' lang='grc' dir='ltr'>αὐτὴν</span> <span class='ocrx_word' id='word_1_242' title='bbox 1183 2232 1266 2277; x_wconf 60' lang='grc' dir='ltr'>ἔχον</span> <span class='ocrx_word' id='word_1_243' title='bbox 1293 2233 1454 2278; x_wconf 48' lang='lat' dir='ltr'>&amp;huuc-2,</span> <span class='ocrx_word' id='word_1_244' title='bbox 1478 2231 1537 2264; x_wconf 73' lang='grc' dir='ltr'>καὶ</span> 
     </span>
     <span class='ocr_line' id='line_1_32' title="bbox 127 2289 1539 2338; baseline -0.004 -12"><span class='ocrx_word' id='word_1_245' title='bbox 127 2292 164 2327; x_wconf 69' lang='grc' dir='ltr'>ου’</span> <span class='ocrx_word' id='word_1_246' title='bbox 185 2297 230 2338; x_wconf 66' lang='grc' dir='ltr'>τῷ</span> <span class='ocrx_word' id='word_1_247' title='bbox 255 2294 374 2327; x_wconf 53' lang='lat' dir='ltr'>&#39;Po-azia</span> <span class='ocrx_word' id='word_1_248' title='bbox 401 2293 419 2329; x_wconf 68' lang='grc' dir='ltr'>ἦ</span> <span class='ocrx_word' id='word_1_249' title='bbox 445 2293 500 2338; x_wconf 69' lang='grc' dir='ltr'>μή,</span> <span class='ocrx_word' id='word_1_250' title='bbox 528 2291 670 2336; x_wconf 69' lang='grc' dir='ltr'>νομικὸν</span> <span class='ocrx_word' id='word_1_251' title='bbox 700 2291 739 2324; x_wconf 59' lang='grc' dir='ltr'>δὲ</span> <span class='ocrx_word' id='word_1_252' title='bbox 763 2291 779 2323; x_wconf 75' lang='grc' dir='ltr'><em>ὃ</em></span> <span class='ocrx_word' id='word_1_253' title='bbox 801 2293 836 2332; x_wconf 73' lang='grc' dir='ltr'>ἐξ</span> <span class='ocrx_word' id='word_1_254' title='bbox 859 2291 966 2336; x_wconf 58' lang='grc' dir='ltr'><em>ἀρχῆς</em></span> <span class='ocrx_word' id='word_1_255' title='bbox 994 2292 1054 2335; x_wconf 63' lang='grc' dir='ltr'>μὲν</span> <span class='ocrx_word' id='word_1_256' title='bbox 1079 2289 1176 2323; x_wconf 61' lang='grc' dir='ltr'><em>οὐθὲν</em></span> <span class='ocrx_word' id='word_1_257' title='bbox 1204 2290 1360 2335; x_wconf 62' lang='grc' dir='ltr'>διαφέρει</span> <span class='ocrx_word' id='word_1_258' title='bbox 1388 2289 1490 2328; x_wconf 59' lang='grc' dir='ltr'><em>οὕτως</em></span> <span class='ocrx_word' id='word_1_259' title='bbox 1517 2289 1539 2325; x_wconf 69' lang='grc' dir='ltr'>ἦ</span> 
     </span>
     <span class='ocr_line' id='line_1_33' title="bbox 122 2342 1541 2394; baseline -0.003 -11"><span class='ocrx_word' id='word_1_260' title='bbox 122 2349 243 2389; x_wconf 51' lang='lat' dir='ltr'>&amp;HJJ-ig,</span> <span class='ocrx_word' id='word_1_261' title='bbox 267 2349 345 2384; x_wconf 63' lang='grc' dir='ltr'>ὅτκν</span> <span class='ocrx_word' id='word_1_262' title='bbox 373 2351 412 2384; x_wconf 59' lang='grc' dir='ltr'>δι’·</span> <span class='ocrx_word' id='word_1_263' title='bbox 439 2351 575 2385; x_wconf 62' lang='grc' dir='ltr'>θῶνται,</span> <span class='ocrx_word' id='word_1_264' title='bbox 601 2348 769 2394; x_wconf 43' lang='grc' dir='ltr'>διαφέρει,</span> <span class='ocrx_word' id='word_1_265' title='bbox 809 2344 880 2381; x_wconf 67' lang='grc' dir='ltr'>οἷοι</span> <span class='ocrx_word' id='word_1_266' title='bbox 911 2348 948 2381; x_wconf 77' lang='grc' dir='ltr'>τὸ</span> <span class='ocrx_word' id='word_1_267' title='bbox 975 2351 1058 2393; x_wconf 61' lang='grc' dir='ltr'>μναῖς</span> <span class='ocrx_word' id='word_1_268' title='bbox 1097 2347 1320 2391; x_wconf 57' lang='grc' dir='ltr'>λυτροῦσθκι,</span> <span class='ocrx_word' id='word_1_269' title='bbox 1355 2347 1374 2383; x_wconf 75' lang='grc' dir='ltr'>ἦ</span> <span class='ocrx_word' id='word_1_270' title='bbox 1395 2347 1432 2380; x_wconf 76' lang='grc' dir='ltr'>τὸ</span> <span class='ocrx_word' id='word_1_271' title='bbox 1456 2342 1541 2392; x_wconf 68' lang='grc' dir='ltr'>αἷγκ</span> 
     </span>
     <span class='ocr_line' id='line_1_34' title="bbox 123 2406 1540 2453; baseline 0 -14"><span class='ocrx_word' id='word_1_272' title='bbox 123 2407 215 2440; x_wconf 71' lang='grc' dir='ltr'><em>θύειν</em></span> <span class='ocrx_word' id='word_1_273' title='bbox 238 2408 323 2440; x_wconf 60' lang='grc' dir='ltr'>ἀλλὰ</span> <span class='ocrx_word' id='word_1_274' title='bbox 349 2409 392 2451; x_wconf 67' lang='grc' dir='ltr'>μὴ</span> <span class='ocrx_word' id='word_1_275' title='bbox 413 2408 478 2441; x_wconf 62' lang='lat'>330</span> <span class='ocrx_word' id='word_1_276' title='bbox 499 2407 668 2452; x_wconf 67' lang='grc' dir='ltr'>πρέβκτκ,</span> <span class='ocrx_word' id='word_1_277' title='bbox 691 2416 749 2442; x_wconf 89' lang='lat' dir='ltr'>aut</span> <span class='ocrx_word' id='word_1_278' title='bbox 778 2419 882 2453; x_wconf 83' lang='lat' dir='ltr'>capra</span> <span class='ocrx_word' id='word_1_279' title='bbox 900 2407 977 2441; x_wconf 84' lang='lat' dir='ltr'>Iovi</span> <span class='ocrx_word' id='word_1_280' title='bbox 996 2406 1196 2441; x_wconf 84' lang='lat' dir='ltr'>sacrificare</span> <span class='ocrx_word' id='word_1_281' title='bbox 1214 2418 1289 2441; x_wconf 89' lang='lat' dir='ltr'>non</span> <span class='ocrx_word' id='word_1_282' title='bbox 1308 2407 1434 2441; x_wconf 87' lang='lat' dir='ltr'>ovibus</span> <span class='ocrx_word' id='word_1_283' title='bbox 1453 2406 1540 2440; x_wconf 88' lang='lat' dir='ltr'>dua-</span> 
     </span>
     <span class='ocr_line' id='line_1_35' title="bbox 122 2464 1534 2511; baseline -0.001 -11"><span class='ocrx_word' id='word_1_284' title='bbox 122 2466 199 2500; x_wconf 86' lang='lat' dir='ltr'>bus.</span> <span class='ocrx_word' id='word_1_285' title='bbox 226 2465 282 2500; x_wconf 90' lang='lat' dir='ltr'>Cf.</span> <span class='ocrx_word' id='word_1_286' title='bbox 308 2467 404 2511; x_wconf 81' lang='lat' dir='ltr'>Sylv.</span> <span class='ocrx_word' id='word_1_287' title='bbox 430 2467 597 2501; x_wconf 85' lang='lat' dir='ltr'>Maurum</span> <span class='ocrx_word' id='word_1_288' title='bbox 624 2468 659 2501; x_wconf 91' lang='lat' dir='ltr'>in</span> <span class='ocrx_word' id='word_1_289' title='bbox 687 2467 721 2501; x_wconf 78' lang='lat' dir='ltr'>h.</span> <span class='ocrx_word' id='word_1_290' title='bbox 749 2467 835 2501; x_wconf 89' lang='grc'>1.-</span> <span class='ocrx_word' id='word_1_291' title='bbox 860 2466 917 2500; x_wconf 80' lang='lat' dir='ltr'>Ad</span> <span class='ocrx_word' id='word_1_292' title='bbox 940 2466 1031 2500; x_wconf 87' lang='lat' dir='ltr'>hanc</span> <span class='ocrx_word' id='word_1_293' title='bbox 1057 2465 1327 2501; x_wconf 85' lang='lat' dir='ltr'>Aristotelicam</span> <span class='ocrx_word' id='word_1_294' title='bbox 1355 2464 1534 2500; x_wconf 84' lang='lat' dir='ltr'>definitio-</span> 
     </span>
     <span class='ocr_line' id='line_1_36' title="bbox 122 2525 1503 2574; baseline -0.001 -14"><span class='ocrx_word' id='word_1_295' title='bbox 122 2537 207 2560; x_wconf 87' lang='lat' dir='ltr'>nem</span> <span class='ocrx_word' id='word_1_296' title='bbox 234 2525 356 2561; x_wconf 84' lang='lat' dir='ltr'>alludit</span> <span class='ocrx_word' id='word_1_297' title='bbox 383 2528 523 2570; x_wconf 81' lang='lat' dir='ltr'>Sua1·e2‚</span> <span class='ocrx_word' id='word_1_298' title='bbox 557 2528 599 2561; x_wconf 87' lang='lat' dir='ltr'>de</span> <span class='ocrx_word' id='word_1_299' title='bbox 626 2528 694 2574; x_wconf 85' lang='lat' dir='ltr'>leg.</span> <span class='ocrx_word' id='word_1_300' title='bbox 722 2527 746 2563; x_wconf 91' lang='lat'>1.</span> <span class='ocrx_word' id='word_1_301' title='bbox 781 2540 808 2562; x_wconf 91' lang='lat'>1.</span> <span class='ocrx_word' id='word_1_302' title='bbox 834 2540 862 2561; x_wconf 89' lang='lat' dir='ltr'>c.</span> <span class='ocrx_word' id='word_1_303' title='bbox 893 2537 922 2571; x_wconf 82' lang='lat'>3.</span> <span class='ocrx_word' id='word_1_304' title='bbox 949 2539 984 2563; x_wconf 89' lang='lat' dir='ltr'>n.</span> <span class='ocrx_word' id='word_1_305' title='bbox 1020 2538 1080 2570; x_wconf 90' lang='lat' dir='ltr'>1o.,</span> <span class='ocrx_word' id='word_1_306' title='bbox 1108 2537 1142 2562; x_wconf 86' lang='lat' dir='ltr'>et</span> <span class='ocrx_word' id='word_1_307' title='bbox 1168 2528 1191 2562; x_wconf 93' lang='lat' dir='ltr'>l.</span> <span class='ocrx_word' id='word_1_308' title='bbox 1221 2528 1264 2562; x_wconf 90' lang='grc' dir='ltr'>ΙΙ.</span> <span class='ocrx_word' id='word_1_309' title='bbox 1293 2539 1321 2562; x_wconf 88' lang='lat' dir='ltr'>c.</span> <span class='ocrx_word' id='word_1_310' title='bbox 1349 2537 1380 2571; x_wconf 88' lang='lat'>7.</span> <span class='ocrx_word' id='word_1_311' title='bbox 1406 2539 1440 2561; x_wconf 86' lang='lat' dir='ltr'>n.</span> <span class='ocrx_word' id='word_1_312' title='bbox 1467 2525 1503 2559; x_wconf 83' lang='lat'>6.</span> 
     </span>
    </p>
   </div>
  </div>
 </body>
</html>
