1734 2784
754 86 1014 141 ...358—

172 199 212 230 et
244 186 412 229 tristitia
445 194 766 240 separaretur....
803 180 938 234 Quod
986 177 1208 222 manifeste
1256 176 1405 235 probat
1437 190 1587 220 exem-

171 257 289 314 plum
324 256 375 299 de
408 255 550 312 pueris
584 254 625 296 in
658 252 752 296 solo
785 251 984 308 originali
1017 247 1332 293 decedentibus:
1365 262 1462 290 nam
1495 246 1587 304 pri-

170 339 321 369 vantur
353 326 485 382 gratia
517 336 557 367 et
590 323 726 380 gloria
772 334 996 380 perpetuo,
1035 333 1074 365 et
1107 319 1176 364 illa
1222 319 1402 377 privatio
1450 329 1512 362 est
1544 316 1586 360 in

172 396 248 439 illis
282 412 420 453 poena
453 394 615 450 damni,
648 394 815 437 etiamsi
848 391 1026 436 fortasse
1059 407 1147 435 non
1176 402 1437 448 cognoscant
1470 387 1584 431 illam

171 468 247 510 sub
281 467 444 510 ratione
477 465 742 522 nocumenti,
774 480 851 507 nec
885 463 935 507 de
969 463 1035 506 illa
1076 463 1308 505 tristentur.
1348 461 1399 503 Et
1432 461 1474 503 in
1507 458 1585 501 hu-

171 538 306 580 manis
338 552 476 594 poena
507 535 747 594 pecuniaria
789 550 927 593 poena
974 533 1117 577 damni
1164 533 1257 586 erit,
1305 532 1394 574 sive
1433 530 1483 574 de
1515 528 1584 572 illa

170 610 359 652 tristetur
390 621 461 652 aut
493 607 804 651 involuntarius
827 607 894 663 sit,
918 607 991 664 qui
1028 605 1141 649 illam
1164 605 1336 663 patitur,
1361 604 1448 647 sive
1481 616 1585 645 non.

169 679 296 725 Addo
329 695 431 723 vero
465 678 658 735 ulterius,
691 677 808 736 quod
839 677 936 720 licet
968 676 1035 720 illa
1066 677 1247 735 privatio
1285 676 1338 718 sit
1370 674 1489 733 quasi
1519 687 1584 716 es-

169 751 354 795 sentialis
387 765 524 809 poena
556 750 716 803 damni,
750 749 1031 793 nihilominus
1080 748 1158 792 alia
1200 747 1309 791 mala
1355 746 1513 805 (angor
1545 754 1587 787 et

168 824 335 866 tristitia
368 835 461 866 orta
491 838 541 865 ex
575 821 821 879 cognitione
853 821 1098 865 amissionis
1140 819 1236 863 finis
1270 818 1445 877 ultimi),
1479 832 1588 875 quae

171 895 289 952 quasi
323 895 550 937 intrinsece
582 892 648 937 vel
680 894 920 936 necessario
953 892 1004 936 ad
1038 892 1152 936 illam
1191 904 1511 949 consequuntur
1544 889 1586 931 in

170 965 465 1019 daemonibus,
512 965 578 1008 vel
625 966 667 1007 in
702 964 807 1022 aliis,
839 965 931 1022 {qui
980 977 1153 1022 propter
1201 964 1373 1022 propria
1420 971 1588 1020 peccata

168 1035 343 1078 actualia
378 1034 482 1078 illud
515 1034 723 1078 damnum
756 1035 988 1093 patiuntur,
1021 1033 1098 1077 sub
1130 1050 1266 1092 poena
1294 1033 1436 1076 damni
1470 1046 1588 1075 com-

165 1105 500 1164 prehenduntur.
518 1122 538 1146 »

696 1272 863 1315 Tfflzs15
898 1272 1056 1315 XLVI.

167 1381 366 1438 Perpetua
396 1388 622 1437 poenarum
662 1380 842 1432 duratio,
894 1395 1019 1437 qnam
1066 1379 1273 1423 catholica
1310 1377 1424 1421 fides
1465 1376 1590 1434 docet,

287 1467 366 1494 non
400 1451 513 1494 modo
548 1461 672 1494 rectae
703 1453 857 1495 rationi
888 1466 967 1493 non
1001 1458 1212 1509 repugnat,
1245 1449 1311 1493 sed
1342 1451 1462 1492 immo
1496 1462 1589 1492 cum

286 1523 420 1566 eadem
451 1525 645 1580 congruit.

293 1643 386 1685 134.
406 1630 771 1674 PRAENOTtoNEs.
803 1631 937 1673 «Hoc
961 1645 1110 1683 unum,
1136 1630 1271 1687 inquit
1295 1630 1483 1672 Perrone
1500 1627 1588 1686 (1),

168 1701 219 1744 de
252 1700 333 1744 fide
367 1714 445 1756 est,
482 1702 570 1745 dari
611 1701 825 1745 infernum
875 1717 948 1745 seu
997 1701 1204 1745 destinata
1250 1717 1342 1744 esse
1386 1701 1586 1758 supplicia

169 1772 312 1829 impiis
347 1786 385 1815 et
418 1772 518 1816 haec
553 1772 643 1816 fore
675 1781 840 1816 aeterna
872 1788 946 1816 seu
981 1774 1070 1816 sine
1102 1771 1199 1816 fine.
1243 1774 1393 1816 Cetera
1425 1771 1588 1828 omnia,

169 1858 275 1899 quae
309 1855 499 1900 spectant
532 1844 622 1886 sive
655 1843 705 1887 ad
738 1843 881 1886 locum
907 1845 995 1887 sive
1018 1843 1070 1887 ad
1092 1843 1250 1887 horum
1274 1843 1585 1901 suppliciorum

167 1912 233 1955 vel
265 1928 501 1970 poenarum
535 1926 747 1967 naturam,
783 1913 832 1958 de
865 1913 947 1959 fide
979 1930 1067 1958 non
1099 1926 1212 1959 sunt.
1262 1915 1433 1957 Etenim
1465 1913 1585 1957 nullo

167 1984 373 2027 Ecclesiae
408 1984 595 2038 decreto,
631 1998 678 2028 ut
710 1986 813 2029 scite
847 1999 944 2044 post
977 1987 1264 2044 Vasquesium
1288 1985 1482 2029 observat
1505 1987 1585 2029 Pe·

166 2055 318 2111 tavius,
351 2054 488 2098 adhuc
521 2055 795 2113 obsignatum
828 2057 1013 2110 videtur,
1049 2071 1186 2114 neque
1218 2056 1301 2100 ulla
1337 2057 1380 2099 in
1413 2055 1584 2114 synodo

167 2125 374 2166 sancitum
408 2124 515 2168 illud
548 2138 628 2179 est,
664 2125 822 2170 scilicet
869 2126 934 2170 vel
977 2127 1123 2184 ignem
1171 2142 1262 2170 esse
1310 2142 1584 2184 corporeum,

165 2193 232 2237 vel
263 2194 573 2253 suppliciorum
621 2197 765 2240 locum
814 2213 906 2241 esse
953 2197 1030 2241 sub
1069 2210 1190 2251 terra,
1240 2197 1310 2241 ubi
1344 2198 1586 2241 cruciantur

166 2265 396 2310 daemones
429 2281 470 2311 et
502 2268 701 2312 homines
735 2269 936 2313 damnati.
971 2288 993 2310 »

284 2337 415 2380 Paulo
449 2350 592 2382 tamen
624 2339 798 2383 inferius
833 2339 947 2384 addit
980 2340 1095 2398 haec,
1117 2339 1268 2398 quibus
1296 2341 1375 2398 ipsi
1409 2355 1583 2399 quoque

265 2556 320 2598 (1)
348 2557 402 2590 De
430 2556 508 2591 Deo
538 2568 642 2593 creat.
670 2569 756 2605 part.
787 2569 815 2603 3.
844 2571 922 2606 cap.
953 2559 985 2594 6.
1013 2571 1112 2595 num.
1140 2570 1218 2606 799.
