1734 2784
767 48 1025 105 ...483-

362 151 401 178 et
426 137 529 179 facile
542 144 588 179 sit
605 141 844 180 immutanda.
857 165 903 171 —
922 156 951 180 2.
972 146 1028 180 De
1047 141 1339 192 interpretatione
1369 142 1473 193 legis:

361 222 407 230 —
432 203 679 250 interpretatio
706 204 900 251 improprie
928 204 1020 240 dicta
1048 206 1171 240 locum
1198 206 1305 241 habet
1332 207 1367 240 in
1397 208 1473 252 ipsa

363 262 443 308 lege
470 264 622 298 naturali
647 283 691 290 —
729 265 874 310 proprie
914 264 1034 308 dicta,
1070 277 1132 300 seu
1171 266 1319 312 epikeia‚
1356 266 1476 300 locum

362 320 496 357 habere
523 331 641 369 potest
667 323 704 358 in
731 323 811 370 lege
836 324 1003 370 positiva:
1033 344 1075 350 —
1104 325 1139 358 in
1167 336 1237 372 quo
1265 325 1330 360 sita
1358 326 1412 360 sit.
1431 345 1475 351 —

367 390 398 425 3.
416 381 471 416 De
488 383 607 429 rigore
623 382 681 419 vel
699 382 843 418 lenitate
863 382 1097 429 obligationis
1123 383 1212 429 legis
1235 384 1476 430 positivae:—

362 442 433 491 tria‘
456 452 499 476 ex
523 442 690 477 Suaresio
719 442 903 488 principia:
931 462 975 468 —
1003 442 1046 477 de
1074 443 1191 489 rigore
1230 443 1287 478 vel
1330 443 1476 480 lenitate

361 500 596 546 obligationis
623 501 714 548 legis
744 500 928 536 naturalis.
993 529 1475 539 .........
1529 513 1590 550 395

175 571 380 615 CAPUT
413 572 467 615 V.
500 597 556 605 —
589 574 660 617 De
692 573 994 618 conscientia
1027 575 1218 618 morali.
1315 610 1322 618 .
1388 611 1396 619 .
1462 610 1471 619 .
1505 590 1587 631 401

274 653 348 698 146.
378 655 613 691 Conscientia
639 656 899 703 psychologica
929 666 962 691 et
1000 657 1157 692 moralis.
1224 686 1472 694 .....
1546 660 1591 694 ib.

271 724 346 760 147.
372 715 550 751 Definitio
578 717 820 752 conscientiae
848 717 995 752 moralis
999 744 1466 755 .........
1542 721 1589 757 ib.

272 775 345 818 148.
374 776 403 810 A
432 787 586 823 quanam
613 775 781 812 facultate
809 786 842 812 et
870 788 1027 824 quonam
1055 786 1160 823 pacto
1200 777 1261 813 fiat
1300 779 1389 825 legis
1429 779 1471 813 ad

362 835 544 871 actionem
571 836 793 872 individuam
822 837 1030 883 applicatio.
1102 865 1471 876 .......
1523 851 1590 885 402

169 905 348 951 Thesis
382 907 451 950 LI.
486 932 543 942 --
579 909 641 951 De
675 907 949 952 divisionibns
991 910 1263 953 conscienciae.
1315 945 1323 953 .
1389 946 1397 954 .
1463 947 1470 955 .
1503 927 1585 969 403

268 999 345 1035 149.
370 990 611 1026 Declaratio.
639 1010 683 1016 —
715 1001 741 1026 1.
768 992 921 1026 Ratione
947 999 1048 1026 actus
1063 993 1284 1027 conscientia
1304 993 1472 1030 dividitur

361 1071 401 1076 -—-
430 1051 465 1085 in
495 1059 779 1098 consequentem
808 1060 841 1086 et
871 1052 1164 1086 antecedentem:
1193 1073 1235 1078 —
1256 1053 1342 1088 haec
1362 1054 1470 1089 altera

358 1110 597 1146 subdividitur
615 1112 650 1146 in
668 1111 959 1157 praecipientem,
979 1111 1242 1158 prohibentem,
1262 1115 1471 1159 permitten-

359 1179 444 1213 tem,
473 1170 693 1206 suadentem.
721 1190 764 1196 —
793 1182 823 1205 2.
853 1172 890 1205 In
910 1172 1034 1206 ordine
1054 1172 1096 1205 ad
1116 1173 1331 1207 obiectivam
1350 1175 1469 1209 iudicii

358 1231 546 1266 veritatem
574 1251 616 1256 —-
644 1232 679 1265 in
706 1240 840 1266 rectam
869 1240 901 1265 et
930 1243 1139 1266 erroneam:
1172 1253 1207 1256 —
1240 1233 1327 1267 haee
1354 1246 1470 1269 rursus

358 1290 395 1324 in
423 1290 644 1336 culpabiliter
670 1290 726 1324 vel
753 1289 1020 1336 inculpabiliter
1049 1303 1246 1326 erroneam.
1275 1311 1318 1318 -—-
1340 1304 1367 1338 3.
1389 1294 1470 1339 Spe-

360 1359 456 1385 ctato
486 1351 620 1385 mentis
647 1361 792 1384 assensu
821 1369 865 1375 -
893 1350 926 1383 in
957 1358 1103 1391 certam,
1132 1351 1292 1393 dubiam,
1322 1354 1472 1397 opinan—

358 1418 443 1444 tem.
470 1428 514 1435 —-
541 1419 574 1451 4.
601 1409 770 1454 Inspecto
797 1408 968 1443 habituali
996 1409 1105 1443 animi
1134 1418 1224 1443 statu
1254 1431 1293 1435 —-
1323 1412 1356 1445 in
1376 1420 1471 1446 tene-

358 1479 445 1511 ram,
473 1469 602 1511 laxam,
631 1468 893 1513 scrupulosam,
911 1468 1129 1514 perplexam.
1158 1498 1162 1503 .
1217 1497 1222 1502 .
1275 1498 1280 1503 .
1335 1498 1340 1503 .
1395 1498 1401 1506 .
1459 1500 1465 1507 .
1542 1473 1585 1508 ib.

166 1539 347 1583 Thesis
378 1539 467 1582 LII.
504 1563 559 1572 —-
596 1539 870 1590 Conscientia,
909 1538 1122 1582 dnmmodo
1146 1541 1194 1582 sic
1221 1541 1361 1583 saltem
1387 1557 1466 1584 mo-

343 1609 486 1654 ralitar
518 1619 639 1663 carta,
672 1618 724 1652 est
751 1611 940 1667 proximat
975 1610 1109 1667 regula
1145 1626 1315 1653 morum.
1382 1646 1389 1653 .
1456 1648 1464 1656 .
1499 1615 1586 1668 406

265 1702 339 1737 150.
368 1695 685 1729 Demonstratio.
713 1714 757 1718 —
790 1704 815 1728 1.
845 1694 1077 1728 Conscientia
1109 1695 1320 1729 antecedens
1349 1706 1399 1731 est
1428 1717 1464 1722 —-

358 1754 558 1788 necessaria
589 1774 629 1779 -
658 1753 823 1800 proxima
854 1773 889 1778 -
922 1753 1062 1787 interna
1090 1766 1151 1788 seu
1180 1755 1377 1790 subiectiva
1406 1767 1463 1790 re-

359 1812 440 1859 gula
468 1824 624 1847 morum.
648 1833 686 1838 —
717 1822 747 1846 2.
774 1811 830 1847 Ad
858 1812 926 1846 hoc
956 1822 991 1846 ut
1019 1813 1239 1847 conscientia
1267 1815 1312 1848 sit
1342 1815 1463 1860 regula

354 1883 513 1915 morum,
543 1883 648 1919 quam
677 1883 867 1918 sequamur
894 1872 927 1905 in
955 1871 1115 1918 agendis,
1145 1892 1186 1897 —-
1214 1873 1401 1919 requiritur
1419 1893 1465 1898 —

354 1943 393 1966 ac
421 1930 552 1966 sufficit
580 1941 616 1966 ut
641 1932 684 1966 sit
704 1941 799 1966 certa
819 1931 1030 1966 certitudine
1050 1932 1188 1966 morali,
1208 1951 1251 1957 —-
1271 1933 1462 1974 Quaenam

353 1992 396 2026 sit
437 1990 611 2026 certitudo
652 1991 808 2025 moralis.
856 2019 862 2025 .
918 2018 924 2025 .
981 2020 986 2026 .
1039 2019 1043 2024 .
1097 2018 1101 2024 .
1158 2017 1163 2022 .
1218 2018 1224 2024 .
1277 2020 1281 2025 .
1337 2017 1343 2024 .
1397 2019 1402 2026 .
1460 2020 1464 2026 .
1538 1992 1581 2027 ib.

162 2062 341 2109 Thesis
371 2064 486 2108 LIII.
517 2089 574 2097 —
611 2063 819 2121 Principia
854 2065 895 2106 in
926 2062 1178 2121 pra2⁷redantt³
1231 2063 1324 2106 thesi
1365 2072 1454 2106 sta-

344 2144 430 2178 tnta
464 2135 726 2193 applicantur
759 2133 814 2176 ad
847 2135 987 2176 varios
1021 2134 1279 2177 conscientiae
1322 2142 1461 2177 sullus.
1497 2146 1582 2189 412

263 2226 337 2261 151.
368 2217 611 2252 Declaratio.
631 2235 675 2242 —·
694 2215 901 2262 Applicatio
930 2215 1188 2261 principiorum
1210 2215 1252 2248 ad
1281 2216 1465 2250 conscicn-

353 2277 439 2312 tiam
466 2295 509 2303 -
537 2276 800 2322 inculpabiliter
829 2287 1015 2310 erroneam
1044 2294 1086 2300 —
1115 2274 1339 2321 culpabiliter
1367 2287 1466 2310 erro-

354 2347 459 2371 neam
486 2356 531 2362 -—
557 2335 701 2370 dubiam
729 2356 772 2361 -—
801 2336 1010 2382 opinantem
1038 2354 1082 2360 --
1110 2335 1315 2380 perplexam
1336 2355 1379 2360 —
1408 2335 1460 2369 la-

350 2407 432 2431 xam
459 2415 503 2422 —
531 2395 778 2442 scrupulosam
785 2420 1458 2431 ............
1535 2397 1580 2431 ib.

162 2468 363 2513 CAPUT
398 2468 469 2512 VI.
537 2469 608 2512 De
639 2469 957 2523 passionibus
992 2470 1040 2511 et
1072 2468 1341 2511 virtutibus
1363 2480 1462 2510 mo-

337 2541 536 2586 ralibus.
632 2552 1576 2595 ............423
