<?xml version="1.0" encoding="UTF-8"?>
<!DOCTYPE html PUBLIC "-//W3C//DTD XHTML 1.0 Transitional//EN"
    "http://www.w3.org/TR/xhtml1/DTD/xhtml1-transitional.dtd">
<html xmlns="http://www.w3.org/1999/xhtml" xml:lang="en" lang="en">
 <head>
  <title>
</title>
<meta http-equiv="Content-Type" content="text/html;charset=utf-8" />
  <meta name='ocr-system' content='tesseract 3.04.00' />
  <meta name='ocr-capabilities' content='ocr_page ocr_carea ocr_par ocr_line ocrx_word'/>
</head>
<body>
  <div class='ocr_page' id='page_1' title='image "./institutionesphi01ferr_0371.png"; bbox 0 0 1734 2784; ppageno 0'>
   <div class='ocr_carea' id='block_1_1' title="bbox 117 67 1561 1922">
    <p class='ocr_par' dir='ltr' id='par_1_1' title="bbox 703 67 962 109">
     <span class='ocr_line' id='line_1_1' title="bbox 703 67 962 109; baseline 0 0"><span class='ocrx_word' id='word_1_1' title='bbox 703 79 760 88; x_wconf 81' lang='grc'><strong>·-</strong></span> <span class='ocrx_word' id='word_1_2' title='bbox 797 67 874 109; x_wconf 82' lang='grc' dir='ltr'><strong>3)”Ῑ</strong></span> <span class='ocrx_word' id='word_1_3' title='bbox 917 78 962 85; x_wconf 87' lang='grc'><strong>···</strong></span> 
     </span>
    </p>

    <p class='ocr_par' dir='ltr' id='par_1_2' title="bbox 117 145 1561 1922">
     <span class='ocr_line' id='line_1_2' title="bbox 127 145 1559 211; baseline -0.005 -16"><span class='ocrx_word' id='word_1_4' title='bbox 127 149 309 211; x_wconf 89' lang='lat' dir='ltr'><strong>quidem</strong></span> <span class='ocrx_word' id='word_1_5' title='bbox 344 149 444 192; x_wconf 84' lang='lat' dir='ltr'><strong>mali</strong></span> <span class='ocrx_word' id='word_1_6' title='bbox 475 150 661 208; x_wconf 84' lang='lat' dir='ltr'><strong>passos?</strong></span> <span class='ocrx_word' id='word_1_7' title='bbox 697 150 925 202; x_wconf 80' lang='lat' dir='ltr'>Quaenam</span> <span class='ocrx_word' id='word_1_8' title='bbox 947 148 1079 205; x_wconf 87' lang='lat' dir='ltr'><strong>igitur</strong></span> <span class='ocrx_word' id='word_1_9' title='bbox 1101 146 1167 189; x_wconf 88' lang='lat' dir='ltr'><strong>vel</strong></span> <span class='ocrx_word' id='word_1_10' title='bbox 1200 145 1257 189; x_wconf 91' lang='lat' dir='ltr'><strong>illi</strong></span> <span class='ocrx_word' id='word_1_11' title='bbox 1280 146 1445 204; x_wconf 79' lang='lat' dir='ltr'>priores</span> <span class='ocrx_word' id='word_1_12' title='bbox 1469 146 1559 188; x_wconf 84' lang='lat' dir='ltr'><strong>vir-</strong></span> 
     </span>
     <span class='ocr_line' id='line_1_3' title="bbox 117 215 1555 281; baseline -0.006 -15"><span class='ocrx_word' id='word_1_13' title='bbox 117 222 233 281; x_wconf 45' lang='grc' dir='ltr'><strong>ἴῖιιῖίε</strong></span> <span class='ocrx_word' id='word_1_14' title='bbox 266 221 452 280; x_wconf 86' lang='lat' dir='ltr'><strong>praemia</strong></span> <span class='ocrx_word' id='word_1_15' title='bbox 485 221 691 278; x_wconf 78' lang='lat' dir='ltr'><strong>recipient</strong></span> <span class='ocrx_word' id='word_1_16' title='bbox 722 220 789 264; x_wconf 85' lang='lat' dir='ltr'><strong>vel</strong></span> <span class='ocrx_word' id='word_1_17' title='bbox 821 220 891 262; x_wconf 88' lang='lat' dir='ltr'><strong>isti</strong></span> <span class='ocrx_word' id='word_1_18' title='bbox 923 219 1139 277; x_wconf 83' lang='lat' dir='ltr'><strong>pravitatis</strong></span> <span class='ocrx_word' id='word_1_19' title='bbox 1173 217 1309 261; x_wconf 90' lang='lat' dir='ltr'><strong>ferent</strong></span> <span class='ocrx_word' id='word_1_20' title='bbox 1331 215 1555 274; x_wconf 82' lang='lat' dir='ltr'><strong>supplicia,</strong></span> 
     </span>
     <span class='ocr_line' id='line_1_4' title="bbox 128 289 1558 348; baseline -0.004 -10"><span class='ocrx_word' id='word_1_21' title='bbox 128 295 166 338; x_wconf 86' lang='lat' dir='ltr'><strong>si</strong></span> <span class='ocrx_word' id='word_1_22' title='bbox 198 305 369 337; x_wconf 85' lang='lat' dir='ltr'><strong>nostrae</strong></span> <span class='ocrx_word' id='word_1_23' title='bbox 401 308 466 336; x_wconf 86' lang='lat' dir='ltr'><strong>res</strong></span> <span class='ocrx_word' id='word_1_24' title='bbox 503 292 611 336; x_wconf 85' lang='lat' dir='ltr'><strong>ultra</strong></span> <span class='ocrx_word' id='word_1_25' title='bbox 641 293 772 336; x_wconf 85' lang='lat' dir='ltr'><strong>vitam</strong></span> <span class='ocrx_word' id='word_1_26' title='bbox 806 291 912 335; x_wconf 85' lang='lat' dir='ltr'><strong>hanc</strong></span> <span class='ocrx_word' id='word_1_27' title='bbox 957 306 1044 334; x_wconf 88' lang='lat' dir='ltr'><strong>non</strong></span> <span class='ocrx_word' id='word_1_28' title='bbox 1093 289 1403 348; x_wconf 85' lang='lat' dir='ltr'><strong>proferuntur?</strong></span> <span class='ocrx_word' id='word_1_29' title='bbox 1443 289 1558 333; x_wconf 84' lang='lat' dir='ltr'><strong>Nam</strong></span> 
     </span>
     <span class='ocr_line' id='line_1_5' title="bbox 130 362 1557 419; baseline -0.004 -11"><span class='ocrx_word' id='word_1_30' title='bbox 130 365 167 409; x_wconf 86' lang='lat' dir='ltr'><strong>si</strong></span> <span class='ocrx_word' id='word_1_31' title='bbox 198 365 318 408; x_wconf 86' lang='lat' dir='ltr'><strong>Deus</strong></span> <span class='ocrx_word' id='word_1_32' title='bbox 351 376 430 417; x_wconf 87' lang='lat' dir='ltr'><strong>est,</strong></span> <span class='ocrx_word' id='word_1_33' title='bbox 463 364 585 406; x_wconf 89' lang='lat' dir='ltr'><strong>sicuti</strong></span> <span class='ocrx_word' id='word_1_34' title='bbox 620 378 765 406; x_wconf 77' lang='lat' dir='ltr'><strong>revera</strong></span> <span class='ocrx_word' id='word_1_35' title='bbox 800 374 891 419; x_wconf 82' lang='lat' dir='ltr'><strong>est,</strong></span> <span class='ocrx_word' id='word_1_36' title='bbox 925 377 1024 405; x_wconf 91' lang='lat' dir='ltr'><strong>eum</strong></span> <span class='ocrx_word' id='word_1_37' title='bbox 1075 362 1238 404; x_wconf 88' lang='lat' dir='ltr'><strong>iustum</strong></span> <span class='ocrx_word' id='word_1_38' title='bbox 1286 376 1378 404; x_wconf 88' lang='lat' dir='ltr'><strong>esse</strong></span> <span class='ocrx_word' id='word_1_39' title='bbox 1427 375 1557 403; x_wconf 89' lang='lat' dir='ltr'><strong>nemo</strong></span> 
     </span>
     <span class='ocr_line' id='line_1_6' title="bbox 128 431 1559 491; baseline -0.003 -12"><span class='ocrx_word' id='word_1_40' title='bbox 128 450 216 480; x_wconf 87' lang='lat' dir='ltr'><strong>non</strong></span> <span class='ocrx_word' id='word_1_41' title='bbox 251 433 464 478; x_wconf 84' lang='lat' dir='ltr'><strong>fatebitur.</strong></span> <span class='ocrx_word' id='word_1_42' title='bbox 497 435 629 491; x_wconf 82' lang='lat' dir='ltr'><strong>Atqui</strong></span> <span class='ocrx_word' id='word_1_43' title='bbox 664 435 698 477; x_wconf 89' lang='lat' dir='ltr'><strong>si</strong></span> <span class='ocrx_word' id='word_1_44' title='bbox 732 435 868 476; x_wconf 90' lang='lat' dir='ltr'><strong>iustus</strong></span> <span class='ocrx_word' id='word_1_45' title='bbox 903 446 993 487; x_wconf 86' lang='lat' dir='ltr'><strong>est,</strong></span> <span class='ocrx_word' id='word_1_46' title='bbox 1030 446 1069 475; x_wconf 90' lang='lat' dir='ltr'><strong>et</strong></span> <span class='ocrx_word' id='word_1_47' title='bbox 1103 432 1167 474; x_wconf 88' lang='lat' dir='ltr'><strong>his</strong></span> <span class='ocrx_word' id='word_1_48' title='bbox 1212 444 1252 475; x_wconf 91' lang='lat' dir='ltr'><strong>et</strong></span> <span class='ocrx_word' id='word_1_49' title='bbox 1286 431 1366 474; x_wconf 89' lang='lat' dir='ltr'><strong>illis</strong></span> <span class='ocrx_word' id='word_1_50' title='bbox 1412 431 1559 475; x_wconf 86' lang='lat' dir='ltr'><strong>reddet</strong></span> 
     </span>
     <span class='ocr_line' id='line_1_7' title="bbox 129 503 1558 566; baseline -0.003 -16"><span class='ocrx_word' id='word_1_51' title='bbox 129 523 209 566; x_wconf 87' lang='lat' dir='ltr'><strong>pro</strong></span> <span class='ocrx_word' id='word_1_52' title='bbox 243 507 422 563; x_wconf 89' lang='lat' dir='ltr'><strong>meritis,</strong></span> <span class='ocrx_word' id='word_1_53' title='bbox 455 518 495 549; x_wconf 89' lang='lat' dir='ltr'><strong>et</strong></span> <span class='ocrx_word' id='word_1_54' title='bbox 529 505 611 548; x_wconf 91' lang='lat' dir='ltr'><strong>hoc</strong></span> <span class='ocrx_word' id='word_1_55' title='bbox 647 506 688 548; x_wconf 89' lang='lat' dir='ltr'><strong>in</strong></span> <span class='ocrx_word' id='word_1_56' title='bbox 724 504 922 548; x_wconf 89' lang='lat' dir='ltr'><strong>confesso</strong></span> <span class='ocrx_word' id='word_1_57' title='bbox 957 517 1031 547; x_wconf 89' lang='lat' dir='ltr'><strong>est.</strong></span> <span class='ocrx_word' id='word_1_58' title='bbox 1070 503 1206 557; x_wconf 85' lang='lat' dir='ltr'><strong>Quod</strong></span> <span class='ocrx_word' id='word_1_59' title='bbox 1245 504 1279 546; x_wconf 91' lang='lat' dir='ltr'><strong>si</strong></span> <span class='ocrx_word' id='word_1_60' title='bbox 1322 516 1361 546; x_wconf 87' lang='lat' dir='ltr'><strong>et</strong></span> <span class='ocrx_word' id='word_1_61' title='bbox 1407 503 1472 545; x_wconf 91' lang='lat' dir='ltr'><strong>his</strong></span> <span class='ocrx_word' id='word_1_62' title='bbox 1518 516 1558 546; x_wconf 90' lang='lat' dir='ltr'><strong>et</strong></span> 
     </span>
     <span class='ocr_line' id='line_1_8' title="bbox 129 575 1560 636; baseline -0.003 -15"><span class='ocrx_word' id='word_1_63' title='bbox 129 577 211 622; x_wconf 90' lang='lat' dir='ltr'><strong>illis</strong></span> <span class='ocrx_word' id='word_1_64' title='bbox 244 577 391 621; x_wconf 89' lang='lat' dir='ltr'><strong>reddet</strong></span> <span class='ocrx_word' id='word_1_65' title='bbox 415 593 494 636; x_wconf 91' lang='lat' dir='ltr'><strong>pro</strong></span> <span class='ocrx_word' id='word_1_66' title='bbox 519 578 698 634; x_wconf 82' lang='lat' dir='ltr'><strong>meritis,</strong></span> <span class='ocrx_word' id='word_1_67' title='bbox 723 576 790 619; x_wconf 90' lang='lat' dir='ltr'><strong>hic</strong></span> <span class='ocrx_word' id='word_1_68' title='bbox 814 591 916 619; x_wconf 73' lang='lat' dir='ltr'><strong>vero</strong></span> <span class='ocrx_word' id='word_1_69' title='bbox 940 575 1079 618; x_wconf 88' lang='lat' dir='ltr'><strong>nullus</strong></span> <span class='ocrx_word' id='word_1_70' title='bbox 1104 591 1256 618; x_wconf 89' lang='lat' dir='ltr'><strong>eorum</strong></span> <span class='ocrx_word' id='word_1_71' title='bbox 1288 576 1462 632; x_wconf 89' lang='lat' dir='ltr'><strong>recepit,</strong></span> <span class='ocrx_word' id='word_1_72' title='bbox 1489 590 1560 617; x_wconf 90' lang='lat' dir='ltr'><strong>ne-</strong></span> 
     </span>
     <span class='ocr_line' id='line_1_9' title="bbox 128 646 1561 709; baseline -0.004 -16"><span class='ocrx_word' id='word_1_73' title='bbox 128 665 214 709; x_wconf 93' lang='lat' dir='ltr'><strong>que</strong></span> <span class='ocrx_word' id='word_1_74' title='bbox 245 648 312 693; x_wconf 92' lang='lat' dir='ltr'><strong>ille</strong></span> <span class='ocrx_word' id='word_1_75' title='bbox 335 648 621 707; x_wconf 72' lang='lat' dir='ltr'><strong>improbitatis</strong></span> <span class='ocrx_word' id='word_1_76' title='bbox 647 649 830 706; x_wconf 71' lang='lat' dir='ltr'><strong>poenam</strong></span> <span class='ocrx_word' id='word_1_77' title='bbox 855 664 993 705; x_wconf 89' lang='lat' dir='ltr'><strong>neque</strong></span> <span class='ocrx_word' id='word_1_78' title='bbox 1017 647 1083 690; x_wconf 91' lang='lat' dir='ltr'><strong>hic</strong></span> <span class='ocrx_word' id='word_1_79' title='bbox 1106 647 1271 689; x_wconf 68' lang='lat' dir='ltr'><strong>virtutis</strong></span> <span class='ocrx_word' id='word_1_80' title='bbox 1299 646 1561 704; x_wconf 81' lang='lat' dir='ltr'><strong>praemium,</strong></span> 
     </span>
     <span class='ocr_line' id='line_1_10' title="bbox 129 719 1559 781; baseline -0.003 -17"><span class='ocrx_word' id='word_1_81' title='bbox 129 722 407 781; x_wconf 88' lang='lat' dir='ltr'><strong>perspicuum</strong></span> <span class='ocrx_word' id='word_1_82' title='bbox 443 733 505 764; x_wconf 87' lang='lat' dir='ltr'><strong>est</strong></span> <span class='ocrx_word' id='word_1_83' title='bbox 538 733 696 763; x_wconf 84' lang='lat' dir='ltr'><strong>restare</strong></span> <span class='ocrx_word' id='word_1_84' title='bbox 719 733 892 776; x_wconf 89' lang='lat' dir='ltr'><strong>tempus</strong></span> <span class='ocrx_word' id='word_1_85' title='bbox 918 719 1105 777; x_wconf 82' lang='lat' dir='ltr'><strong>aliquod,</strong></span> <span class='ocrx_word' id='word_1_86' title='bbox 1130 720 1170 761; x_wconf 89' lang='lat' dir='ltr'><strong>in</strong></span> <span class='ocrx_word' id='word_1_87' title='bbox 1195 734 1281 775; x_wconf 92' lang='lat' dir='ltr'><strong>quo</strong></span> <span class='ocrx_word' id='word_1_88' title='bbox 1313 732 1559 774; x_wconf 82' lang='lat' dir='ltr'><strong>congruens</strong></span> 
     </span>
     <span class='ocr_line' id='line_1_11' title="bbox 129 787 1560 852; baseline -0.004 -16"><span class='ocrx_word' id='word_1_89' title='bbox 129 792 371 852; x_wconf 85' lang='lat' dir='ltr'><strong>praemium</strong></span> <span class='ocrx_word' id='word_1_90' title='bbox 407 792 565 835; x_wconf 87' lang='lat' dir='ltr'><strong>horum</strong></span> <span class='ocrx_word' id='word_1_91' title='bbox 601 804 779 849; x_wconf 87' lang='lat' dir='ltr'><strong>uterque</strong></span> <span class='ocrx_word' id='word_1_92' title='bbox 814 790 973 833; x_wconf 76' lang='lat' dir='ltr'><strong>feret.»</strong></span> <span class='ocrx_word' id='word_1_93' title='bbox 1004 791 1112 833; x_wconf 88' lang='lat' dir='ltr'><strong>Item</strong></span> <span class='ocrx_word' id='word_1_94' title='bbox 1165 790 1248 832; x_wconf 81' lang='lat' dir='ltr'><strong>alio</strong></span> <span class='ocrx_word' id='word_1_95' title='bbox 1284 790 1325 831; x_wconf 90' lang='lat' dir='ltr'><strong>in</strong></span> <span class='ocrx_word' id='word_1_96' title='bbox 1359 788 1454 831; x_wconf 88' lang='lat' dir='ltr'><strong>loco</strong></span> <span class='ocrx_word' id='word_1_97' title='bbox 1485 787 1560 846; x_wconf 80' lang='grc' dir='ltr'><strong>(Ι)</strong></span> 
     </span>
     <span class='ocr_line' id='line_1_12' title="bbox 127 861 1559 919; baseline -0.004 -12"><span class='ocrx_word' id='word_1_98' title='bbox 127 865 190 907; x_wconf 89' lang='lat' dir='ltr'><strong>sic</strong></span> <span class='ocrx_word' id='word_1_99' title='bbox 221 863 401 907; x_wconf 81' lang='lat' dir='ltr'><strong>disserit:</strong></span> <span class='ocrx_word' id='word_1_100' title='bbox 428 882 447 905; x_wconf 88' lang='lat'>«</span> <span class='ocrx_word' id='word_1_101' title='bbox 471 864 516 907; x_wconf 90' lang='lat' dir='ltr'><strong>Si</strong></span> <span class='ocrx_word' id='word_1_102' title='bbox 550 863 654 905; x_wconf 85' lang='lat' dir='ltr'><strong>nihil</strong></span> <span class='ocrx_word' id='word_1_103' title='bbox 684 875 745 905; x_wconf 90' lang='lat' dir='ltr'><strong>est</strong></span> <span class='ocrx_word' id='word_1_104' title='bbox 779 874 876 919; x_wconf 86' lang='lat' dir='ltr'><strong>post</strong></span> <span class='ocrx_word' id='word_1_105' title='bbox 900 861 1008 904; x_wconf 84' lang='lat' dir='ltr'><strong>hanc</strong></span> <span class='ocrx_word' id='word_1_106' title='bbox 1032 861 1257 904; x_wconf 74' lang='lat' dir='ltr'><strong>mortalem</strong></span> <span class='ocrx_word' id='word_1_107' title='bbox 1280 861 1428 912; x_wconf 73' lang='lat' dir='ltr'><strong>vitam,</strong></span> <span class='ocrx_word' id='word_1_108' title='bbox 1455 874 1559 916; x_wconf 85' lang='lat' dir='ltr'><strong>ergo</strong></span> 
     </span>
     <span class='ocr_line' id='line_1_13' title="bbox 129 931 1558 993; baseline -0.004 -15"><span class='ocrx_word' id='word_1_109' title='bbox 129 950 270 993; x_wconf 88' lang='lat' dir='ltr'><strong>neque</strong></span> <span class='ocrx_word' id='word_1_110' title='bbox 302 935 423 977; x_wconf 88' lang='lat' dir='ltr'><strong>Deus</strong></span> <span class='ocrx_word' id='word_1_111' title='bbox 458 946 535 977; x_wconf 85' lang='lat' dir='ltr'><strong>est.</strong></span> <span class='ocrx_word' id='word_1_112' title='bbox 568 933 681 976; x_wconf 83' lang='lat' dir='ltr'><strong>Nam</strong></span> <span class='ocrx_word' id='word_1_113' title='bbox 719 933 751 974; x_wconf 92' lang='lat' dir='ltr'><strong>si</strong></span> <span class='ocrx_word' id='word_1_114' title='bbox 788 933 906 975; x_wconf 85' lang='lat' dir='ltr'><strong>Deus</strong></span> <span class='ocrx_word' id='word_1_115' title='bbox 942 944 1017 985; x_wconf 86' lang='lat' dir='ltr'><strong>est,</strong></span> <span class='ocrx_word' id='word_1_116' title='bbox 1054 932 1189 974; x_wconf 88' lang='lat' dir='ltr'><strong>iustus</strong></span> <span class='ocrx_word' id='word_1_117' title='bbox 1225 943 1316 984; x_wconf 86' lang='lat' dir='ltr'><strong>est,</strong></span> <span class='ocrx_word' id='word_1_118' title='bbox 1351 931 1384 973; x_wconf 87' lang='lat' dir='ltr'><strong>si</strong></span> <span class='ocrx_word' id='word_1_119' title='bbox 1420 931 1558 973; x_wconf 88' lang='lat' dir='ltr'><strong>iustus</strong></span> 
     </span>
     <span class='ocr_line' id='line_1_14' title="bbox 129 1001 1556 1061; baseline -0.005 -11"><span class='ocrx_word' id='word_1_120' title='bbox 129 1018 207 1060; x_wconf 90' lang='lat' dir='ltr'><strong>est,</strong></span> <span class='ocrx_word' id='word_1_121' title='bbox 239 1007 361 1049; x_wconf 78' lang='lat' dir='ltr'><strong>iuxta</strong></span> <span class='ocrx_word' id='word_1_122' title='bbox 393 1005 545 1048; x_wconf 88' lang='lat' dir='ltr'><strong>merita</strong></span> <span class='ocrx_word' id='word_1_123' title='bbox 578 1005 810 1061; x_wconf 91' lang='lat' dir='ltr'><strong>unicuique</strong></span> <span class='ocrx_word' id='word_1_124' title='bbox 845 1002 1072 1046; x_wconf 77' lang='lat' dir='ltr'><strong>distribuit.</strong></span> <span class='ocrx_word' id='word_1_125' title='bbox 1107 1004 1151 1046; x_wconf 82' lang='lat' dir='ltr'><strong>Si</strong></span> <span class='ocrx_word' id='word_1_126' title='bbox 1186 1016 1329 1046; x_wconf 89' lang='lat' dir='ltr'><strong>autem</strong></span> <span class='ocrx_word' id='word_1_127' title='bbox 1363 1001 1469 1044; x_wconf 89' lang='lat' dir='ltr'><strong>nihil</strong></span> <span class='ocrx_word' id='word_1_128' title='bbox 1493 1014 1556 1044; x_wconf 89' lang='lat' dir='ltr'><strong>est</strong></span> 
     </span>
     <span class='ocr_line' id='line_1_15' title="bbox 129 1073 1557 1135; baseline -0.004 -16"><span class='ocrx_word' id='word_1_129' title='bbox 129 1089 228 1135; x_wconf 92' lang='lat' dir='ltr'><strong>post</strong></span> <span class='ocrx_word' id='word_1_130' title='bbox 259 1074 367 1118; x_wconf 85' lang='lat' dir='ltr'><strong>hanc</strong></span> <span class='ocrx_word' id='word_1_131' title='bbox 398 1076 545 1132; x_wconf 74' lang='lat' dir='ltr'><strong>vitam,</strong></span> <span class='ocrx_word' id='word_1_132' title='bbox 579 1074 649 1117; x_wconf 88' lang='lat' dir='ltr'><strong>ubi</strong></span> <span class='ocrx_word' id='word_1_133' title='bbox 683 1075 888 1131; x_wconf 79' lang='lat' dir='ltr'><strong>accipient</strong></span> <span class='ocrx_word' id='word_1_134' title='bbox 922 1073 1082 1130; x_wconf 80' lang='lat' dir='ltr'><strong>singuli</strong></span> <span class='ocrx_word' id='word_1_135' title='bbox 1114 1089 1192 1131; x_wconf 89' lang='lat' dir='ltr'><strong>pro</strong></span> <span class='ocrx_word' id='word_1_136' title='bbox 1227 1074 1314 1115; x_wconf 87' lang='lat' dir='ltr'><strong>suis</strong></span> <span class='ocrx_word' id='word_1_137' title='bbox 1357 1073 1557 1115; x_wconf 83' lang='lat' dir='ltr'><strong>meritis?</strong></span> 
     </span>
     <span class='ocr_line' id='line_1_16' title="bbox 128 1143 1554 1204; baseline -0.005 -11"><span class='ocrx_word' id='word_1_138' title='bbox 128 1147 257 1193; x_wconf 88' lang='lat' dir='ltr'><strong>Multi</strong></span> <span class='ocrx_word' id='word_1_139' title='bbox 292 1147 359 1190; x_wconf 93' lang='lat' dir='ltr'><strong>hic</strong></span> <span class='ocrx_word' id='word_1_140' title='bbox 391 1146 497 1190; x_wconf 90' lang='lat' dir='ltr'><strong>bene</strong></span> <span class='ocrx_word' id='word_1_141' title='bbox 530 1159 662 1204; x_wconf 82' lang='lat' dir='ltr'><strong>agunt</strong></span> <span class='ocrx_word' id='word_1_142' title='bbox 695 1159 734 1189; x_wconf 90' lang='lat' dir='ltr'><strong>et</strong></span> <span class='ocrx_word' id='word_1_143' title='bbox 779 1147 820 1188; x_wconf 91' lang='lat' dir='ltr'><strong>in</strong></span> <span class='ocrx_word' id='word_1_144' title='bbox 854 1145 1020 1188; x_wconf 92' lang='lat' dir='ltr'><strong>honore</strong></span> <span class='ocrx_word' id='word_1_145' title='bbox 1064 1144 1241 1202; x_wconf 79' lang='lat' dir='ltr'><strong>degunt,</strong></span> <span class='ocrx_word' id='word_1_146' title='bbox 1276 1144 1374 1187; x_wconf 87' lang='lat' dir='ltr'><strong>licet</strong></span> <span class='ocrx_word' id='word_1_147' title='bbox 1421 1143 1554 1197; x_wconf 86' lang='lat' dir='ltr'><strong>mali,</strong></span> 
     </span>
     <span class='ocr_line' id='line_1_17' title="bbox 129 1215 1553 1276; baseline -0.004 -13"><span class='ocrx_word' id='word_1_148' title='bbox 129 1220 198 1264; x_wconf 82' lang='lat' dir='ltr'><strong>alii</strong></span> <span class='ocrx_word' id='word_1_149' title='bbox 231 1234 334 1263; x_wconf 88' lang='lat' dir='ltr'><strong>vero</strong></span> <span class='ocrx_word' id='word_1_150' title='bbox 367 1218 629 1276; x_wconf 83' lang='lat' dir='ltr'><strong>affliguntur,</strong></span> <span class='ocrx_word' id='word_1_151' title='bbox 662 1218 757 1261; x_wconf 87' lang='lat' dir='ltr'><strong>licet</strong></span> <span class='ocrx_word' id='word_1_152' title='bbox 790 1218 889 1259; x_wconf 89' lang='lat' dir='ltr'><strong>iusti</strong></span> <span class='ocrx_word' id='word_1_153' title='bbox 923 1218 1080 1259; x_wconf 71' lang='lat' dir='ltr'><strong>vivant,</strong></span> <span class='ocrx_word' id='word_1_154' title='bbox 1132 1217 1177 1259; x_wconf 88' lang='lat' dir='ltr'><strong>Si</strong></span> <span class='ocrx_word' id='word_1_155' title='bbox 1221 1232 1324 1273; x_wconf 79' lang='lat' dir='ltr'><strong>ergo</strong></span> <span class='ocrx_word' id='word_1_156' title='bbox 1375 1215 1553 1272; x_wconf 89' lang='lat' dir='ltr'><strong>posthac</strong></span> 
     </span>
     <span class='ocr_line' id='line_1_18' title="bbox 129 1288 1557 1348; baseline -0.004 -13"><span class='ocrx_word' id='word_1_157' title='bbox 129 1290 234 1335; x_wconf 89' lang='lat' dir='ltr'><strong>nihil</strong></span> <span class='ocrx_word' id='word_1_158' title='bbox 267 1303 345 1346; x_wconf 76' lang='lat' dir='ltr'><strong>est,</strong></span> <span class='ocrx_word' id='word_1_159' title='bbox 381 1289 654 1348; x_wconf 82' lang='lat' dir='ltr'><strong>emigrabunt</strong></span> <span class='ocrx_word' id='word_1_160' title='bbox 687 1290 787 1332; x_wconf 88' lang='lat' dir='ltr'><strong>iusti</strong></span> <span class='ocrx_word' id='word_1_161' title='bbox 822 1288 957 1332; x_wconf 87' lang='lat' dir='ltr'><strong>affecti</strong></span> <span class='ocrx_word' id='word_1_162' title='bbox 992 1288 1162 1341; x_wconf 83' lang='lat' dir='ltr'><strong>iniuria,</strong></span> <span class='ocrx_word' id='word_1_163' title='bbox 1203 1300 1244 1331; x_wconf 87' lang='lat' dir='ltr'><strong>et</strong></span> <span class='ocrx_word' id='word_1_164' title='bbox 1292 1288 1437 1330; x_wconf 89' lang='lat' dir='ltr'><strong>iniusti</strong></span> <span class='ocrx_word' id='word_1_165' title='bbox 1473 1288 1557 1329; x_wconf 88' lang='lat' dir='ltr'><strong>im-</strong></span> 
     </span>
     <span class='ocr_line' id='line_1_19' title="bbox 129 1359 1556 1420; baseline -0.004 -14"><span class='ocrx_word' id='word_1_166' title='bbox 129 1363 279 1406; x_wconf 85' lang='lat' dir='ltr'><strong>merita</strong></span> <span class='ocrx_word' id='word_1_167' title='bbox 312 1362 510 1405; x_wconf 82' lang='lat' dir='ltr'><strong>felicitate</strong></span> <span class='ocrx_word' id='word_1_168' title='bbox 534 1361 677 1420; x_wconf 87' lang='lat' dir='ltr'><strong>potiti.</strong></span> <span class='ocrx_word' id='word_1_169' title='bbox 701 1360 784 1404; x_wconf 85' lang='lat' dir='ltr'><strong>Ubi</strong></span> <span class='ocrx_word' id='word_1_170' title='bbox 808 1359 996 1403; x_wconf 86' lang='lat' dir='ltr'><strong>manebit</strong></span> <span class='ocrx_word' id='word_1_171' title='bbox 1020 1375 1124 1416; x_wconf 80' lang='lat' dir='ltr'><strong>ergo</strong></span> <span class='ocrx_word' id='word_1_172' title='bbox 1149 1360 1344 1402; x_wconf 80' lang='lat' dir='ltr'><strong>iustitia?</strong></span> <span class='ocrx_word' id='word_1_173' title='bbox 1371 1360 1414 1402; x_wconf 82' lang='lat' dir='ltr'><strong>Si</strong></span> <span class='ocrx_word' id='word_1_174' title='bbox 1439 1360 1556 1402; x_wconf 86' lang='lat' dir='ltr'><strong>enim</strong></span> 
     </span>
     <span class='ocr_line' id='line_1_20' title="bbox 129 1431 1553 1491; baseline -0.003 -13"><span class='ocrx_word' id='word_1_175' title='bbox 129 1449 260 1478; x_wconf 89' lang='lat' dir='ltr'><strong>nemo</strong></span> <span class='ocrx_word' id='word_1_176' title='bbox 294 1449 400 1491; x_wconf 81' lang='lat' dir='ltr'><strong>quae</strong></span> <span class='ocrx_word' id='word_1_177' title='bbox 433 1434 611 1477; x_wconf 87' lang='lat' dir='ltr'><strong>meritus</strong></span> <span class='ocrx_word' id='word_1_178' title='bbox 647 1446 708 1475; x_wconf 86' lang='grc' dir='ltr'><strong>θεῖ</strong></span> <span class='ocrx_word' id='word_1_179' title='bbox 742 1433 934 1490; x_wconf 85' lang='lat' dir='ltr'><strong>accipiat,</strong></span> <span class='ocrx_word' id='word_1_180' title='bbox 971 1447 1109 1488; x_wconf 89' lang='lat' dir='ltr'><strong>neque</strong></span> <span class='ocrx_word' id='word_1_181' title='bbox 1145 1432 1263 1473; x_wconf 88' lang='lat' dir='ltr'><strong>Deus</strong></span> <span class='ocrx_word' id='word_1_182' title='bbox 1314 1431 1553 1474; x_wconf 86' lang='lat' dir='ltr'><strong>secundum</strong></span> 
     </span>
     <span class='ocr_line' id='line_1_21' title="bbox 129 1503 1556 1560; baseline -0.002 -11"><span class='ocrx_word' id='word_1_183' title='bbox 129 1521 176 1549; x_wconf 90' lang='lat' dir='ltr'><strong>se</strong></span> <span class='ocrx_word' id='word_1_184' title='bbox 207 1506 344 1548; x_wconf 88' lang='lat' dir='ltr'><strong>iustus</strong></span> <span class='ocrx_word' id='word_1_185' title='bbox 378 1517 467 1548; x_wconf 89' lang='lat' dir='ltr'><strong>est:</strong></span> <span class='ocrx_word' id='word_1_186' title='bbox 504 1507 538 1547; x_wconf 91' lang='lat' dir='ltr'><strong>si</strong></span> <span class='ocrx_word' id='word_1_187' title='bbox 572 1517 713 1547; x_wconf 84' lang='lat' dir='ltr'><strong>autem</strong></span> <span class='ocrx_word' id='word_1_188' title='bbox 748 1505 867 1546; x_wconf 87' lang='lat' dir='ltr'><strong>Deus</strong></span> <span class='ocrx_word' id='word_1_189' title='bbox 901 1518 988 1545; x_wconf 89' lang='lat' dir='ltr'><strong>non</strong></span> <span class='ocrx_word' id='word_1_190' title='bbox 1014 1515 1075 1546; x_wconf 91' lang='grc' dir='ltr'><strong>θεῖ</strong></span> <span class='ocrx_word' id='word_1_191' title='bbox 1099 1503 1249 1559; x_wconf 77' lang='lat' dir='ltr'><strong>iustus,</strong></span> <span class='ocrx_word' id='word_1_192' title='bbox 1275 1518 1413 1560; x_wconf 90' lang='lat' dir='ltr'><strong>neque</strong></span> <span class='ocrx_word' id='word_1_193' title='bbox 1437 1503 1556 1546; x_wconf 87' lang='lat' dir='ltr'><strong>Deus</strong></span> 
     </span>
     <span class='ocr_line' id='line_1_22' title="bbox 130 1575 1556 1635; baseline -0.002 -14"><span class='ocrx_word' id='word_1_194' title='bbox 130 1589 193 1622; x_wconf 88' lang='lat' dir='ltr'><strong>est</strong></span> <span class='ocrx_word' id='word_1_195' title='bbox 279 1579 410 1635; x_wconf 87' lang='lat' dir='ltr'><strong>Atqui</strong></span> <span class='ocrx_word' id='word_1_196' title='bbox 430 1578 575 1620; x_wconf 87' lang='lat' dir='ltr'><strong>Deum</strong></span> <span class='ocrx_word' id='word_1_197' title='bbox 600 1592 691 1620; x_wconf 85' lang='lat' dir='ltr'><strong>esse</strong></span> <span class='ocrx_word' id='word_1_198' title='bbox 716 1589 929 1618; x_wconf 71' lang='lat' dir='ltr'><strong>creaturae</strong></span> <span class='ocrx_word' id='word_1_199' title='bbox 949 1575 1174 1617; x_wconf 79' lang='lat' dir='ltr'><strong>clamitant:</strong></span> <span class='ocrx_word' id='word_1_200' title='bbox 1197 1576 1327 1631; x_wconf 80' lang='lat' dir='ltr'><strong>igitur</strong></span> <span class='ocrx_word' id='word_1_201' title='bbox 1352 1587 1392 1617; x_wconf 91' lang='lat' dir='ltr'><strong>et</strong></span> <span class='ocrx_word' id='word_1_202' title='bbox 1416 1575 1556 1618; x_wconf 90' lang='lat' dir='ltr'><strong>iustus</strong></span> 
     </span>
     <span class='ocr_line' id='line_1_23' title="bbox 130 1645 1554 1703; baseline -0.004 -10"><span class='ocrx_word' id='word_1_203' title='bbox 130 1661 206 1694; x_wconf 90' lang='lat' dir='ltr'><strong>est.</strong></span> <span class='ocrx_word' id='word_1_204' title='bbox 242 1647 378 1701; x_wconf 85' lang='lat' dir='ltr'><strong>Quod</strong></span> <span class='ocrx_word' id='word_1_205' title='bbox 411 1649 445 1691; x_wconf 90' lang='lat' dir='ltr'><strong>si</strong></span> <span class='ocrx_word' id='word_1_206' title='bbox 480 1649 617 1691; x_wconf 84' lang='lat' dir='ltr'><strong>iustus</strong></span> <span class='ocrx_word' id='word_1_207' title='bbox 652 1660 733 1700; x_wconf 86' lang='grc' dir='ltr'>θεῖ,</span> <span class='ocrx_word' id='word_1_208' title='bbox 769 1646 913 1690; x_wconf 85' lang='lat' dir='ltr'><strong>tribuit</strong></span> <span class='ocrx_word' id='word_1_209' title='bbox 946 1647 1175 1703; x_wconf 90' lang='lat' dir='ltr'><strong>unicuique</strong></span> <span class='ocrx_word' id='word_1_210' title='bbox 1209 1645 1327 1703; x_wconf 85' lang='lat' dir='ltr'><strong>quod</strong></span> <span class='ocrx_word' id='word_1_211' title='bbox 1360 1646 1554 1698; x_wconf 83' lang='lat' dir='ltr'><strong>iustum3</strong></span> 
     </span>
     <span class='ocr_line' id='line_1_24' title="bbox 130 1718 1559 1778; baseline -0.005 -12"><span class='ocrx_word' id='word_1_212' title='bbox 130 1722 166 1766; x_wconf 92' lang='lat' dir='ltr'><strong>si</strong></span> <span class='ocrx_word' id='word_1_213' title='bbox 197 1720 428 1778; x_wconf 90' lang='lat' dir='ltr'><strong>unicuique</strong></span> <span class='ocrx_word' id='word_1_214' title='bbox 463 1719 581 1778; x_wconf 89' lang='lat' dir='ltr'><strong>quod</strong></span> <span class='ocrx_word' id='word_1_215' title='bbox 615 1720 777 1763; x_wconf 87' lang='lat' dir='ltr'><strong>iustum</strong></span> <span class='ocrx_word' id='word_1_216' title='bbox 812 1731 874 1761; x_wconf 87' lang='grc' dir='ltr'>θεῖ</span> <span class='ocrx_word' id='word_1_217' title='bbox 917 1718 1093 1770; x_wconf 84' lang='lat' dir='ltr'><strong>tribuit,</strong></span> <span class='ocrx_word' id='word_1_218' title='bbox 1128 1733 1300 1760; x_wconf 86' lang='lat' dir='ltr'><strong>necesse</strong></span> <span class='ocrx_word' id='word_1_219' title='bbox 1349 1730 1415 1760; x_wconf 91' lang='grc' dir='ltr'>θεῖ</span> <span class='ocrx_word' id='word_1_220' title='bbox 1460 1729 1559 1775; x_wconf 90' lang='lat' dir='ltr'><strong>post</strong></span> 
     </span>
     <span class='ocr_line' id='line_1_25' title="bbox 130 1788 1559 1848; baseline -0.004 -11"><span class='ocrx_word' id='word_1_221' title='bbox 130 1792 236 1836; x_wconf 88' lang='lat' dir='ltr'><strong>hanc</strong></span> <span class='ocrx_word' id='word_1_222' title='bbox 268 1794 399 1837; x_wconf 83' lang='lat' dir='ltr'><strong>vitam</strong></span> <span class='ocrx_word' id='word_1_223' title='bbox 434 1807 526 1834; x_wconf 89' lang='lat' dir='ltr'><strong>esse</strong></span> <span class='ocrx_word' id='word_1_224' title='bbox 559 1804 758 1848; x_wconf 81' lang='lat' dir='ltr'><strong>tempus,</strong></span> <span class='ocrx_word' id='word_1_225' title='bbox 809 1791 851 1832; x_wconf 88' lang='lat' dir='ltr'><strong>in</strong></span> <span class='ocrx_word' id='word_1_226' title='bbox 895 1805 981 1846; x_wconf 89' lang='lat' dir='ltr'><strong>quo</strong></span> <span class='ocrx_word' id='word_1_227' title='bbox 1037 1788 1195 1845; x_wconf 77' lang='lat' dir='ltr'><strong>singuli</strong></span> <span class='ocrx_word' id='word_1_228' title='bbox 1245 1790 1360 1830; x_wconf 80' lang='lat' dir='ltr'><strong>iuxta</strong></span> <span class='ocrx_word' id='word_1_229' title='bbox 1409 1789 1559 1831; x_wconf 83' lang='lat' dir='ltr'><strong>merita</strong></span> 
     </span>
     <span class='ocr_line' id='line_1_26' title="bbox 129 1865 392 1922; baseline -0.019 -14"><span class='ocrx_word' id='word_1_230' title='bbox 129 1865 353 1922; x_wconf 83' lang='lat' dir='ltr'><strong>accipiant.</strong></span> <span class='ocrx_word' id='word_1_231' title='bbox 373 1881 392 1903; x_wconf 84' lang='lat'>»</span> 
     </span>
    </p>
   </div>
   <div class='ocr_carea' id='block_1_2' title="bbox 131 2029 1560 2606">
    <p class='ocr_par' dir='ltr' id='par_1_3' title="bbox 131 2029 1560 2606">
     <span class='ocr_line' id='line_1_27' title="bbox 227 2029 1555 2079; baseline -0.005 -10"><span class='ocrx_word' id='word_1_232' title='bbox 227 2035 285 2079; x_wconf 85' lang='lat'><strong>(1)</strong></span> <span class='ocrx_word' id='word_1_233' title='bbox 312 2035 424 2069; x_wconf 87' lang='lat' dir='ltr'><strong>Serm.</strong></span> <span class='ocrx_word' id='word_1_234' title='bbox 453 2033 496 2068; x_wconf 86' lang='lat' dir='ltr'><strong>de</strong></span> <span class='ocrx_word' id='word_1_235' title='bbox 522 2032 668 2067; x_wconf 75' lang='lat' dir='ltr'><strong>Provid.</strong></span> <span class='ocrx_word' id='word_1_236' title='bbox 698 2033 785 2065; x_wconf 71' lang='lat' dir='ltr'><strong>Item</strong></span> <span class='ocrx_word' id='word_1_237' title='bbox 817 2033 902 2066; x_wconf 65' lang='lat' dir='ltr'><strong>Ant.</strong></span> <span class='ocrx_word' id='word_1_238' title='bbox 933 2032 1103 2072; x_wconf 83' lang='lat' dir='ltr'><strong>Muretus,</strong></span> <span class='ocrx_word' id='word_1_239' title='bbox 1131 2029 1267 2063; x_wconf 80' lang='lat' dir='ltr'><strong>volum.</strong></span> <span class='ocrx_word' id='word_1_240' title='bbox 1289 2030 1333 2063; x_wconf 87' lang='lat'><strong>11.</strong></span> <span class='ocrx_word' id='word_1_241' title='bbox 1362 2037 1452 2062; x_wconf 81' lang='lat' dir='ltr'><strong>orat.</strong></span> <span class='ocrx_word' id='word_1_242' title='bbox 1481 2029 1555 2062; x_wconf 74' lang='lat' dir='ltr'><strong>HL:</strong></span> 
     </span>
     <span class='ocr_line' id='line_1_28' title="bbox 134 2088 1554 2137; baseline -0.004 -10"><span class='ocrx_word' id='word_1_243' title='bbox 134 2092 260 2128; x_wconf 81' lang='lat' dir='ltr'><strong>«Cum</strong></span> <span class='ocrx_word' id='word_1_244' title='bbox 289 2092 422 2127; x_wconf 84' lang='lat' dir='ltr'><strong>multos</strong></span> <span class='ocrx_word' id='word_1_245' title='bbox 451 2092 662 2137; x_wconf 72' lang='lat' dir='ltr'><strong>plerumque</strong></span> <span class='ocrx_word' id='word_1_246' title='bbox 691 2091 878 2125; x_wconf 73' lang='lat' dir='ltr'><strong>videamus</strong></span> <span class='ocrx_word' id='word_1_247' title='bbox 917 2090 1084 2123; x_wconf 76' lang='lat' dir='ltr'><strong>homines</strong></span> <span class='ocrx_word' id='word_1_248' title='bbox 1112 2089 1272 2134; x_wconf 87' lang='lat' dir='ltr'><strong>optimos</strong></span> <span class='ocrx_word' id='word_1_249' title='bbox 1299 2097 1334 2123; x_wconf 88' lang='lat' dir='ltr'><strong>et</strong></span> <span class='ocrx_word' id='word_1_250' title='bbox 1374 2088 1554 2122; x_wconf 90' lang='lat' dir='ltr'><strong>innocen-</strong></span> 
     </span>
     <span class='ocr_line' id='line_1_29' title="bbox 131 2147 1560 2199; baseline -0.005 -12"><span class='ocrx_word' id='word_1_251' title='bbox 131 2153 301 2196; x_wconf 86' lang='lat' dir='ltr'><strong>tissimos,</strong></span> <span class='ocrx_word' id='word_1_252' title='bbox 331 2162 506 2199; x_wconf 84' lang='lat' dir='ltr'><strong>quantum</strong></span> <span class='ocrx_word' id='word_1_253' title='bbox 533 2151 676 2198; x_wconf 79' lang='lat' dir='ltr'><strong>quidem</strong></span> <span class='ocrx_word' id='word_1_254' title='bbox 718 2151 877 2184; x_wconf 86' lang='lat' dir='ltr'><strong>hominis</strong></span> <span class='ocrx_word' id='word_1_255' title='bbox 916 2158 1042 2183; x_wconf 78' lang='lat' dir='ltr'><strong>natura</strong></span> <span class='ocrx_word' id='word_1_256' title='bbox 1071 2148 1148 2190; x_wconf 81' lang='lat' dir='ltr'><strong>fert,</strong></span> <span class='ocrx_word' id='word_1_257' title='bbox 1176 2149 1213 2181; x_wconf 84' lang='lat' dir='ltr'><strong>in</strong></span> <span class='ocrx_word' id='word_1_258' title='bbox 1253 2147 1319 2181; x_wconf 82' lang='lat' dir='ltr'><strong>hac</strong></span> <span class='ocrx_word' id='word_1_259' title='bbox 1347 2147 1418 2181; x_wconf 83' lang='lat' dir='ltr'><strong>vita</strong></span> <span class='ocrx_word' id='word_1_260' title='bbox 1454 2158 1560 2181; x_wconf 86' lang='lat' dir='ltr'><strong>num-</strong></span> 
     </span>
     <span class='ocr_line' id='line_1_30' title="bbox 131 2206 1557 2260; baseline -0.006 -12"><span class='ocrx_word' id='word_1_261' title='bbox 131 2225 239 2260; x_wconf 88' lang='lat' dir='ltr'><strong>quam</strong></span> <span class='ocrx_word' id='word_1_262' title='bbox 265 2213 543 2259; x_wconf 80' lang='lat' dir='ltr'><strong>interquiescere</strong></span> <span class='ocrx_word' id='word_1_263' title='bbox 572 2223 612 2245; x_wconf 83' lang='lat' dir='ltr'><strong>ac</strong></span> <span class='ocrx_word' id='word_1_264' title='bbox 641 2211 810 2256; x_wconf 75' lang='lat' dir='ltr'><strong>respirare</strong></span> <span class='ocrx_word' id='word_1_265' title='bbox 837 2221 855 2243; x_wconf 83' lang='lat' dir='ltr'><strong>a</strong></span> <span class='ocrx_word' id='word_1_266' title='bbox 884 2209 1073 2250; x_wconf 76' lang='lat' dir='ltr'><strong>molestiis,</strong></span> <span class='ocrx_word' id='word_1_267' title='bbox 1103 2208 1163 2242; x_wconf 85' lang='lat' dir='ltr'><strong>sed</strong></span> <span class='ocrx_word' id='word_1_268' title='bbox 1193 2216 1365 2253; x_wconf 63' lang='lat' dir='ltr'><strong>perpetua</strong></span> <span class='ocrx_word' id='word_1_269' title='bbox 1404 2206 1557 2252; x_wconf 83' lang='lat' dir='ltr'><strong>quadam</strong></span> 
     </span>
     <span class='ocr_line' id='line_1_31' title="bbox 131 2265 1557 2316; baseline -0.006 -10"><span class='ocrx_word' id='word_1_270' title='bbox 131 2271 379 2306; x_wconf 81' lang='lat' dir='ltr'><strong>calamitatum</strong></span> <span class='ocrx_word' id='word_1_271' title='bbox 408 2272 496 2306; x_wconf 83' lang='lat' dir='ltr'><strong>serie</strong></span> <span class='ocrx_word' id='word_1_272' title='bbox 523 2281 634 2316; x_wconf 86' lang='lat' dir='ltr'><strong>usque</strong></span> <span class='ocrx_word' id='word_1_273' title='bbox 673 2269 715 2303; x_wconf 82' lang='lat' dir='ltr'><strong>ad</strong></span> <span class='ocrx_word' id='word_1_274' title='bbox 744 2277 943 2303; x_wconf 71' lang='lat' dir='ltr'><strong>extremum</strong></span> <span class='ocrx_word' id='word_1_275' title='bbox 984 2268 1147 2313; x_wconf 84' lang='lat' dir='ltr'><strong>spiritum</strong></span> <span class='ocrx_word' id='word_1_276' title='bbox 1182 2267 1308 2311; x_wconf 83' lang='lat' dir='ltr'><strong>premi:</strong></span> <span class='ocrx_word' id='word_1_277' title='bbox 1353 2265 1557 2310; x_wconf 86' lang='lat' dir='ltr'><strong>cogitemus</strong></span> 
     </span>
     <span class='ocr_line' id='line_1_32' title="bbox 132 2324 1557 2377; baseline -0.007 -11"><span class='ocrx_word' id='word_1_278' title='bbox 132 2341 279 2366; x_wconf 88' lang='lat' dir='ltr'><strong>necesse</strong></span> <span class='ocrx_word' id='word_1_279' title='bbox 305 2340 370 2374; x_wconf 82' lang='lat' dir='ltr'><strong>est,</strong></span> <span class='ocrx_word' id='word_1_280' title='bbox 399 2341 468 2372; x_wconf 83' lang='lat' dir='ltr'><strong>aut,</strong></span> <span class='ocrx_word' id='word_1_281' title='bbox 498 2330 594 2377; x_wconf 84' lang='lat' dir='ltr'><strong>quod</strong></span> <span class='ocrx_word' id='word_1_282' title='bbox 621 2338 744 2363; x_wconf 77' lang='lat' dir='ltr'><strong>natura</strong></span> <span class='ocrx_word' id='word_1_283' title='bbox 774 2329 848 2374; x_wconf 80' lang='lat' dir='ltr'><strong>ipsa</strong></span> <span class='ocrx_word' id='word_1_284' title='bbox 876 2328 1045 2361; x_wconf 82' lang='lat' dir='ltr'><strong>abhorret</strong></span> <span class='ocrx_word' id='word_1_285' title='bbox 1073 2338 1111 2360; x_wconf 81' lang='lat' dir='ltr'><strong>ac</strong></span> <span class='ocrx_word' id='word_1_286' title='bbox 1141 2325 1285 2368; x_wconf 70' lang='lat' dir='ltr'><strong>refugit,</strong></span> <span class='ocrx_word' id='word_1_287' title='bbox 1314 2325 1433 2358; x_wconf 74' lang='lat' dir='ltr'><strong>Deum</strong></span> <span class='ocrx_word' id='word_1_288' title='bbox 1461 2324 1557 2357; x_wconf 89' lang='lat' dir='ltr'><strong>iniu-</strong></span> 
     </span>
     <span class='ocr_line' id='line_1_33' title="bbox 131 2383 1559 2436; baseline -0.006 -12"><span class='ocrx_word' id='word_1_289' title='bbox 131 2398 228 2425; x_wconf 84' lang='lat' dir='ltr'><strong>stum</strong></span> <span class='ocrx_word' id='word_1_290' title='bbox 257 2401 345 2433; x_wconf 78' lang='lat' dir='ltr'><strong>csse,</strong></span> <span class='ocrx_word' id='word_1_291' title='bbox 373 2399 431 2425; x_wconf 79' lang='lat' dir='ltr'><strong>aut</strong></span> <span class='ocrx_word' id='word_1_292' title='bbox 459 2399 539 2436; x_wconf 85' lang='lat' dir='ltr'><strong>post</strong></span> <span class='ocrx_word' id='word_1_293' title='bbox 567 2389 658 2423; x_wconf 79' lang='lat' dir='ltr'><strong>hanc</strong></span> <span class='ocrx_word' id='word_1_294' title='bbox 686 2388 795 2422; x_wconf 67' lang='lat' dir='ltr'><strong>vitain</strong></span> <span class='ocrx_word' id='word_1_295' title='bbox 824 2398 884 2420; x_wconf 84' lang='lat' dir='ltr'><strong>sua</strong></span> <span class='ocrx_word' id='word_1_296' title='bbox 914 2397 989 2420; x_wconf 76' lang='lat' dir='ltr'><strong>csse</strong></span> <span class='ocrx_word' id='word_1_297' title='bbox 1017 2385 1209 2419; x_wconf 89' lang='lat' dir='ltr'><strong>hominum</strong></span> <span class='ocrx_word' id='word_1_298' title='bbox 1238 2383 1359 2430; x_wconf 77' lang='lat' dir='ltr'><strong>generi</strong></span> <span class='ocrx_word' id='word_1_299' title='bbox 1389 2383 1559 2428; x_wconf 79' lang='lat' dir='ltr'><strong>praemia,</strong></span> 
     </span>
     <span class='ocr_line' id='line_1_34' title="bbox 132 2441 1557 2495; baseline -0.006 -12"><span class='ocrx_word' id='word_1_300' title='bbox 132 2460 198 2495; x_wconf 90' lang='lat' dir='ltr'><strong>pro</strong></span> <span class='ocrx_word' id='word_1_301' title='bbox 224 2450 297 2483; x_wconf 86' lang='lat' dir='ltr'><strong>suis</strong></span> <span class='ocrx_word' id='word_1_302' title='bbox 326 2447 454 2494; x_wconf 85' lang='lat' dir='ltr'><strong>cuique</strong></span> <span class='ocrx_word' id='word_1_303' title='bbox 481 2447 684 2481; x_wconf 81' lang='lat' dir='ltr'><strong>actionibus</strong></span> <span class='ocrx_word' id='word_1_304' title='bbox 725 2445 894 2479; x_wconf 71' lang='lat' dir='ltr'><strong>dix-initus</strong></span> <span class='ocrx_word' id='word_1_305' title='bbox 932 2444 1139 2478; x_wconf 81' lang='lat' dir='ltr'><strong>constituta.</strong></span> <span class='ocrx_word' id='word_1_306' title='bbox 1166 2444 1202 2477; x_wconf 86' lang='lat' dir='ltr'><strong>Si</strong></span> <span class='ocrx_word' id='word_1_307' title='bbox 1233 2454 1311 2487; x_wconf 84' lang='lat' dir='ltr'><strong>spes</strong></span> <span class='ocrx_word' id='word_1_308' title='bbox 1350 2450 1481 2482; x_wconf 87' lang='lat' dir='ltr'><strong>nostra,</strong></span> <span class='ocrx_word' id='word_1_309' title='bbox 1509 2441 1557 2474; x_wconf 82' lang='lat' dir='ltr'><strong>ait</strong></span> 
     </span>
     <span class='ocr_line' id='line_1_35' title="bbox 132 2501 1557 2553; baseline -0.007 -10"><span class='ocrx_word' id='word_1_310' title='bbox 132 2507 278 2551; x_wconf 88' lang='lat' dir='ltr'><strong>Paulus,</strong></span> <span class='ocrx_word' id='word_1_311' title='bbox 307 2508 447 2549; x_wconf 77' lang='lat' dir='ltr'><strong>iisdem,</strong></span> <span class='ocrx_word' id='word_1_312' title='bbox 479 2507 605 2553; x_wconf 82' lang='lat' dir='ltr'><strong>quihus</strong></span> <span class='ocrx_word' id='word_1_313' title='bbox 632 2507 719 2540; x_wconf 73' lang='lat' dir='ltr'><strong>hacc</strong></span> <span class='ocrx_word' id='word_1_314' title='bbox 748 2505 829 2544; x_wconf 70' lang='lat' dir='ltr'><strong>vita,</strong></span> <span class='ocrx_word' id='word_1_315' title='bbox 857 2504 1022 2538; x_wconf 71' lang='lat' dir='ltr'><strong>terminis</strong></span> <span class='ocrx_word' id='word_1_316' title='bbox 1050 2514 1089 2536; x_wconf 85' lang='lat' dir='ltr'><strong>ac</strong></span> <span class='ocrx_word' id='word_1_317' title='bbox 1118 2502 1247 2536; x_wconf 82' lang='lat' dir='ltr'><strong>linibus</strong></span> <span class='ocrx_word' id='word_1_318' title='bbox 1289 2501 1557 2545; x_wconf 79' lang='lat' dir='ltr'><strong>circumscripta</strong></span> 
     </span>
     <span class='ocr_line' id='line_1_36' title="bbox 132 2564 947 2606; baseline -0.005 -6"><span class='ocrx_word' id='word_1_319' title='bbox 132 2575 329 2606; x_wconf 74' lang='lat' dir='ltr'><strong>teneretur,</strong></span> <span class='ocrx_word' id='word_1_320' title='bbox 359 2567 446 2601; x_wconf 83' lang='lat' dir='ltr'><strong>nihil</strong></span> <span class='ocrx_word' id='word_1_321' title='bbox 475 2567 580 2601; x_wconf 84' lang='lat' dir='ltr'><strong>nobis</strong></span> <span class='ocrx_word' id='word_1_322' title='bbox 611 2566 786 2599; x_wconf 66' lang='lat' dir='ltr'><strong>infelicius</strong></span> <span class='ocrx_word' id='word_1_323' title='bbox 813 2564 911 2598; x_wconf 69' lang='lat' dir='ltr'><strong>soret.</strong></span> <span class='ocrx_word' id='word_1_324' title='bbox 933 2579 947 2593; x_wconf 80' lang='lat'>»</span> 
     </span>
    </p>
   </div>
  </div>
 </body>
</html>
