1734 2784
357 183 566 229 multiplex:
598 203 640 210 -
670 185 950 230 supernaturalis
977 194 1009 220 et
1037 187 1208 221 naturalis
1249 207 1292 213 —
1333 187 1470 224 infusus

357 251 389 276 ct
418 242 621 286 acquisitus.
650 262 693 268 —
725 243 921 290 Loquimur
945 244 990 278 de
1019 246 1240 280 naturalibus
1260 256 1294 280 et
1314 248 1466 294 acquisi-

353 302 396 335 tis
423 321 465 326 —
494 302 702 347 pracsertim
729 303 771 337 de
800 303 1006 338 moralibus.
1035 323 1078 330 -—-
1106 305 1258 339 Habitus
1277 317 1350 341 non
1369 306 1467 342 tollit

355 360 598 394 voluntarium
627 370 660 395 et
686 361 837 395 liberum
866 362 901 395 in
930 362 1014 404 illis,
1045 374 1134 408 quae
1161 375 1203 397 ex
1230 375 1273 397 eo
1300 364 1402 399 fiunt:
1423 385 1469 391 —

354 429 472 452 utrum
501 429 534 454 et
561 420 704 466 quando
745 421 882 456 minuat
920 420 1083 456 liberum.
1109 442 1154 448 —
1182 434 1214 457 2.
1246 425 1299 458 De
1334 424 1467 470 duplici

353 487 497 511 actuum
524 478 768 513 humanorum
796 480 1096 515 consideratione:
1119 501 1162 507 -
1191 482 1223 516 in
1251 494 1382 529 genere
1402 495 1466 518 na·

354 546 452 570 turae
471 549 532 572 seu
550 538 746 572 secundum
767 550 843 573 esse
862 539 1049 584 physicum
1069 560 1112 566 —-
1134 541 1167 575 in
1194 553 1325 587 genere
1353 544 1462 578 moris

353 608 420 630 scu
451 597 648 630 secundum
679 609 755 631 esse
778 599 933 633 r'morale
938 627 1229 635 ......
1280 630 1289 644 ,
1341 630 1348 637 .
1375 631 1407 647 ι.
1460 630 1466 636 .
1524 601 1584 636 161

167 680 372 722 CAPUT
407 680 481 722 ΙΙΙ.
515 706 574 712 —
607 683 678 725 De
700 683 983 726 moralitate
1004 686 1205 728 actuum
1227 685 1463 730 humano·

342 761 1583 814 rum..............165

262 844 314 878 57.
342 836 611 880 Argumentum
630 835 736 870 huius
755 837 894 882 capitis:
916 837 959 871 de
980 837 1124 872 formali
1146 838 1292 873 Ethicae
1312 840 1466 875 obiecto.
1535 843 1583 877 ib.

262 893 311 935 58.
342 894 438 936 Quid
467 895 511 928 sit
536 894 676 929 bonitas
704 915 746 920 —
776 895 857 941 quid
885 896 1021 931 malitia
1049 897 1209 932 moralis.
1282 926 1288 932 .
1340 927 1347 933 .
1399 927 1406 934 .
1460 928 1465 934 .
1534 902 1579 935 ib.

262 963 311 998 59.
339 954 395 987 An
422 954 550 988 tradita
589 955 803 989 moralitatis
842 957 943 990 notio
982 957 1026 991 sit
1066 957 1247 1002 completa
1282 978 1319 983 -—-
1346 970 1390 992 an
1419 960 1462 994 sit

352 1024 447 1047 vera.
509 1041 1344 1053 ...............
1402 1046 1409 1052 .
1460 1047 1467 1054 .
1538 1021 1590 1055 ibt

258 1069 315 1104 60.
345 1072 591 1113 Quaestiones
617 1071 685 1106 hoc
714 1075 749 1106 in
775 1074 890 1119 capite
918 1075 1198 1119 pertractandae.
1264 1106 1269 1111 .
1333 1105 1341 1112 .
1399 1105 1406 1112 .
1464 1106 1469 1112 .
1537 1079 1582 1112 ib.

162 1142 423 1185 ARTICULUS
458 1144 489 1186 Ι.
525 1170 576 1174 --
613 1145 674 1187 De
717 1146 932 1188 existentia
979 1147 1236 1190 moralitatis.
1301 1183 1309 1192 .
1377 1184 1385 1192 .
1452 1185 1460 1193 .
1504 1152 1581 1205 167

162 1224 340 1268 TheSiS
373 1227 494 1269 XIX.
530 1252 586 1259 —
618 1230 687 1271 An
719 1230 770 1271 sit
805 1229 1027 1273 moralitas.
1075 1265 1084 1273 .
1150 1265 1157 1273 .
1225 1266 1232 1273 .
1300 1267 1308 1274 .
1374 1267 1383 1276 .
1452 1268 1460 1276 .
1525 1233 1580 1277 ib.

257 1306 310 1341 61.
341 1309 572 1344 Declaratio
598 1329 641 1335 —
669 1323 711 1344 ex
737 1312 915 1345 constanti
944 1313 1109 1345 omnium
1138 1325 1318 1348 consensu
1356 1336 1400 1340 —
1421 1327 1462 1349 ex

352 1367 477 1401 intima
505 1368 781 1414 uniuscuiusque
808 1369 1028 1414 experientia
1049 1389 1088 1394 ——
1110 1381 1151 1403 ex
1171 1371 1250 1404 aliis
1277 1373 1463 1416 probatio-

351 1436 437 1458 num
466 1427 641 1471 capitibus
647 1455 1480 1466 ...............
1532 1433 1579 1467 ib.

158 1496 421 1538 Amemus
457 1497 509 1540 H.
545 1523 600 1530 —
634 1500 695 1541 De
728 1500 894 1542 essentia
930 1500 1182 1544 imi-alimus.
1218 1536 1226 1545 .
1293 1538 1300 1546 .
1368 1538 1374 1544 .
1442 1538 1449 1546 .
1493 1517 1579 1559 171

160 1578 339 1621 Thesis
373 1580 473 1622 XX.
507 1606 564 1611 ——
601 1580 717 1635 Quid
756 1583 807 1624 sit
843 1581 1064 1625 moralitas.
1146 1618 1154 1626 .
1229 1617 1238 1626 .
1304 1619 1312 1627 .
1378 1620 1385 1626 .
1450 1620 1459 1629 .
1526 1585 1585 1629 ib.

257 1663 313 1698 62.
344 1665 661 1700 Praenotioness
679 1685 723 1691 —
751 1666 790 1699 In
817 1665 965 1700 homine
983 1666 1113 1712 triplex
1132 1666 1383 1713 distinguenda
1411 1678 1462 1704 est

349 1724 470 1758 classis
498 1724 711 1760 relationum
740 1726 968 1760 naturalium.
996 1745 1041 1750 -
1069 1726 1141 1760 Cur
1176 1727 1354 1761 naturales
1394 1728 1460 1762 hae

352 1782 546 1818 relationes
572 1784 641 1818 sint
668 1785 890 1818 necessariae
917 1793 950 1818 et
977 1784 1234 1821 immutabiles.
1256 1806 1299 1811 —
1327 1787 1462 1821 Harum

352 1842 569 1877 relationum
597 1843 812 1889 complexus
841 1844 971 1878 dicitur
997 1844 1086 1879 ordo
1116 1845 1288 1879 naturalis
1314 1857 1376 1880 seu
1401 1857 1462 1880 na-

351 1910 427 1935 tura
454 1902 637 1937 1ati0nalis
642 1931 1460 1940 ...............
1528 1907 1582 1941 ib.

257 1957 311 2001 63.
341 1960 656 1995 Demonstratio.
675 1982 720 1986 -—-
743 1973 771 1996 1.
787 1962 970 1996 Moralitas
989 1963 1054 1996 sita
1073 1971 1125 1996 est
1143 1963 1179 1996 in
1198 1963 1382 1997 actionum
1398 1963 1462 1997 hu-

352 2031 541 2054 manarum
560 2021 773 2055 habitudine
793 2021 835 2054 ad
856 2021 1020 2055 ordinem
1040 2021 1254 2064 naturalem,
1274 2030 1459 2068 tamqnam

351 2079 527 2124 regulam.
553 2100 596 2105 -
622 2081 781 2114 Assertio
820 2081 990 2126 probatur
1023 2093 1067 2115 ex
1093 2089 1271 2126 conceptu
1311 2080 1457 2115 morali-

352 2138 432 2172 tatis
449 2138 579 2173 tradito
595 2138 631 2172 in
649 2139 853 2184 prooemio.
873 2158 915 2164 —-
936 2148 965 2172 2.
982 2139 1027 2174 Ut
1045 2139 1140 2174 actio
1156 2139 1200 2173 sit
1214 2139 1308 2173 bona
1323 2139 1464 2185 simpli-

351 2196 451 2239 citer,
481 2196 585 2231 debet
612 2208 688 2231 esse
722 2197 924 2231 conformis
950 2197 1068 2231 ordini
1106 2198 1257 2232 naturali
1298 2199 1457 2244 complete

350 2264 524 2301 spectato:
555 2276 599 2281 —
627 2256 712 2291 item
740 2256 817 2302 ipsa
844 2257 937 2290 actio
965 2257 1122 2303 complete
1157 2266 1317 2302 spectata
1352 2257 1456 2291 debet

349 2314 501 2348 naturali
529 2315 646 2350 ordini
673 2327 750 2350 esse
777 2316 1010 2350 conveniens.
1031 2336 1072 2340 ——
1102 2317 1157 2350 De
1183 2316 1323 2361 duplici
1348 2315 1465 2350 modo¹

349 2373 599 2407 considerandi
639 2375 818 2408 actionem
853 2393 897 2399 -—
926 2373 1122 2419 praecisive
1159 2385 1221 2408 seu
1261 2372 1462 2408 secundum:

348 2432 584 2466 substantiam
610 2453 652 2459 —-
681 2434 715 2467 in
742 2443 909 2468 concreto
938 2445 998 2468 seu
1029 2433 1228 2468 secundum
1255 2433 1461 2468 accidentia.

352 2508 394 2515 -
412 2490 619 2534 Obie-ctum,
633 2492 723 2535 finis,
740 2493 1028 2527 circumstantiae
1047 2501 1129 2526 sunt
1150 2491 1269 2526 fontes
1286 2503 1348 2526 seu
1365 2491 1461 2537 prin-

351 2549 443 2594 cipia
471 2550 683 2585 moralitatis
687 2576 1455 2586 ..............
1515 2559 1581 2595 173:

1653 428 1657 431 i
1649 127 1653 138 Α
1661 90 1664 91 ¹
1646 9 1660 29 Υ

1700 1164 1706 1172 ·
1686 1135 1689 1141 “
1703 1044 1724 1118 ›.·›'.÷=.
1676 859 1728 1027 *frug-'3335‘-
1685 799 1724 843 ἐρ’)
1693 618 1727 790 ῷὲξςξὲι-’,εε
1659 0 1724 607 ffQqunssffiffl-fim-‘Jssffffl

1703 1746 1721 1791 ΕΠ
1708 1721 1714 1723 ’

1699 1919 1729 1975 ‘3⁴2

1705 2055 1734 2273 ὲ

1710 2351 1731 2385 ,ἒ
