1734 2784
230 200 251 224 «
282 182 458 237 Evertit,
493 182 547 224 ita
579 196 612 225 s,
637 181 932 236 Hieronymus
965 178 1051 237 (1),
1074 179 1244 236 penitus
1269 192 1521 235 perversum

105 254 188 298 hoc
220 253 380 312 dogma
411 252 552 313 (quod
585 268 748 310 poenae
770 250 902 295 finem
934 251 1020 293 sint
1043 249 1281 308 habiturae)
1316 249 1523 292 timorem

103 327 203 379 Dei,
228 325 332 369 dum
364 324 484 369 facile
515 324 714 368 homines
737 322 935 367 labuntur
956 322 1008 366 ad
1031 322 1148 375 vitia,
1174 332 1369 380 putantes
1393 320 1521 363 etiam

103 396 337 451 diabolum,
369 397 442 454 qui
489 408 637 439 auctor
670 407 733 439 est
778 407 820 439 et
853 407 1126 453 peccatorum
1164 394 1363 437 omnium
1410 390 1524 444 fons,

102 481 192 512 acta
223 468 499 527 poenitentia,
531 483 658 526 posse
691 466 855 510 salvari.
878 483 897 507 »
938 467 990 510 Et
1022 465 1149 510 addit:
1190 464 1366 520 «Finge
1399 461 1518 521 quod

101 538 216 584 libet:
249 554 383 582 annos
417 550 457 582 et
490 551 684 595 tempora
717 537 898 595 duplica,
931 550 972 581 et
1004 536 1189 580 infinitas
1223 547 1378 578 aetates
1415 549 1524 577 con-

100 626 202 669 gere
235 609 502 664 cruciatibus;
526 610 560 652 si
592 609 688 654 finis
721 611 921 653 omnium
955 609 1106 651 similis
1140 620 1218 663 est,
1243 606 1521 664 praeteritum

101 698 230 727 omne
263 699 342 741 pro
375 682 510 726 nihilo
543 695 620 739 est3
643 683 740 740 quia
763 697 850 725 non
874 682 1136 740 quaerimus,
1163 678 1266 738 quid
1289 676 1520 736 aliquando

99 754 323 811 fuerimus,
356 754 430 798 sed
464 754 566 812 quid
599 769 769 811 semper
801 753 932 796 futuri
965 768 1130 795 sumus
1154 768 1174 791 ³>
1455 742 1458 745 .

214 827 545 870 ARGUMENTUM
568 826 641 870 III.
663 825 729 868 Ex
747 826 929 883 paritate
953 826 1058 867 inter
1082 822 1384 867 retributionem
1400 833 1521 878 prae-

95 899 271 942 miorum
303 907 339 942 et
371 897 676 941 retributionem
703 906 942 955 poenarum.
976 921 1033 928 —
1070 894 1201 937 Bonis
1236 893 1351 936 enim
1401 906 1520 948 prae-

96 969 196 1024 mia,
231 968 353 1012 malis
386 981 530 1013 autem
564 984 725 1027 poenae
775 967 981 1012 debentur
1024 965 1173 1009 eadem
1222 963 1409 1007 iustitiae
1448 977 1518 1004 ra-

95 1040 228 1084 tione.
251 1041 383 1098 Atqui
407 1040 508 1083 boni
531 1042 574 1084 in
597 1039 679 1083 fine
703 1039 879 1082 obtento
904 1051 1072 1082 aeterna
1095 1036 1335 1080 afficiuntur
1358 1033 1514 1077 laetitia

95 1126 143 1155 ac
174 1113 348 1170 perenni
380 1112 552 1169 gaudio.
586 1113 700 1170 Ergo
736 1124 776 1154 et
797 1110 896 1154 mali
928 1111 970 1153 in
993 1109 1077 1152 fine
1111 1108 1269 1151 amisso
1294 1118 1515 1149 aeternum

95 1185 329 1242 percipient
361 1183 542 1238 luctum,
579 1185 772 1241 iramque
805 1183 1125 1240 sempiternam.

217 1255 289 1298 [H.
306 1255 488 1314 Insuper
511 1257 640 1308 tertio,
660 1267 806 1298 contra
830 1254 914 1296 hoc
937 1253 987 1296 de
1011 1252 1258 1296 aeternitate
1278 1263 1515 1307 poenarum

93 1325 254 1384 dogma
285 1326 421 1370 nullae
445 1327 609 1385 opponi
633 1338 813 1384 possunt
847 1324 1131 1379 difficultates,
1157 1338 1260 1381 quas
1285 1321 1390 1365 bene
1415 1334 1517 1364 con-

93 1397 202 1441 sulta
234 1399 343 1441 ratio
376 1398 540 1441 solvere
574 1410 769 1456 nequeat.

215 1469 446 1514 OBIECTIO
477 1484 510 1513 1.
545 1471 689 1514 Iustus
723 1469 849 1513 iudex
871 1485 959 1512 non
994 1468 1147 1525 infligit
1180 1482 1381 1524 poenam,
1406 1481 1515 1523 quae

91 1555 179 1584 non
211 1540 336 1584 habet
368 1542 697 1599 proportionem
732 1555 830 1583 cum
865 1539 998 1597 culpa.
1038 1540 1166 1597 Atqui
1201 1540 1320 1581 Deus
1355 1549 1417 1579 est
1450 1537 1513 1580 iu-

91 1623 182 1655 stus
216 1611 356 1655 iudex:
391 1628 529 1670 poena
562 1624 705 1655 autem
730 1624 898 1655 aeterna
920 1627 1006 1654 non
1031 1610 1153 1653 habet
1179 1610 1510 1667 proportionem

89 1699 189 1727 cum
221 1683 342 1740 culpa
376 1695 524 1741 utpote
572 1684 843 1741 temporaria,
891 1695 931 1726 et
964 1698 1089 1740 saepe
1138 1684 1265 1725 etiam
1307 1697 1513 1725 momen-

89 1767 222 1800 tanea.
257 1756 374 1814 Ergo
409 1757 528 1799 Deus
562 1772 649 1799 non
682 1755 835 1813 infligit
869 1771 1052 1813 poenam
1085 1768 1314 1799 aeternam.
1340 1781 1396 1789 —
1419 1757 1509 1800 Re-

88 1826 296 1886 spondeO.
323 1829 427 1871 Dist.
447 1837 643 1886 ampart.
670 1830 768 1871 min.
787 1828 887 1871 Non
911 1840 972 1871 est
998 1829 1222 1885 proportio
1244 1828 1511 1871 arithmetica

86 1915 162 1943 seu
196 1901 239 1944 in
271 1912 467 1958 tempore
500 1901 864 1943 commensuratio
900 1900 1006 1942 inter
1041 1899 1314 1942 durationem
1345 1915 1508 1958 poenae

88 1983 279 2015 aeternae
312 1984 352 2014 et
385 1970 655 2015 durationem
691 1971 836 2028 culpae
869 1986 971 2015 conc.
1008 1970 1073 2014 vel
1107 1980 1299 2024 transm„
1336 1987 1424 2014 non
1446 1984 1510 2015 est

88 2043 312 2102 proportio
345 2044 606 2100 geometrica
639 2043 750 2085 inter
798 2043 1049 2100 gravitatem
1093 2059 1256 2100 poenae
1304 2056 1511 2098 aeternae,

86 2126 127 2158 et
159 2115 410 2172 gravitatem
436 2114 582 2172 culpae
615 2113 748 2157 letalis
775 2131 882 2171 nego.
914 2114 1163 2171 «Quidam,
1193 2115 1330 2173 inquit
1364 2132 1396 2159 s,
1422 2118 1510 2159 Au-

88 2186 287 2242 gustinus
319 2185 408 2244 (2),
445 2186 652 2228 iniustum
687 2198 850 2243 putant,
875 2198 920 2228 ut
955 2201 1032 2243 pro
1057 2188 1238 2244 peccatis
1278 2188 1511 2245 quamlibet

182 2381 238 2426 (1)
267 2382 476 2416 Comment.
506 2382 541 2416 in
570 2394 646 2428 cap.
678 2383 737 2417 III.
765 2383 886 2419 Ionae.

180 2441 237 2486 (2)
262 2442 317 2476 De
345 2441 424 2476 Civ.
453 2441 519 2475 Dei
549 2442 570 2475 1.
598 2442 693 2476 XXI.
723 2454 748 2476 c.
780 2443 840 2477 IX.
868 2442 922 2477 Cf.
941 2454 965 2478 s,
988 2444 1037 2477 Io.
1060 2444 1310 2490 Clirysostom
1333 2444 1433 2479 hom.
1454 2453 1508 2487 25.

85 2499 130 2534 ad
143 2501 264 2543 Rom„
295 2500 535 2536 Theodorum
565 2501 673 2548 episc.
695 2502 730 2536 in
749 2503 881 2548 disput.
910 2504 1007 2538 XIV.
1036 2513 1161 2539 contra
1181 2505 1296 2551 Orig.‚
1327 2516 1354 2539 s.
1385 2505 1453 2540 Th.
1476 2516 1507 2541 1.

85 2569 117 2593 2.
144 2569 177 2605 q.
204 2560 258 2604 87.
288 2572 321 2595 a.
352 2569 384 2604 3.
