1734 2784
782 73 1052 125 -455—

295 177 351 208 42.
367 165 674 200 Praenotiones.
693 183 736 189 -—
757 175 784 198 1.
799 164 941 209 Duplex
961 165 1156 199 necessitas
1177 164 1342 210 physica:
1361 184 1405 191 —
1425 176 1508 200 coa-

393 226 464 259 ctio
492 235 552 258 seu
572 223 743 258 violentia
765 242 806 248 —-
826 223 1082 258 determinatio
1103 224 1298 258 intrinseca
1317 223 1364 258 ad
1383 235 1506 260 unum.

391 303 437 309 —
464 282 607 327 Duplex
633 281 776 317 libertas
801 282 962 327 physica:
981 302 1024 308 —
1042 294 1060 316 a
1081 282 1235 329 simplici
1253 282 1444 318 coactione
1462 303 1507 310 —

391 354 409 375 a
435 341 658 375 necessitate.
677 360 721 366 —
740 340 903 375 Libertas
930 353 949 375 a
968 341 1176 376 necessitate
1195 341 1336 387 triplex:
1358 361 1402 367 —
1421 352 1508 376 con-

392 399 627 441 tradictionis,
654 399 933 441 contrarietatis,
954 399 1243 445 specificationis.
1270 419 1314 426 —
1334 411 1368 435 2.
1392 401 1509 436 Liber-

388 469 442 494 tas
461 471 479 492 a
500 458 690 493 coactione
709 459 885 504 competit
903 458 1081 493 humanae
1102 459 1292 494 voluntati.
1319 479 1363 485 —
1380 459 1507 494 Eidem

391 517 565 564 competit
592 517 735 552 libertas
764 517 1046 553 indifferentiae:
1074 519 1244 564 probatur
1281 538 1324 545 —
1365 531 1407 553 ex
1446 519 1504 553 in-

391 587 490 613 terna
506 577 722 622 experientia
750 595 794 602 -
823 587 863 610 ex
891 577 1086 611 universali
1110 588 1288 612 consensu
1307 597 1350 603 —
1371 590 1414 612 ex
1433 578 1505 612 evi-

392 637 489 672 denti
516 637 656 671 tatione
684 637 884 671 intrinseca.
908 658 948 661 —
970 646 999 680 3.
1016 638 1210 680 Quantum
1228 649 1264 672 se
1282 648 1319 671 se
1338 637 1505 672 extendat

388 697 568 730 humanae
594 695 791 730 voluntatis
818 695 961 730 libertas
988 708 1007 729 a
1033 697 1235 731 coactione:
1258 716 1302 722 —
1330 705 1503 743 quantum

386 756 530 791 libertas
556 767 575 789 a
603 755 818 790 necessitate
838 783 1502 792 ............

293 826 348 858 43.
377 815 694 850 Demonstratio.
721 833 763 839 —
797 825 823 849 1.
838 814 1094 849 Voluntarium
1111 815 1258 860 duplex:
1278 837 1313 841 —
1332 827 1502 851 necessa-

387 877 480 909 rium
500 886 562 909 seu
591 873 753 908 naturale
781 883 814 909 et
839 874 1006 908 liberum.
1026 894 1069 900 —
1089 875 1291 910 Discrimen
1312 875 1501 921 multiplex

386 934 480 968 inter
498 942 700 979 utrumque.
731 954 772 957 —
801 943 830 968 2.
851 933 1062 979 Quottiplex
1087 935 1131 968 sit
1148 934 1312 970 liberum.
1332 955 1371 959 —-
1391 935 1502 980 Quo-

383 992 495 1027 modo
515 1001 615 1026 actus
643 992 807 1037 imperati
835 992 973 1037 possint
1003 993 1068 1026 dici
1098 1002 1130 1028 et
1161 1004 1237 1027 esse
1265 993 1378 1028 liberi.
1431 1020 1439 1028 .
1491 1018 1500 1027 .

292 1063 346 1094 41.
376 1053 586 1087 Scholion.
605 1071 648 1077 —
672 1063 699 1086 1.
720 1053 774 1086 De
792 1052 1007 1087 necessitate
1034 1052 1163 1086 morali
1183 1064 1244 1087 seu
1263 1052 1498 1099 obligatione.

386 1131 430 1137 —
456 1113 513 1146 De
538 1111 701 1146 libertate
727 1110 870 1145 morali:
891 1131 933 1136 —
955 1111 1036 1158 quid
1065 1123 1104 1146 ea
1131 1113 1173 1146 sit
1202 1131 1244 1138 —-
1273 1113 1309 1146 in
1330 1123 1399 1158 quo
1425 1111 1500 1145 dif-

386 1171 474 1205 ferat
501 1183 519 1204 a
548 1171 712 1206 libertate
739 1170 907 1219 physica.>
922 1192 961 1195 —
982 1171 1124 1206 Divisio
1144 1173 1330 1206 actionum
1350 1173 1385 1206 in
1407 1173 1497 1207 obli-

382 1231 540 1274 gatorias
568 1240 601 1263 et
628 1229 767 1264 liberas.
792 1249 832 1253 —
855 1239 886 1263 2.
907 1229 1010 1275 Legis
1039 1229 1225 1274 proprium
1245 1240 1298 1264 est
1318 1240 1497 1266 coarctare

382 1288 584 1322 libertatem
612 1288 802 1333 physicam
830 1307 873 1313 —
900 1299 973 1320 non
1006 1296 1126 1322 tamen
1155 1287 1315 1333 physice,
1336 1288 1397 1323 sed
1417 1301 1494 1323 mo-

380 1346 500 1381 raliter
520 1366 562 1372 -
583 1346 687 1392 idque
709 1347 743 1379 in
762 1347 897 1380 bonum
918 1345 1126 1380 voluntatis.
1145 1366 1190 1370 —
1210 1357 1238 1390 3.
1254 1347 1366 1381 Notio
1387 1347 1492 1382 liber-

380 1406 462 1440 tatis
489 1405 602 1438 civilis
642 1414 675 1439 et
715 1405 884 1450 politicae
889 1432 1492 1441 ...........

192 1477 452 1520 ARTICULUS
487 1476 560 1518 HI.
595 1500 652 1507 —
687 1476 747 1518 De.
784 1476 831 1517 iis
864 1489 965 1533 quae
999 1475 1145 1518 tollunt
1181 1484 1255 1518 aut
1304 1477 1493 1519 minuunt

1558 765 1619 800 125

1555 1002 1619 1035 132

1548 1417 1613 1451 134

369 1548 657 1590 volmztczrimn
689 1555 724 1589 et
774 1546 971 1589 liberum.
1483 1583 1493 1592 .
1531 1543 1614 1605 13¹6

191 1629 370 1673 Thesis
402 1630 501 1673 XV.
537 1654 593 1661 —
627 1630 688 1672 De
719 1630 965 1685 ignorantia.
1556 1633 1610 1677 ib,

284 1722 340 1755 45.
367 1714 675 1748 praenotiones.
715 1733 745 1737 —
774 1713 976 1746 Discrimen
1006 1713 1098 1747 inter
1116 1713 1362 1756 nescientiam,
1384 1714 1493 1760 igno-

380 1774 532 1806 tantiam
560 1781 593 1806 et
622 1782 793 1806 errorem.
823 1792 860 1796 —-
891 1771 929 1804 In
958 1782 1029 1816 quo
1066 1771 1325 1806 inadvertentia
1353 1772 1493 1808 differat
1569 1807 1571 1809 .

377 1832 418 1865 ab
446 1831 662 1876 ignorantia.
690 1850 734 1856 -
761 1831 971 1865 Divisiones
993 1831 1218 1876 ignorantiae
1246 1851 1289 1857 —-
1318 1832 1353 1865 in
1382 1833 1489 1879 igno-
1542 1822 1545 1825 ⁵

376 1892 528 1924 tantiam
547 1891 640 1932 iuris,
660 1890 745 1924 facti
767 1899 800 1924 et
821 1902 960 1935 poenae
979 1910 1023 1915 —
1043 1890 1291 1925 invincibilem
1311 1900 1346 1925 et
1372 1891 1489 1926 vinci-

376 1950 486 1983 bilem
513 1969 556 1974 —
585 1949 789 1983 affectatam
830 1958 864 1982 et
904 1960 979 1982 non
1015 1949 1217 1983 affectatam
1245 1969 1290 1975 —
1318 1950 1491 1991 Quando-

375 2020 459 2042 nam
479 2009 555 2054 quis
592 2018 778 2042 censeatur
813 2008 1019 2043 adhibuisse
1055 2008 1233 2043 moralem
1260 2008 1489 2055 diligentiam

374 2068 417 2101 ad
460 2068 703 2113 ignorantiam
742 2067 1007 2113 depellendam.
1039 2097 1044 2102 .
1122 2096 1486 2105 .......

279 2126 335 2168 46.
362 2128 679 2161 Demonstratio.
696 2147 739 2152 —
756 2128 963 2173 Ignorantia
990 2128 1211 2163 invincibilis
1229 2128 1326 2163 tollit
1348 2148 1391 2154 —
1411 2129 1490 2163 vin-

373 2186 487 2220 cibilis
513 2198 587 2220 non
614 2186 709 2221 tollit
736 2187 983 2221 voluntarium
1013 2196 1045 2221 et
1075 2187 1228 2221 liberum
1256 2188 1291 2221 in
1311 2197 1404 2230 actu,
1427 2188 1486 2233 qui

372 2257 413 2279 ex
441 2258 480 2280 ea
507 2246 556 2280 fit.
584 2265 627 2271 —
654 2246 785 2280 Utrum
812 2246 988 2280 vincibilis
1016 2247 1219 2291 ignorantia
1254 2246 1382 2280 saltem
1411 2247 1483 2280 mi-

369 2315 454 2339 nuat
482 2305 728 2339 voluntarium
735 2331 1486 2340 ..............

280 2374 335 2406 47,
364 2364 572 2398 Scholion.
604 2384 640 2388 —-
671 2365 727 2399 De
755 2363 985 2398 distinctione
1013 2364 1241 2409 ignorantiae
1273 2365 1307 2398 in
1349 2375 1487 2398 conco-

372 2424 570 2465 mitantem,
599 2433 897 2470 consequentem,
927 2423 1218 2458 antecedentem.
1237 2443 1280 2450 —
1301 2423 1485 2468 Principia

370 2482 413 2515 de
440 2482 565 2516 iisdem
601 2484 755 2517 tenenda
762 2509 1481 2517 .............

1563 2071 1608 2105 ib.

1543 2291 1616 2352 139⁴

1538 2491 1600 2525 142

1694 2154 1734 2343 {eae-⁰:³⁴8&
1691 1970 1734 2146 anast-3112&
