1734 2784
206 205 263 248 64.
292 206 502 241 Scholion.
528 227 573 232 —-
599 207 655 242 De
683 207 960 241 circumstantiis
987 206 1155 241 actionis:
1186 225 1230 231 —
1260 213 1346 252 quot
1389 213 1423 239 et

303 277 480 312 quaenam
507 266 578 300 sint
606 285 647 293 -‹
675 265 819 312 quando
841 275 873 301 et
895 266 1082 312 quomodo
1102 265 1144 300 ad
1174 265 1422 299 moralitatem

303 322 500 359 conferant.
520 344 564 350 —
591 325 699 359 Nulla
726 325 820 359 actio
850 336 892 358 ex
919 336 955 359 se
982 336 1044 359 seu
1072 336 1114 359 ex
1141 324 1286 358 obiecto
1314 323 1420 365 mala,

302 383 379 418 fieri
399 393 516 430 potest
543 385 708 420 absolute
726 386 823 419 bona
841 396 903 430 per
919 385 1057 418 bonum
1086 383 1270 430 operantis
1300 383 1421 417 finem.

109 456 285 499 ThesiS
319 455 441 499 XXI.
475 480 532 487 —
567 455 748 513 Systema
794 455 1091 498 utilimriomm
1124 455 1340 512 refellitur.

207 535 264 580 65.
289 538 601 573 Praenotiones.
620 558 665 563 —-
685 539 769 583 Qua
788 538 824 571 in
852 549 889 572 re
908 538 1068 572 utilitarii
1101 538 1283 572 collocent
1304 548 1424 571 essen-

303 597 389 631 tiam
409 598 582 632 bonitatis
612 597 772 632 moralis.
799 619 831 622 ἡ
849 598 981 633 Variae
1000 598 1254 633 utilitariorum
1276 597 1418 631 classes:

301 657 501 702 egoismus‚
531 652 852 691 eudae'monismus
880 657 1034 700 socialis,
1063 657 1337 702 epicureismus.

208 714 263 751 66.
290 716 608 751 Demonstratio.
637 736 680 741 —
709 728 752 750 ex
779 717 941 750 absurdis
968 717 1165 751 sententiae
1192 715 1298 749 huius
1327 726 1419 749 con-

306 775 469 809 sectariis
498 794 538 800 —
569 786 612 808 ex
638 777 790 810 notione
818 775 1032 810 moralitatis
1051 776 1085 809 in
1104 775 1294 821 prooemio
1316 785 1420 820 prae-

302 834 425 868 stituta
452 853 495 858 —
526 845 568 867 ex
594 833 683 868 falso
718 834 825 868 huius
864 835 1062 868 sententiae
1102 833 1349 867 fundamento.
1377 852 1420 858 —

305 892 497 934 Quaenam
523 891 567 926 sit
593 904 677 926 vera
704 892 935 927 honestatem
964 893 1058 927 inter
1084 901 1117 927 et
1144 892 1336 926 utilitatem
1362 890 1425 924 ha-

305 950 443 985 bitudo.
510 979 517 989 ,
579 978 1424 986 ...............

207 1008 263 1053 67.
291 1010 500 1044 Scholion.
527 1029 571 1035 —
598 1011 653 1044 De
681 1021 763 1044 vera
806 1011 1021 1045 moralitatis
1048 1010 1166 1055 regula
1193 1021 1255 1043 seu
1283 1018 1416 1043 norma.

303 1088 347 1094 —
376 1069 585 1103 Istiusmodi
613 1080 742 1104 norma
760 1078 817 1103 est
837 1070 927 1103 ordo
953 1070 1124 1104 naturalis
1142 1080 1202 1103 seu
1222 1078 1346 1102 natura
1372 1078 1424 1101 ra-

303 1128 464 1163 tionalis:
493 1147 537 1153 ——
563 1129 724 1174 sequitur
745 1140 787 1162 ex
815 1128 920 1162 dictis
939 1148 982 1154 ——-
1003 1128 1238 1162 confirmatur
1266 1140 1309 1160 ex
1326 1126 1423 1160 notis

302 1198 364 1221 seu
392 1187 669 1230 characteribus,
699 1187 757 1234 qui
784 1188 847 1222 tali
876 1188 1021 1234 regulae
1048 1188 1177 1222 debent
1205 1187 1334 1220 inesse.

111 1259 376 1301 ARTICULUS
409 1258 486 1301 III.
519 1282 576 1289 —
611 1259 672 1301 De
698 1260 918 1315 partitione
954 1259 1213 1302 moralitatis.
1263 1293 1269 1300 .

106 1341 290 1385 Thesis
323 1341 468 1384 XXII.
504 1365 560 1373 —
598 1341 836 1398 Qttotztplex
891 1343 941 1384 sit
977 1341 1204 1384 moralitas.

206 1424 260 1459 68.
288 1425 602 1460 Praenotiones.
630 1444 672 1450 —-
703 1424 801 1467 Quid
831 1424 1054 1470 intelligatur
1092 1425 1240 1459 nomine
1270 1423 1422 1457 morali-

303 1485 384 1519 tatis
419 1485 624 1519 extrinsecae
650 1504 689 1510 —
723 1484 809 1530 quid
850 1484 999 1518 nomine
1037 1483 1254 1517 moralitatis
1294 1483 1421 1516 intrin-

304 1554 396 1577 secae
401 1569 1356 1578 .................

209 1601 264 1649 69.
293 1604 612 1637 Demonstratio.
641 1622 684 1628 —
723 1604 867 1637 Praeter
907 1602 1155 1637 moralitatem
1183 1602 1422 1636 extrinsecam

303 1662 523 1696 admittenda
550 1670 600 1696 cst
627 1661 810 1695 moralitas
830 1662 940 1695 etiam
961 1661 1165 1695 intrinseca.
1185 1680 1227 1685 —
1249 1661 1423 1695 Probatur

307 1722 456 1755 assertio
484 1741 527 1746 —
557 1732 598 1754 ex
625 1731 730 1755 sensu
759 1721 944 1755 communi
974 1741 1017 1745 —
1045 1734 1086 1755 ex
1114 1721 1216 1754 dictis
1256 1721 1289 1754 in
1332 1720 1421 1755 arti-

307 1780 391 1814 culo
420 1779 657 1825 praecedente
685 1780 776 1814 circa
810 1780 1025 1814 moralitatis
1063 1780 1269 1814 essentiam:
1300 1800 1342 1805 ——
1372 1781 1426 1814 in-

304 1840 459 1873 trinseca
487 1838 673 1873 moralitas
701 1849 752 1873 est
791 1838 1069 1874 fundamentum
1108 1839 1326 1873 moralitatis
1359 1850 1422 1873 ex-

305 1899 494 1933 trinsecae:
525 1918 570 1923 ——
598 1899 822 1943 concipimus
850 1900 969 1933 Deum
990 1898 1103 1934 multa
1129 1899 1336 1944 praecipere
1364 1899 1421 1932 vel

304 1959 497 2004 prohibere
536 1958 741 1992 necessario
780 1978 822 1983 -—
852 1958 878 1992 si
907 1958 1003 1991 nulla
1031 1959 1198 1993 existeret
1231 1958 1288 1992 lex
1327 1958 1424 2003 posi-

305 2018 390 2059 tiva,
420 2029 492 2051 non
520 2026 643 2051 tamen
671 2017 784 2050 homo
813 2016 905 2050 soret
936 2017 1048 2052 exlex.
1106 2045 1113 2051 .
1177 2043 1421 2052 .....

209 2087 264 2122 70.
292 2078 501 2112 Scholion.
529 2096 572 2102 —
599 2078 654 2112 De
682 2089 800 2112 errore
828 2079 1040 2125 negantium
1086 2077 1329 2111 moralitatem
1358 2077 1416 2110 in-

304 2137 500 2171 trinsecam
528 2145 561 2171 et
589 2137 813 2171 essentialem
821 2162 1421 2172 ...........

113 2210 379 2252 ART1COLus
413 2207 487 2250 IV.
522 2232 580 2238 —
614 2208 675 2250 De
715 2207 920 2263 facultate
951 2209 1216 2265 cognoscitivsc
1251 2206 1421 2249 morali—

293 2287 394 2322 tatzs.
430 2313 438 2321 .

115 2363 294 2407 Thesis
327 2363 494 2405 XXIII.
529 2386 584 2394 —
618 2362 823 2415 Facufflzs,
857 2378 936 2420 qua
971 2363 1243 2405 moralitatem
1276 2375 1420 2417 cogno-

294 2436 457 2486 scimus,
492 2442 542 2476 est
576 2433 797 2477 intellectus
828 2435 1045 2491 practicus.

211 2517 598 2562 7-1.Dem0nstrati0
635 2536 679 2542 —
720 2527 762 2551 ex
802 2515 946 2551 formali
982 2517 1121 2552 ratione
1163 2528 1225 2551 seu
1265 2516 1420 2550 essentia

305 2576 529 2611 moralitatis.
557 2596 598 2601 —
627 2575 755 2610 Utrum
783 2575 986 2610 intellectus
1012 2575 1189 2622 practicus
1225 2585 1259 2610 et
1298 2585 1422 2620 specu-

1480 390 1538 426 175

1406 488 1415 496 .
1455 465 1533 508 171

1495 655 1542 688 ib.

1478 948 1543 982 180

1416 1212 1422 1218 .
1478 1185 1541 1218 182

1412 1291 1420 1299 .
1461 1257 1537 1311 183

1494 1541 1540 1580 ib.

1476 2133 1539 2169 188

1399 2309 1410 2320 .
1452 2290 1539 2331 190

1484 2428 1543 2473 ib.
