1734 2784
737 111 1000 165 -418-

154 210 382 260 actionem,
416 206 583 249 etiamsi
617 204 795 247 dubium
824 203 1132 261 speculativum
1156 201 1293 246 adhuc
1317 213 1572 262 perseveret.

156 283 225 325 Sic
260 281 361 322 civis
396 278 477 334 ille,
510 277 560 321 de
593 292 679 335 quo
713 275 846 319 modo
882 275 1139 332 dicebamus,
1164 276 1198 317 si
1222 287 1318 332 post
1341 274 1570 318 adhibitam
1601 295 1605 299 ·

154 352 403 408 diligentem
439 349 763 406 inquisitionem
796 363 883 390 non
908 347 1045 404 possit
1069 362 1165 389 cum
1191 345 1442 390 certitudine
1473 361 1572 389 con-

158 423 345 474 cludere,
370 420 527 464 bellum
551 436 643 463 esse
677 420 853 472 iustum,
887 419 944 461 ita
975 418 1134 476 poterit
1180 417 1432 460 ratiocinari.
1467 418 1575 474 Rex,

156 496 227 551 qui
263 495 459 550 imperat,
510 505 555 534 ut
587 491 637 534 ad
669 490 826 533 bellum
876 505 1066 547 pergam,
1114 487 1235 531 habet
1282 489 1346 531 ius
1395 488 1574 531 omnino

157 578 322 608 certum
356 563 461 605 mihi
494 561 747 619 imperandi:
782 563 843 604 ins
877 570 1035 604 certum
1079 569 1153 618 par
1196 561 1389 603 incertam
1431 567 1574 618 excep-

158 638 305 679 tionem
338 650 418 677 non
452 634 692 677 destruitur.-
727 648 830 689 ergo
870 631 974 674 illud
1022 631 1134 688 regis
1168 631 1232 673 ius
1280 645 1367 673 non
1414 629 1576 673 tollitur

158 724 235 750 nec
268 705 544 764 suspenditur
575 721 624 748 ex
658 720 756 747 meo
806 703 948 747 dubio:
997 718 1176 761 possum
1224 701 1403 759 proinde
1450 713 1576 760 atque

158 780 284 821 etiam
333 777 467 820 debeo
511 776 806 833 obtemperare
854 775 943 831 regi
991 786 1031 817 et
1066 773 1116 817 ad
1148 773 1308 816 bellum
1356 772 1575 830 progredi,

159 851 296 893 donec
330 849 425 892 belli
460 849 664 891 iniustitia
712 846 816 889 mihi
854 861 942 889 non
989 845 1058 888 fiat
1107 857 1219 888 certa
1266 860 1311 888 ac
1345 857 1575 902 perspecta.

159 924 241 965 Hic
275 934 337 964 est
370 920 472 964 alter
505 919 677 975 modus,
711 920 752 961 in
787 918 951 961 defectu
1000 918 1155 974 prioris
1189 915 1467 973 adhibendus,
1501 915 1578 959 de-

159 992 346 1052 ponendi
382 991 683 1035 conscientiam
720 989 907 1043 dubiam,
941 1004 1121 1045 eamque
1167 987 1359 1030 mutandi
1402 988 1445 1030 in
1479 1002 1580 1030 con-

158 1065 379 1107 scientiam
400 1063 569 1120 practice
589 1074 762 1118 certam,
780 1061 856 1103 etsi
883 1060 1019 1103 adhuc
1038 1059 1280 1118 speculative
1305 1058 1475 1102 dubiam
1494 1057 1578 1117 (1).

159 1138 204 1181 Si
239 1137 333 1193 quis
367 1148 508 1178 autem
541 1150 618 1177 nec
653 1133 830 1176 dubium
866 1134 1008 1190 ipsun]
1034 1131 1344 1190 speculativum
1373 1130 1580 1174 methodo

160 1209 334 1264 directa,
367 1223 444 1250 nec
477 1205 654 1249 dubium
689 1205 836 1248 saltem
872 1205 1102 1261 practicum
1136 1203 1343 1246 methodo
1377 1202 1581 1246 indirecta

159 1279 292 1322 valeat
332 1277 553 1335 depellere,
600 1275 832 1333 suspendat
865 1276 1091 1331 actionem,
1140 1286 1180 1316 et
1213 1274 1247 1315 si
1281 1273 1322 1316 id
1365 1272 1457 1316 fieri
1498 1288 1578 1315 ne-

161 1365 299 1408 queat,
334 1351 468 1392 tutius
503 1348 647 1404 eligat,
683 1349 790 1390 sicut
823 1348 905 1389 iam
940 1345 1258 1402 explicavimus.

257 1562 311 1605 (1)
342 1560 396 1596 Cf.
428 1558 645 1605 Tongiorgi,
673 1557 751 1592 Eth.
777 1569 874 1591 num.
905 1566 983 1598 242.
1009 1556 1050 1589 In
1078 1567 1176 1590 num.
1194 1567 1266 1601 seq.
1294 1555 1363 1588 hoc
1400 1553 1497 1588 aliud
1524 1552 1582 1587 af-

160 1620 226 1654 fert
256 1620 473 1665 exemplum.
501 1619 570 1652 Fac
598 1629 656 1651 me
682 1617 845 1650 dubitare
885 1615 926 1650 de
957 1615 1107 1649 alicuius
1148 1615 1238 1661 legis
1267 1614 1464 1649 existentia.
1503 1613 1584 1648 Hoc

161 1680 318 1724 primum
349 1679 494 1720 curabo,
521 1686 558 1711 ut
585 1677 732 1710 dubium
760 1675 1021 1721 speculativum
1063 1674 1259 1720 deponam.
1303 1673 1413 1716 Quod
1451 1672 1480 1706 si
1516 1681 1583 1705 ne-

162 1750 288 1785 queam
319 1738 465 1771 dubium
505 1736 764 1782 speculativum
800 1734 994 1780 deponere,
1036 1734 1085 1768 ita
1123 1733 1378 1767 ratiocinabor:
1423 1731 1587 1766 Libertas

161 1799 300 1844 agendi,
321 1810 427 1844 quam
446 1809 513 1843 ego
541 1808 638 1830 cerro
660 1796 840 1841 possideo,
859 1795 937 1841 lege
956 1794 1074 1835 dubia,
1094 1805 1183 1840 quae
1203 1793 1309 1827 dubia
1329 1800 1450 1826 manet
1477 1792 1585 1827 etiarn

163 1867 247 1903 post
275 1858 555 1891 convenientem
582 1855 776 1890 adhibitam
805 1854 1085 1900 inquisitionem,
1114 1852 1289 1887 coarctari
1315 1862 1355 1885 ac
1382 1851 1486 1897 ligari
1512 1862 1587 1885 non

163 1927 297 1963 potest:
327 1918 381 1951 lex
408 1916 509 1950 dalaia
537 1928 604 1949 non
631 1915 774 1959 obligat:
804 1925 888 1959 ergo
916 1915 969 1947 ius
997 1912 1142 1958 agendi,
1172 1911 1267 1958 quod
1295 1922 1397 1945 meae
1434 1910 1588 1944 libertati

163 1979 266 2019 inest,
286 1978 461 2011 intactum
489 1984 625 2009 manet:
647 1975 809 2020 adeoque
828 1984 976 2019 possum
995 1972 1093 2006 licite
1112 1982 1217 2017 agere
1239 1970 1285 2013 id,
1305 1969 1401 2016 quod
1421 1969 1510 2003 haec
1530 1970 1588 2003 lex

164 2036 356 2082 prohibere
386 2036 526 2078 dicitur,
556 2045 740 2081 quousque
767 2034 825 2067 lex
853 2033 977 2066 eadem
1007 2040 1104 2067 certo
1132 2030 1224 2065 mihi
1251 2030 1461 2064 innotescat.
1500 2029 1590 2063 Pro-

168 2094 261 2130 secto
291 2095 378 2128 haec
406 2093 634 2128 ratiocinatio
662 2104 745 2126 vera
773 2091 925 2124 omnino
955 2098 1005 2124 est
1033 2101 1070 2123 ac
1098 2098 1205 2130 recta,
1233 2099 1384 2134 meaque
1405 2087 1499 2122 actio
1518 2086 1588 2121 ho·

166 2165 267 2189 nesta
297 2156 374 2189 erit:
405 2156 485 2200 quia
511 2154 593 2188 licet
620 2142 767 2187 dubium
795 2151 1057 2197 speculativum
1076 2161 1153 2184 non
1182 2149 1226 2184 sit
1253 2160 1272 2182 a
1291 2160 1349 2182 me
1374 2148 1590 2194 depositum,

167 2226 234 2257 ego
264 2224 384 2248 tamen
412 2214 609 2259 practicam
636 2213 680 2246 de
706 2222 808 2245 meae
836 2211 990 2245 actionis
1016 2210 1206 2244 honestate
1233 2207 1484 2242 certitudinem
1504 2207 1586 2241 ade-

167 2283 249 2318 ptus
271 2285 360 2314 suin,
380 2273 411 2305 vi
439 2272 602 2318 principii
631 2271 737 2313 illius,
759 2270 811 2304 lex
828 2269 932 2304 dubia
950 2281 1017 2302 non
1035 2268 1171 2313 obligat.
1189 2288 1227 2291 —-
1250 2267 1304 2301 De
1324 2256 1393 2312 quo
1412 2265 1587 2311 principio

166 2332 321 2371 adverte,
350 2332 446 2377 quod
472 2330 667 2377 aliquando
695 2330 751 2364 lex
779 2338 830 2363 est
857 2329 1009 2362 omnino
1037 2337 1145 2368 certa,
1175 2338 1214 2360 ac
1243 2326 1389 2359 dubium
1418 2334 1468 2359 est
1504 2335 1592 2359 tan-

165 2391 357 2424 tummxlo
389 2391 431 2424 de
459 2390 712 2424 observatione
739 2388 864 2434 ipsius,
897 2397 1015 2421 utrum
1050 2387 1200 2432 impleta
1228 2385 1334 2420 fuerit
1372 2396 1496 2419 necne.
1533 2383 1592 2418 Ad

167 2451 257 2483 hanc
286 2451 549 2483 conscientiam
578 2449 724 2482 dubiam
752 2446 1004 2492 deponendam
1031 2457 1104 2479 non
1132 2446 1223 2479 bene
1250 2453 1434 2490 aptaretur
1461 2442 1594 2489 princi-

166 2509 278 2554 pium,
308 2520 371 2542 ason
398 2509 528 2553 obligat
556 2508 607 2541 Iex
633 2506 744 2549 dubia,
773 2506 880 2540 dubio
923 2505 1061 2540 scilicet
1088 2504 1301 2550 respiciente
1339 2503 1455 2549 ipsam
1494 2502 1529 2535 in
1556 2512 1593 2536 se

174 2568 398 2601 existentiam
427 2567 526 2612 legis.

1729 1151 1731 1157 .
1718 1120 1731 1143 ‘s
1719 1028 1731 1112 LJ-'ssx
1711 959 1731 1023 ,ἓᾷῑψ
