1734 2784
796 76 1037 105 —xu—

205 162 395 218 Utraque
428 172 490 203 est
523 159 696 202 scientia
729 157 923 215 practica,
957 168 1135 214 utraque
1168 167 1232 198 est
1270 156 1444 199 scientia
1491 155 1622 200 simul

203 250 244 280 et
276 253 352 280 ars.
388 236 550 293 Logica
582 235 704 293 ponit
737 233 933 277 ordinem
968 234 1010 276 in
1043 231 1205 275 actibus
1253 231 1505 290 intellectus,
1545 249 1619 277 seu

203 313 384 356 modum
419 312 544 355 docet
590 324 700 355 recte
748 309 1038 367 cognoscendi
1086 322 1127 353 et
1173 308 1398 353 iudicandi.
1443 309 1623 354 Moralis

205 390 325 448 ponit
348 389 544 433 ordinem
580 389 621 431 in
646 386 805 430 actibus
839 386 1265 444 voluntatis,·ne1npe
1289 384 1472 428 modum
1497 385 1622 429 docet

205 480 315 511 recte
338 466 506 510 volendi
539 481 612 509 seu
649 463 841 508 ordinate
875 463 1057 507 amandi.

323 545 493 587 Dicitur
527 542 608 601 3.⁰)
641 542 831 598 scientia,
866 556 973 598 quae
1008 540 1059 584 de
1093 539 1260 583 obiecto
1310 539 1392 583 hoc
1439 539 1625 595 formali,

205 621 255 664 de
289 636 374 678 quo
409 620 610 676 diximus,
633 630 859 677 pertractat
893 617 1111 661 secundum
1143 617 1331 661 naturale
1369 619 1542 674 rationis
1563 617 1627 661 lu-

204 713 306 751 men,
339 697 522 750 brevius,
556 696 731 739 scientia
763 708 826 738 est
858 696 1081 739 naturalis.
1108 696 1233 748 Quae
1259 694 1386 738 verba
1411 694 1625 739 adduntur

203 776 253 819 ad
287 774 606 833 philosophiam
631 773 842 817 moralem
867 773 1212 830 distinguendam
1238 789 1259 816 a
1280 772 1506 831 theologia
1527 789 1624 817 mo-

203 853 289 897 rali.
324 879 379 884 —
414 853 478 894 De
513 851 752 894 moralitate
786 852 873 908 agit
906 850 1179 910 philosophia
1212 851 1400 906 moralis;
1437 852 1488 896 de
1521 843 1641 896 nio-⁵

202 930 361 973 ralitate
394 930 481 986 agit
514 928 733 984 theologia
768 927 954 970 moralis.
989 928 1090 971 Non
1123 938 1267 970 tamen
1299 927 1454 971 eodem
1488 927 1624 970 modo

201 1019 332 1064 agunt
352 1006 401 1049 de
421 1006 672 1048 moralitate:
693 1004 1017 1062 distinguuntur
1036 1005 1353 1063 igiturformczli
1370 1005 1623 1049 tractationis

202 1084 328 1127 modu.
355 1083 601 1139 Theologia
635 1083 749 1125 enim
785 1081 957 1124 moralis
983 1082 1177 1124 innititur
1201 1082 1448 1125 auctoritate
1482 1081 1624 1126 divina

201 1175 241 1204 et
274 1160 568 1217 ecclesiastica,
604 1175 655 1203 ex
689 1175 786 1218 qua,
822 1173 1041 1217 tamquam
1076 1175 1125 1202 ex
1159 1160 1335 1217 proprio
1370 1159 1506 1212 fonte,
1544 1175 1622 1203 ve-

201 1242 341 1283 ritates
375 1238 557 1281 morales
591 1238 743 1281 haurit.
781 1237 1061 1295 Philosophia
1084 1237 1259 1280 moralis
1283 1253 1333 1280 ex
1362 1236 1620 1280 naturalibus

201 1317 409 1359 humanae
437 1317 613 1359 rationis
638 1316 855 1374 principiis
879 1314 1084 1373 procedit:
1109 1315 1301 1358 medium
1336 1331 1507 1372 nempe,
1533 1331 1622 1373 quo

201 1395 333 1436 utitur
368 1394 416 1437 ad
439 1395 637 1436 veritates
664 1392 848 1435 morales
873 1391 1264 1453 deprehendendas,
1289 1406 1389 1434 sunt
1410 1391 1619 1435 naturales

200 1471 404 1528 quaedam
441 1471 571 1528 ideae,
605 1486 655 1513 ex
689 1486 870 1528 quarum
904 1469 1062 1528 analysi
1086 1482 1125 1512 et
1149 1470 1469 1526 comparatione
1493 1485 1621 1527 quae-

201 1547 296 1591 dam
331 1549 467 1605 prima
500 1561 540 1590 et
575 1547 822 1590 immediata
856 1548 1062 1604 principia
1086 1546 1133 1590 ab
1168 1547 1381 1590 intellectu
1408 1546 1621 1604 detegun-

200 1636 284 1678 tur,
320 1625 508 1682 itemque
532 1637 631 1667 sunt
665 1625 804 1681 prima
828 1624 929 1667 haec
962 1625 1182 1682 principia,
1207 1639 1260 1667 ex
1285 1639 1471 1681 quorum
1501 1639 1618 1667 com-

201 1703 417 1759 paratione
452 1701 661 1745 mediatae
695 1701 796 1745 aliae
832 1701 1130 1744 conclusiones
1164 1701 1424 1744 derivantur.

318 1779 398 1821 Hic
432 1791 573 1822 autem
609 1778 711 1822 illud
739 1779 893 1821 iuverit
925 1778 1276 1834 animadvertere,
1301 1777 1418 1836 quod
1441 1778 1616 1820 maximi

201 1867 263 1898 est
297 1857 519 1899 momenti.
556 1857 757 1899 Divinam
793 1855 1052 1898 infallibilem
1087 1857 1401 1907 auctoritatem,
1438 1871 1488 1897 ex
1536 1870 1618 1913 qua

200 1933 341 1989 arguit
378 1932 595 1990 theologia
644 1933 833 1989 moralis,
868 1932 1059 1976 infirmae
1108 1933 1317 1976 humanae
1366 1933 1534 1986 rationi,
1568 1948 1618 1975 ex

202 2007 320 2049 cuius
369 2007 625 2050 naturalibus
677 2009 895 2066 principiis
931 2009 1067 2064 arguit
1116 2007 1390 2065 philosophia
1428 2007 1617 2064 moralis,

199 2099 327 2141 quam
362 2086 550 2127 maxime
585 2098 794 2143 praestare
818 2101 947 2128 nemo
982 2100 1080 2128 sane
1113 2084 1294 2142 negabit.
1323 2084 1458 2138 Quod
1491 2085 1526 2127 si
1550 2100 1616 2127 res

199 2160 254 2202 ita
288 2175 331 2202 se
365 2160 503 2217 hahet,
537 2176 665 2204 nemo
700 2163 827 2204 etiam
861 2177 1015 2219 negare
1048 2173 1189 2219 potest
1223 2161 1488 2218 theologiam
1521 2176 1617 2204 mo-

198 2236 326 2280 ralem
361 2237 658 2295 philosophiae
684 2239 833 2281 morali
859 2255 987 2296 quam
1013 2239 1200 2282 maxime
1225 2238 1488 2282 antecellere.
1511 2238 1616 2281 Inde

198 2325 339 2355 autem
372 2312 474 2355 illud
509 2327 617 2356 recta
652 2315 954 2357 consecutione
988 2314 1093 2372 fluit,
1119 2314 1440 2372 philosophiam
1473 2329 1615 2357 mora-

199 2389 281 2431 lem
317 2389 466 2433 debere
501 2390 674 2433 subesse
708 2390 952 2448 theologiae
986 2391 1151 2447 morali,
1187 2392 1209 2433 i.
1233 2407 1264 2433 e.
1293 2393 1475 2448 negative
1510 2391 1616 2433 nihil

198 2465 421 2509 admittere
456 2482 505 2509 ex
539 2467 601 2520 iis,
626 2483 731 2524 quae
766 2466 939 2509 moralis
974 2466 1193 2523 theologia
1228 2467 1356 2509 dictet
1391 2482 1482 2509 esse
1516 2467 1611 2509 reii-

199 2543 360 2600 cienda‚
394 2555 433 2585 et
462 2544 632 2601 posili-tw
665 2559 725 2600 ea,
760 2558 865 2601 quae
898 2542 1115 2600 theologia
1153 2543 1322 2586 moralis
1359 2543 1486 2586 dictat
1519 2558 1611 2585 esse
