1734 2784
710 97 974 127 ——221—

256 182 322 226 11²
356 180 547 225 conditio
590 192 667 235 est,
700 192 748 224 ut
780 196 889 238 opus
938 180 991 223 sit
1024 179 1196 223 liberum
1238 195 1326 223 non
1363 179 1505 223 solum
1539 196 1564 223 a

136 254 373 307 coactione,
407 252 482 296 sed
515 253 643 296 etiam
678 267 699 294 a
731 253 994 296 necessitate.
1026 252 1174 296 Nemo
1207 267 1306 295 sane
1337 251 1460 297 laude
1491 253 1558 298 vel

136 325 328 385 praemio
366 323 494 367 afficit
527 323 712 381 aliquem
760 336 938 382 propter
983 322 1078 377 illa,
1126 339 1234 382 quae
1281 340 1332 367 ex
1378 326 1559 369 naturali

134 397 385 441 necessitate
417 411 492 439 seu
527 395 703 454 physica
736 395 786 439 ad
820 411 955 439 unum
999 395 1355 440 determinatione
1398 398 1558 454 posuit.

135 469 316 525 Insuper
347 467 552 510 meritum
584 478 647 509 est
689 467 902 524 posterius
936 465 1291 524 imputabilitate,
1328 483 1436 525 quae
1458 504 1472 521 ,
1511 481 1558 511 ut

137 538 341 596 diximus,
364 538 570 595 supponit
602 538 645 579 in
677 550 771 580 actu
805 537 1042 581 libertatem
1074 537 1158 596 (1).
1185 539 1297 581 Hinc
1329 539 1384 581 ait
1417 541 1558 582 s.Au-

136 610 336 668 gustinus
370 609 454 668 (2):
496 627 516 650 ‹<
549 610 601 652 Et
633 624 771 666 poena
803 610 957 652 iniusta
989 622 1100 653 esset
1146 622 1186 653 et
1219 613 1472 668 praemium,
1521 611 1555 653 si

136 680 273 725 homo
305 680 573 725 voluntatem
607 696 697 724 non
730 680 901 724 haberet
935 680 1122 725 liberam.
1157 698 1177 721 ))

256 753 337 796 IIIa
372 752 561 796 conditio
595 764 672 808 est,
706 765 750 795 ut
789 754 898 795 actio
936 753 1091 811 afferat
1132 752 1282 795 bonnm
1324 754 1412 807 illi,
1447 753 1560 811 apud

138 840 255 883 quem
288 824 436 868 dicitur
470 826 691 867 meritoria.
721 824 891 868 Omnes
925 839 1024 867 sane
1057 824 1302 882 intelligunt
1345 841 1389 868 se
1432 841 1559 883 posse

137 896 313 955 quidem
345 897 555 955 postulare
594 896 747 939 donum
789 895 855 939 vel
891 895 1105 939 liberalem
1138 895 1426 954 largitionem,
1472 912 1561 940 non

137 980 282 1011 autem
315 969 467 1025 exigere
496 969 729 1026 praemium
772 967 837 1010 vel
884 966 1068 1010 debitam
1113 969 1558 1025 recompensationem

138 1039 187 1081 ab
220 1038 313 1092 illo,
349 1040 416 1082 cui
449 1038 686 1082 actionibus
721 1040 807 1081 suis
836 1039 941 1081 nihil
974 1038 1075 1082 boni
1125 1039 1408 1083 contulerunt.
1445 1040 1559 1083 Hinc

138 1126 172 1153 e.
207 1125 249 1167 g.
284 1110 318 1152 si
352 1110 495 1153 Titius
528 1111 659 1153 vitam
702 1112 930 1153 servaverit
964 1112 1088 1164 Caio,
1123 1110 1235 1169 apud
1271 1111 1384 1154 hunc
1409 1112 1556 1155 Titius

138 1193 344 1238 meretur,
381 1196 469 1224 non
517 1193 659 1225 autem
699 1181 811 1239 apud
845 1197 946 1237 me,
985 1183 1065 1225 nisi
1099 1194 1304 1240 quatenus
1345 1183 1475 1226 Caius
1509 1182 1560 1226 ad

138 1267 208 1295 me
240 1252 449 1309 pertineat
491 1264 537 1295 ut
571 1254 945 1310 consanguineus,
981 1255 1180 1308 concivis,
1215 1269 1376 1312 serVuS,
1410 1253 1561 1297 subdi-

137 1334 208 1366 tus
231 1335 310 1366 etc.
333 1322 418 1382 (3).

257 1395 339 1439 IVa
363 1394 552 1439 conditio
586 1409 663 1450 est,
699 1409 743 1439 ut
775 1398 884 1439 actio
917 1397 971 1439 sit
1004 1412 1030 1439 a
1051 1406 1349 1440 remuneratore
1380 1397 1559 1455 explicite

139 1474 176 1509 et
188 1465 437 1524 formaliter,
468 1468 529 1511 vel
560 1468 703 1511 saltem
736 1467 922 1526 implicite
945 1478 980 1511 et
1003 1470 1239 1512 virtualiter
1270 1477 1472 1527 acceptata
1505 1468 1558 1512 ad

139 1536 365 1582 mercedem.
387 1555 407 1579 «
424 1539 686 1597 Acceptatio,
706 1552 751 1582 ut
769 1540 909 1596 arguit
926 1540 1125 1583 Palmieri
1142 1540 1228 1599 (4),
1247 1539 1560 1583 remuneraturi

237 1747 295 1792 (1)
326 1761 344 1780 κ
367 1748 537 1783 Meritum
565 1758 599 1783 et
625 1749 852 1792 demeritum,
882 1748 931 1783 ait
957 1748 1161 1795 Tongiorgi
1187 1749 1212 1784 l.
1233 1760 1278 1791 e.‚
1299 1756 1378 1782 sunt
1411 1747 1556 1794 quidam

143 1806 426 1852 imputabilitatis
453 1807 614 1842 effectus.
641 1823 657 1839 »

237 1866 294 1911 (2)
321 1866 400 1901 Lib.
428 1877 459 1902 2.
487 1867 529 1903 de
557 1867 619 1903 lib.
649 1870 722 1904 arb.
749 1881 780 1904 c.
816 1880 842 1903 1.
870 1869 960 1903 Hinc
980 1868 1022 1903 de
1042 1869 1154 1903 libero
1174 1868 1319 1903 arbitrio
1339 1868 1385 1903 ait
1408 1868 1559 1910 Dantes,

141 1925 249 1972 Purg.
276 1926 422 1961 XV111.:

373 2011 524 2052 Quest'e
550 2012 573 2045 il
600 2012 777 2057 principio
806 2013 849 2055 la,
877 2013 972 2047 onde
998 2014 1025 2047 si
1052 2012 1160 2059 piglia

469 2059 609 2104 Cagion
637 2059 669 2092 di
698 2061 863 2094 meritare
890 2061 923 2094 in
951 2061 1023 2103 voi,
1055 2061 1213 2095 secondo

470 2106 546 2141 Che
572 2107 682 2141 buoni
712 2119 729 2141 e
756 2108 806 2142 rei
829 2109 945 2143 amori
972 2108 1134 2155 accoglie
1161 2120 1178 2142 e
1205 2107 1325 2154 viglia.

240 2190 296 2234 (3)
323 2191 504 2236 Apposite
530 2192 692 2237 Esparza,
724 2192 744 2228 1,
772 2192 843 2226 cit.:
875 2205 892 2224 ‹<
922 2193 1015 2228 Cum
1053 2192 1166 2227 homo
1206 2192 1291 2225 dum
1330 2190 1490 2225 retribuit
1518 2202 1560 2224 ac

144 2259 411 2296 recompensat,
438 2251 593 2296 patiatur
620 2252 791 2286 iacturam
819 2253 973 2298 aliquam
1001 2252 1193 2286 alienando
1221 2264 1238 2285 a
1260 2263 1297 2285 se
1315 2251 1464 2291 bonum,
1485 2261 1556 2296 quo

144 2308 184 2343 fit
210 2309 397 2344 retributio
426 2319 459 2344 et
487 2312 794 2356 recompensatlo,
836 2323 950 2358 neque
987 2313 1030 2346 sit
1068 2311 1293 2354 rationabile,
1331 2319 1369 2344 ut
1397 2310 1474 2356 quis
1502 2310 1558 2343 vel

145 2368 335 2403 minimam
362 2369 397 2403 in
425 2370 532 2404 bonis
559 2371 628 2404 suis
658 2372 830 2405 iacturam
858 2372 1011 2417 patiatur
1038 2373 1071 2405 in
1099 2371 1260 2406 favorem
1288 2371 1374 2413 eius,
1402 2370 1459 2417 qui
1486 2381 1560 2403 non

145 2428 358 2463 tantundem
386 2430 451 2464 sibi
479 2429 672 2475 profuerit3
701 2439 799 2475 patet
825 2431 1014 2466 hominem
1041 2433 1154 2466 teneri
1185 2443 1259 2466 non
1294 2442 1400 2477 posse
1434 2429 1477 2464 ad
1504 2440 1561 2464 re-

148 2488 458 2534 compensandum
486 2500 579 2534 opus
606 2489 729 2524 inutile
755 2500 918 2536 respectu
944 2492 1010 2527 sui.
1040 2507 1056 2522 >⁷

245 2547 299 2592 (4)
326 2549 382 2582 De
409 2549 521 2593 gratia
548 2548 658 2583 habit.
687 2549 808 2590 (tract.
837 2549 982 2597 lithogr.
1010 2551 1082 2596 ed.)
1110 2551 1161 2587 th.
1191 2553 1323 2588 XXIII.
1351 2552 1394 2586 ab
1423 2551 1503 2587 init.
