1734 2784
752 80 1016 134 ——438—

172 174 277 217 titus
311 186 372 217 est
407 172 575 231 duplex,
599 174 816 217 ralionalis
849 190 922 217 seu
957 174 1153 217 voluntas
1178 187 1217 217 et
1240 176 1465 219 sensilivzts:
1491 189 1596 217 sen-

174 246 325 288 sitivus
360 257 499 287 :tutem
534 258 596 288 est
630 261 775 289 rursus
822 246 953 289 veluti
1003 246 1173 303 duplex,
1206 247 1517 304 concupiscibilis
1549 258 1592 290 et

176 314 402 357 irascibilis,
438 315 550 357 Hinc
583 314 633 358 ad
667 315 739 358 has
771 316 900 358 animi
934 315 1150 360 facultates
1187 319 1225 359 in
1261 316 1402 360 officio
1447 317 1594 360 conti-

175 385 331 428 nendas
380 398 463 428 tres
511 387 786 444 requiruntur
833 389 1024 444 virtutes,
1060 390 1212 432 institia
1261 390 1302 432 in
1352 390 1593 440 voluntate,

178 458 441 513 tssnzpcranticz
465 458 505 499 in
529 460 716 516 appetitu
740 460 963 513 sensitivo,
990 473 1115 517 prout
1142 460 1484 518 concupiscibilis
1509 472 1595 516 est,

168 525 372 582 fortitudo
407 528 448 569 in
482 527 633 571 eodem
670 542 797 587 prout
831 543 893 573 est
926 530 1157 574 irascibilis.

297 597 347 639 Et
380 613 479 640 sane
512 611 557 641 ut
591 598 724 643 homo
759 614 869 644 recte
903 600 1171 659 perfecteque
1194 602 1320 655 vivat,
1351 604 1484 660 primo
1519 617 1595 644 ne-

177 682 293 710 cesse
326 681 402 722 est,
437 682 482 715 ut
516 685 746 728 cognoscat
778 672 942 715 bonum
978 671 1216 717 faciendum
1261 686 1300 717 et
1334 673 1494 716 malum
1531 673 1595 716 vi-

178 739 368 794 tandum,
391 740 472 784 hoc
496 755 635 786 autem
671 757 733 786 est
757 760 913 787 munus
933 744 1184 802 prudentiae:
1209 758 1379 803 oportet
1402 743 1595 797 secundo,

179 824 224 854 ut
247 825 513 856 constantem
533 813 679 857 habeat
696 828 735 858 et
755 829 1001 873 perpetuam
1026 816 1289 859 voluntatem
1315 815 1491 859 faciendi
1517 814 1592 858 bo-

178 897 282 925 num
316 900 362 927 ac
395 884 556 928 malum
589 886 765 940 vitandi,
792 887 873 930 hoc
906 900 1046 930 autern
1083 899 1264 945 praestat
1298 889 1466 931 iustitia.
1494 888 1600 929 Duo

178 969 281 997 vero
314 968 428 1010 sunt,
462 972 568 1014 quae
601 958 864 1001 voluntatem
899 959 945 1002 ab
989 959 1070 1002 hoc
1104 958 1229 1002 firmo
1265 960 1487 1017 proposito
1534 956 1599 1000 di·

180 1043 354 1072 movere
388 1043 568 1087 possunt
602 1047 646 1074 ac
680 1031 830 1083 solent,
865 1031 1061 1075 Videlicet
1096 1032 1351 1075 inordinatus
1398 1032 1597 1088 appetitus.

180 1099 354 1143 alicuius
387 1100 478 1144 boni
509 1116 548 1145 et
582 1103 818 1146 inordinata
856 1104 965 1161 fuga
1002 1103 1174 1146 alicuius
1220 1104 1319 1146 mali
1350 1102 1433 1161 (Ι)
1484 1103 1597 1144 Hinc

182 1170 344 1214 homini
393 1172 550 1230 duplici
599 1190 706 1231 opus
741 1187 803 1218 est
850 1176 1025 1228 virtute,
1076 1174 1202 1218 altera
1249 1174 1439 1232 quidem,
1489 1187 1601 1231 quae*

182 1242 429 1286 moderetur
462 1261 507 1287 ac
541 1259 781 1303 compescat
814 1245 1104 1289 inordinatum
1138 1245 1240 1289 boni
1275 1246 1523 1303 appetitum,
1553 1255 1595 1287 et

182 1312 283 1356 haec
316 1315 450 1357 virtus
484 1329 545 1359 est
568 1319 848 1374 temperantia,
873 1316 999 1360 altera
1022 1332 1142 1374 vero,
1164 1333 1269 1374 quae
1294 1333 1372 1359 nos
1398 1330 1601 1359 strenuos

182 1383 327 1427 reddat
360 1397 400 1428 et
428 1387 646 1430 animosos
673 1388 714 1430 in
738 1387 917 1440 malum,
944 1400 983 1431 et
1007 1387 1108 1431 haec
1133 1388 1266 1430 virtus
1291 1399 1353 1430 est
1378 1386 1602 1444 fortitudo,

184 1456 295 1499 Hinc
328 1458 419 1500 iure
454 1458 626 1501 Tullius
660 1458 731 1517 (2)
771 1474 956 1512 «omne,
993 1460 1146 1516 inquit,
1182 1457 1298 1516 quod
1332 1471 1394 1502 est
1432 1458 1596 1500 hones-

182 1540 292 1584 tum,
326 1528 367 1571 id
401 1542 584 1586 quatuor
616 1531 801 1588 partium
836 1531 970 1574 oritur
1004 1547 1055 1573 ex
1088 1530 1238 1587 aliqua:
1276 1556 1328 1560 —-
1364 1543 1433 1572 aut
1482 1530 1599 1572 enim

184 1598 226 1640 in
259 1600 555 1657 perspicientia
585 1602 673 1644 veri
707 1601 978 1659 sollertiaque
1011 1614 1201 1644 versatur
1233 1628 1289 1633 —
1321 1614 1391 1644 aut
1425 1605 1467 1644 in
1517 1601 1602 1644 ho-

184 1670 351 1712 minum
387 1673 588 1715 societate
634 1671 804 1726 tuenda,
836 1672 1150 1731 tribuendoque
1197 1689 1324 1716 suum
1361 1674 1510 1730 cuique
1558 1683 1604 1715 et

185 1756 329 1784 rerum
365 1754 676 1786 contractarum
709 1743 791 1787 fide
818 1769 874 1777 —
907 1757 977 1786 aut
1011 1745 1053 1787 in
1089 1745 1218 1786 animi
1251 1743 1403 1786 excelsi
1436 1744 1600 1800 magni-

185 1812 332 1856 tudine
365 1829 410 1856 ac
442 1813 596 1857 robore
630 1840 686 1848 —
719 1827 788 1858 aut
821 1816 862 1857 in
901 1817 1114 1874 omnium,
1148 1831 1254 1873 quae
1301 1814 1408 1857 fiunt
1455 1830 1500 1857 ac
1533 1814 1603 1858 di-

187 1900 354 1943 cuntur,
387 1887 537 1932 ordine
570 1901 610 1931 et
644 1888 792 1946 modo,
826 1889 866 1931 in
900 1904 986 1946 quo
1020 1889 1128 1932 inest
1171 1887 1380 1931 modestia
1413 1900 1453 1930 et
1486 1900 1605 1930 tem-

186 1959 387 2016 perantia.
410 1976 430 1998 »

311 2032 403 2075 168.
439 2032 688 2076 SCHOLION.
728 2033 788 2076 Ut
836 2045 978 2076 autem
1026 2032 1297 2089 intelligatur,
1345 2047 1431 2089 quo
1479 2043 1606 2089 pacto

284 2252 341 2297 (1)
371 2251 528 2288 «Omne
555 2261 750 2299 peccatum,
778 2253 826 2288 ait
865 2264 890 2288 S.
918 2253 1093 2296 Thomas,
1126 2264 1152 2287 1.
1180 2263 1210 2288 2.
1239 2265 1270 2299 q.
1297 2262 1352 2297 77.
1378 2264 1408 2287 a.
1435 2262 1480 2294 4,
1515 2263 1606 2298 pro·-

188 2312 284 2346 venit
311 2312 366 2346 vel
394 2324 437 2346 ex
465 2313 670 2348 inordinato
689 2314 849 2358 appetitu
869 2312 1019 2347 alicuius
1045 2312 1145 2355 boni,
1164 2312 1221 2347 vel
1241 2324 1282 2347 ex
1300 2312 1502 2347 inordinata
1518 2310 1604 2356 fuga

189 2369 337 2405 alicuius
365 2371 463 2406 mali.
490 2372 558 2407 Sed
587 2381 777 2419 utrumque
804 2373 935 2407 horum
963 2373 1140 2406 reducitur
1165 2371 1209 2406 ad
1236 2383 1399 2407 amorem
1426 2372 1492 2413 sui,
1518 2381 1608 2417 pro—

189 2438 265 2476 pter
290 2431 359 2465 hoc
387 2432 484 2465 enim
511 2431 623 2467 homo
653 2433 711 2467 vel
738 2433 875 2478 appetit
902 2433 997 2466 bona
1034 2431 1087 2466 vel
1125 2431 1215 2478 fugit
1251 2432 1359 2474 mala,
1394 2431 1475 2477 quia
1507 2437 1607 2465 amat

187 2488 356 2535 seipsum.
373 2505 389 2520 »

286 2549 343 2594 (2)
373 2550 427 2584 De
455 2550 515 2584 off.
542 2550 564 2585 1.
597 2562 624 2586 1.
652 2562 680 2585 c.
710 2560 739 2594 5.
