1734 2784
312 209 423 258 Hoc,
458 206 576 265 quod
610 209 712 250 ratio
748 206 874 249 dictat
899 241 909 259 ,
953 204 1172 248 manifesta
1221 202 1446 247 confirmat
1498 211 1622 262 exp&

196 281 355 322 ricntia.
390 279 433 321 Si
477 278 587 320 bona
633 276 751 320 finita
786 290 928 320 essent
972 276 1133 319 bonum
1185 276 1353 318 homini
1395 275 1623 333 sufficiens,

190 363 291 392 tunc
316 349 450 391 homo
476 350 516 390 in
542 348 663 406 plena
687 349 881 405 ipsorum
907 348 1182 404 possessione
1213 347 1475 403 experiretur
1498 346 1622 404 quie-

190 432 295 471 tem,
329 419 504 461 sentiret
537 434 580 461 se
614 433 706 460 esse
740 417 928 472 beatum,
961 416 1108 459 saltem
1142 432 1191 459 ex
1228 416 1300 459 tali
1345 417 1620 473 possessione

191 489 503 547 aegritudinem
549 488 879 544 molestiamque
928 502 1013 530 non
1062 486 1262 530 hauriret.
1314 485 1446 544 Atqui
1496 484 1621 528 multi

190 561 432 616 extiterunt,
465 560 537 617 qui
573 575 669 602 cum
705 559 875 615 plenam
910 558 1126 601 bonorum
1172 557 1395 601 finitorum
1443 572 1623 615 posses-

187 632 356 674 sionem
391 630 610 682 haberent,
631 629 727 672 fassi
745 643 886 672 tamen
919 642 1030 682 sunt,
1058 646 1102 672 se
1135 645 1223 672 non
1259 627 1391 672 modo
1415 643 1502 671 non
1525 643 1620 671 esse

192 702 352 759 beatos,
386 702 459 745 sed
494 715 643 745 contra
677 717 727 744 ex
759 700 888 744 finitis
923 700 1045 743 bonis
1069 700 1127 744 nil
1150 699 1261 744 aliud
1298 700 1380 743 nisi
1407 698 1621 742 sollicitu-

188 772 335 815 dinem
368 773 564 829 experiri.
601 772 669 815 Ne
702 772 823 814 nimii
858 772 1012 824 simus,
1047 772 1147 814 satis
1180 771 1234 813 sit
1277 785 1620 814 commemorare

191 844 354 899 Regem
379 842 502 886 illum
527 843 569 884 in
593 842 824 885 Ierusalem
843 842 929 900 (1),
950 843 1023 900 qui
1043 857 1141 885 cum
1171 842 1380 899 potentia,
1402 841 1623 898 sapientia,

187 913 361 966 divitiis,
395 913 572 970 aliisque
604 911 733 956 finitis
767 913 889 956 bonis
924 912 1132 966 afflueret,
1167 925 1339 955 coactus
1381 924 1523 954 tamen
1555 923 1620 954 est

188 982 381 1039 fateri‚se
417 999 514 1025 cum
549 982 750 1026 omnibus
786 983 901 1027 hisce
929 983 1052 1026 bonis
1087 999 1176 1026 non
1210 997 1303 1025 esse
1336 981 1519 1037 felicem,
1546 980 1623 1024 sed

189 1055 334 1096 omnia
370 1053 472 1096 haec
506 1052 617 1097 bona
650 1070 700 1096 ex
733 1071 776 1097 se
809 1071 901 1098 esse
930 1055 1197 1097 «vanitatem
1231 1067 1272 1097 et
1309 1069 1470 1096 cassam
1504 1052 1621 1096 solli-

189 1124 425 1168 citudinem
451 1125 621 1168 mentis.
642 1142 661 1164 »
687 1150 744 1158 —
769 1128 934 1171 Rursus
960 1127 994 1168 si
1018 1125 1128 1169 bona
1151 1125 1269 1168 finita
1292 1138 1433 1169 essent
1457 1124 1620 1168 bonum

188 1332 311 1367 fruens
341 1334 432 1374 Deo,
460 1334 562 1367 beata
591 1343 682 1368 esset
710 1345 783 1367 non
813 1333 950 1367 habens
980 1332 1190 1377 proximum
1217 1342 1323 1377 quem
1352 1330 1524 1377 diligeret.
1550 1330 1621 1366 Sed

185 1392 372 1437 supposito
399 1392 578 1437 proximo,
605 1392 755 1438 sequitur
783 1392 930 1426 dilectio
961 1392 1035 1425 eius
1063 1402 1106 1425 ex
1132 1390 1289 1437 perfecta
1318 1390 1512 1425 dilectione
1538 1390 1619 1425 Dei.

186 1450 292 1484 Unde
320 1450 421 1496 quasi
450 1451 719 1485 concomitanter
744 1463 781 1486 se
809 1451 916 1485 habet
945 1450 1101 1484 amicitia
1129 1450 1173 1483 ad
1201 1448 1398 1495 perfectam
1425 1448 1618 1483 beatitudi-

187 1521 279 1544 nem.
303 1525 317 1539 »
348 1510 438 1543 Vide
466 1510 574 1544 etiam
605 1522 657 1553 ea,
685 1522 775 1556 quae
810 1510 906 1544 idem
935 1522 961 1544 s.
989 1511 1134 1545 Doctor
1175 1509 1291 1551 habet,
1320 1509 1364 1543 ib.
1404 1517 1469 1543 art.
1498 1519 1527 1544 1.
1559 1507 1617 1544 Cf.

186 1569 325 1609 SuareZ,
353 1568 397 1602 de
423 1569 487 1603 ult.
516 1569 586 1603 fine
613 1569 704 1615 disp.
722 1569 768 1604 V.
797 1578 883 1603 sect.
913 1580 942 1604 2.

282 1629 333 1673 (1)
361 1627 416 1663 Cf.
437 1628 641 1663 Ecclesiast.
663 1641 712 1664 cc.
733 1629 758 1662 Ι.
777 1638 811 1663 et
839 1629 882 1663 11.
901 1629 972 1664 Ubi
994 1629 1081 1662 haec
1102 1628 1195 1662 inter
1214 1627 1281 1662 alia
1300 1627 1478 1673 leguntur:
1510 1641 1528 1657 ι
1544 1627 1618 1662 Ma-

187 1687 355 1732 gnificavi
383 1699 494 1733 opera
522 1699 612 1730 mea,
640 1688 824 1722 aedificavi
852 1688 940 1721 mihi
969 1687 1101 1721 domos
1128 1696 1162 1721 et
1191 1686 1347 1733 plantavi
1384 1686 1518 1729 vineas,
1545 1685 1612 1720 feci

189 1745 315 1779 hortos
343 1756 376 1780 et
403 1747 580 1792 pomaria,
601 1757 633 1782 et
655 1748 801 1782 consevi
822 1758 861 1781 ea
889 1746 1006 1781 cuncti
1034 1747 1176 1791 generis
1202 1745 1400 1787 arboribus,
1419 1753 1451 1779 et
1479 1743 1616 1779 extruxi

188 1803 273 1837 mihi
304 1804 465 1849 piscinas
494 1816 682 1852 aquarum,
705 1815 742 1840 ut
763 1806 949 1852 irrigarem
977 1805 1104 1839 silvam
1123 1805 1304 1850 lignorum
1322 1803 1617 1850 germinantium,

188 1863 336 1908 possedi
366 1875 489 1898 servos
516 1874 549 1899 et
577 1865 740 1908 ancillas,
757 1865 981 1911 multamque
1008 1863 1184 1898 familiam
1209 1864 1328 1898 habui:
1350 1871 1512 1898 armenta
1530 1874 1618 1910 quo-

188 1932 255 1966 que
283 1931 316 1956 ct
343 1933 497 1968 magnos
527 1923 651 1956 ovium
679 1935 806 1970 greges
833 1923 923 1958 ultra
951 1934 1090 1965 omnes,
1119 1924 1177 1969 qui
1204 1922 1345 1958 fuerunt
1377 1931 1458 1957 ante
1495 1933 1553 1956 me
1580 1923 1616 1956 in

189 1979 397 2014 Ierusalem:
428 1983 636 2016 coacervavi
663 1983 752 2016 mihi
779 1992 968 2028 argentum
1008 1991 1041 2016 et
1068 1993 1193 2016 aurum
1232 1992 1266 2017 et
1300 1982 1518 2016 substantias
1555 1992 1614 2016 re-

187 2050 274 2085 gum
302 2051 342 2073 ac
370 2041 651 2084 provinciarum:
680 2041 749 2075 feci
775 2042 863 2075 mihi
890 2052 1055 2077 cantores
1083 2051 1116 2076 et
1152 2041 1372 2083 cantatrices,
1399 2049 1433 2075 et
1471 2040 1618 2075 delicias

187 2097 348 2131 filiorum
376 2098 581 2141 hominum,
611 2100 764 2146 scyphos
805 2109 838 2134 et
865 2112 994 2135 urceos
1038 2102 1072 2134 in
1100 2101 1296 2135 ministerio
1335 2101 1379 2134 ad
1416 2100 1500 2134 vina
1527 2099 1612 2134 fun-

192 2156 320 2190 denda:
349 2166 383 2191 et
410 2169 663 2203 supergressus
688 2171 768 2193 sum
796 2161 925 2205 opibus
952 2171 1092 2203 omnes,
1121 2161 1179 2206 qui
1207 2169 1289 2194 ante
1316 2170 1373 2193 rne
1408 2158 1551 2193 fuerunt
1577 2158 1613 2193 in

188 2215 396 2249 Ierusalem:
426 2216 601 2261 sapientia
630 2228 772 2263 quoque
798 2220 1039 2263 perseveravit
1067 2229 1222 2252 mecum.
1241 2219 1283 2253 Et
1304 2218 1427 2252 omnia
1447 2229 1536 2264 quae
1553 2217 1616 2251 de-

189 2274 436 2309 sideraverunt
463 2275 560 2309 oculi
587 2277 669 2318 mei,
699 2287 771 2311 non
800 2278 927 2322 negavi
949 2278 1016 2313 eis:
1038 2289 1104 2311 nec
1124 2278 1287 2323 prohibui
1309 2289 1371 2311 cor
1388 2288 1510 2311 meum
1529 2277 1614 2323 quin

189 2334 292 2367 omni
318 2333 504 2379 voluptate
542 2333 727 2377 frueretur,
756 2346 789 2370 et
817 2337 1014 2371 oblectaret
1042 2348 1079 2370 se
1107 2336 1143 2370 in
1172 2336 1227 2370 his
1254 2347 1343 2382 quae
1382 2346 1614 2382 praeparave-

189 2403 278 2425 ram:
310 2401 343 2427 et
368 2392 460 2427 hanc
487 2402 583 2427 ratus
610 2404 689 2428 sum
718 2404 857 2440 paxtem
886 2408 1017 2433 meam*
1036 2397 1064 2430 si
1096 2405 1213 2431 uterer
1232 2397 1355 2430 labore
1381 2407 1475 2430 meo.
1498 2395 1612 2430 Cum-

189 2462 255 2496 que
283 2462 342 2486 me
369 2453 629 2487 convertissem
655 2453 697 2487 ad
726 2455 892 2489 universa
918 2466 1039 2501 opera,
1069 2467 1159 2501 quae
1186 2454 1345 2490 fecerant
1363 2466 1492 2489 manus
1509 2465 1613 2489 meae

187 2518 221 2542 et
248 2509 290 2542 ad
317 2510 470 2553 labores,
499 2511 533 2545 in
561 2512 688 2558 quibus
729 2511 858 2547 frustra
889 2513 1112 2557 sudaveram,
1138 2514 1209 2548 vidi
1237 2515 1272 2548 in
1309 2513 1479 2548 omnibus
1503 2514 1612 2547 vani-

187 2574 305 2601 tatem
334 2577 368 2602 et
396 2569 630 2604 afflictionem
659 2570 771 2604 animi
797 2580 832 2605 et
858 2571 945 2605 nihil
971 2584 1181 2618 permanere
1207 2573 1271 2607 sub
1297 2572 1374 2607 sole
1400 2581 1499 2607 etc.»
