1734 2784
697 129 962 158 —101—

111 222 180 254 est
211 210 386 253 felicitas
415 212 456 254 in
480 219 542 269 spe
577 226 650 254 seu
676 211 888 253 tutissima
912 212 977 253 via
1001 224 1040 253 et
1064 210 1291 268 dispositio
1316 211 1543 255 infallibilis

110 281 167 325 ad
201 281 508 326 beatitudinem
543 282 891 340 consequendam
924 281 1009 341 (Ι),
1033 297 1228 340 quaeque
1253 283 1336 342 2.⁰)
1360 284 1395 326 si
1419 299 1546 341 spec-

113 364 228 395 tetur
259 352 456 405 absolute,
492 354 518 396 i.
549 370 584 396 e.
610 353 754 412 quoad
778 355 866 411 ipsa
890 353 1016 411 bona,
1040 370 1149 412 quae
1184 356 1227 398 in
1260 371 1304 398 se
1340 356 1545 413 continet,

113 422 325 482 perfectae
358 423 633 468 beatitudinis
667 427 813 482 statui,
847 425 896 469 ad
930 425 1060 468 huius
1109 426 1391 470 substantiam
1426 427 1544 484 quod

110 495 277 549 attinet,
310 496 447 552 magis
482 495 654 540 accedit.
689 498 821 554 Atqui
856 497 947 540 talis
995 510 1057 540 est
1094 497 1283 541 conditio
1334 498 1541 551 hominis,

110 567 188 624 qui
220 567 369 610 sedulo
402 567 608 611 incumbit
640 569 683 622 in
716 569 1010 625 cognitionem
1045 582 1084 612 et
1118 585 1311 612 amorem
1348 570 1431 612 Dei
1467 585 1541 612 seu

111 638 282 682 divinae
314 639 420 696 legis
455 638 695 682 custodiam
729 639 793 698 (in
834 640 916 682 hoc
949 641 1064 683 enim
1096 656 1222 683 verus
1258 656 1357 697 erga
1396 642 1542 683 Deum

111 711 481 767 amorconsistit,
514 711 556 753 in
591 709 889 754 observatione
924 711 1227 754 mandatorum
1262 711 1391 770 eius).
1425 712 1541 755 Nam

114 785 200 828 Dei
233 784 422 841 cognitio
456 795 496 826 et
529 798 651 825 amor
685 799 759 825 seu
796 782 901 839 legis
936 782 1103 826 divinae
1138 783 1351 836 custodia,
1387 796 1463 837 est,
1497 795 1544 826 ut

111 855 199 898 iam
232 854 434 908 diximus,
468 854 668 912 proprius
702 866 927 912 rectusque
961 853 1119 897 modus
1153 853 1231 897 sibi
1265 853 1543 912 promerendi

113 926 344 985 perfectam
377 924 653 970 felicitatem:
688 924 818 968 huius
854 938 997 968 autem
1033 925 1243 984 perfectae
1271 925 1544 969 beatitudinis

116 999 300 1041 essentia
347 1014 421 1041 seu
455 997 704 1051 substantia,
739 1009 785 1040 ut
819 998 975 1055 pariter
1010 997 1175 1040 dictum
1225 1009 1303 1051 est,
1348 998 1545 1041 consistit

111 1070 158 1112 in
191 1069 377 1127 perfecta
408 1069 712 1112 coniunctione
760 1084 856 1111 cum
903 1070 998 1112 Deo
1047 1084 1121 1127 per
1172 1069 1470 1126 cognitionem
1504 1081 1544 1112 et

110 1156 309 1184 amorem
343 1140 428 1199 (2).
464 1141 579 1197 Ergo
612 1152 745 1183 status
780 1139 971 1183 hominis
1004 1141 1195 1194 viatoris,
1230 1142 1302 1199 qui
1329 1142 1371 1184 in
1395 1141 1542 1198 cogni-

110 1213 280 1255 tionem
314 1224 355 1254 et
400 1226 594 1254 amorem
645 1212 728 1255 Dei
775 1212 952 1269 eiusque
1001 1211 1107 1268 legis
1147 1211 1387 1255 custodiam
1425 1224 1543 1255 totus

113 1281 340 1336 incumbit,
360 1283 451 1326 iure
475 1283 716 1340 meritoque
741 1281 822 1325 dici
846 1295 989 1340 potest
1013 1283 1203 1337 felicitas,
1220 1299 1358 1341 eoque
1382 1284 1541 1342 potiori

111 1355 220 1411 iure,
254 1370 340 1412 quo
374 1352 606 1412 perfectior
655 1367 717 1397 est
752 1355 834 1396 Dei
871 1355 1063 1411 cognitio
1108 1367 1235 1412 atque
1283 1371 1419 1409 amor,
1454 1371 1541 1413 quo

108 1426 306 1468 securior
338 1438 400 1468 est
433 1427 725 1483 permanentia
769 1426 810 1467 in
854 1441 905 1468 eo
939 1438 1048 1469 statu
1097 1425 1148 1469 ad
1198 1427 1363 1469 exitum
1407 1442 1544 1484 usque

112 1496 307 1539 mortalis
342 1496 468 1539 huius
502 1497 626 1550 vitae,
660 1512 746 1554 quo
782 1498 919 1553 magis
953 1498 1079 1540 etiam
1116 1499 1312 1556 corporis
1355 1498 1540 1540 miseriis

108 1568 332 1627 animique
365 1569 574 1612 molestiis
610 1569 747 1613 homo
781 1583 843 1613 est
877 1582 1115 1627 exemptus.
1138 1569 1258 1613 Talis
1282 1569 1456 1627 quidem
1483 1570 1541 1613 fe-

110 1638 246 1683 licitas
280 1653 342 1683 est
375 1640 637 1698 imperfecta,
673 1654 766 1684 tum
816 1642 913 1699 quia
957 1642 1021 1684 vir
1060 1642 1198 1684 iustus
1242 1641 1286 1683 in
1330 1639 1541 1697 aliquibus

108 1727 284 1770 ,semper
315 1710 661 1756 afflictationibus
686 1726 725 1756 et
751 1714 860 1756 curis
884 1726 1076 1757 versatur
1101 1712 1187 1772 (3),
1211 1725 1302 1756 tum
1328 1713 1426 1770 quia
1457 1712 1540 1755 Dei

209 1898 266 1942 (1)
293 1897 393 1942 Spes,
421 1908 510 1944 quae
538 1897 658 1932 solido
687 1898 927 1934 fundamento
957 1900 1099 1941 nitatur,
1139 1899 1233 1932 bona
1268 1896 1385 1932 futura
1424 1895 1541 1930 reddit

109 1955 387 2003 quodammodo
414 1959 627 2003 praesentia:
659 1958 822 1993 similiter
849 1960 957 1993 timor
984 1960 1076 1993 mala
1098 1958 1217 1994 futui-a
1241 1958 1347 1992 efficit
1373 1968 1540 2005 praesen-

107 2016 172 2052 tia.
200 2015 238 2050 Id
266 2015 413 2061 pulchre
445 2017 598 2062 explicat
626 2017 864 2061 Pallavicino‚
894 2018 945 2053 del
972 2019 1049 2053 bene
1076 2018 1098 2053 l.
1117 2028 1150 2062 4.
1177 2029 1205 2053 c.
1232 2027 1264 2061 4.

209 2075 267 2120 (2)
297 2074 354 2111 Cf.
383 2076 515 2110 thesim
542 2076 591 2110 Vi
621 2086 654 2111 et
681 2078 745 2113 xl.

210 2136 267 2180 (3)
294 2136 501 2170 Stoicorum
529 2148 627 2170 error
655 2136 731 2180 suit,
760 2138 873 2172 virum
900 2139 1054 2184 probum
1082 2138 1184 2172 omni
1212 2146 1251 2172 ut
1269 2136 1469 2183 voluptatis
1489 2136 1540 2169 sic

111 2194 250 2229 doloris
276 2206 382 2230 sensu
410 2207 531 2229 carere
559 2195 699 2230 debere.
727 2198 837 2243 Atqui
864 2209 937 2232 non
965 2197 1026 2232 ita.
1053 2197 1118 2231 Vir
1145 2197 1278 2243 probus
1309 2207 1350 2230 ex
1387 2194 1539 2229 calami-

108 2254 259 2296 tatibus,
288 2265 378 2300 quae
417 2255 481 2301 ipsi
522 2256 790 2300 superveniunt,
820 2257 927 2291 sentit
956 2256 1120 2291 dolorem
1149 2258 1223 2291 sive
1256 2257 1438 2290 internum
1465 2254 1541 2289 sive

112 2322 311 2348 externum.
340 2313 445 2348 Hunc
472 2324 594 2349 tamen
623 2314 788 2349 dolorem
818 2316 903 2350 lenit
942 2326 975 2351 et
1002 2317 1179 2362 patienter
1217 2316 1282 2350 fert
1317 2315 1539 2359 cogitatione

110 2381 191 2407 tum
219 2371 357 2408 futurae
384 2374 571 2408 beatitatis.
601 2383 677 2408 tum
705 2376 945 2409 amantissimi
974 2376 1170 2421 provisoris
1189 2375 1387 2416 Dei‚cuius
1413 2375 1543 2421 guber-

111 2431 252 2466 nationi
279 2434 404 2467 omnia
430 2435 592 2473 subsunt,
620 2435 747 2481 quique
774 2436 800 2468 si
829 2435 912 2482 quid
942 2436 1025 2469 mali
1045 2436 1150 2470 nobis
1173 2435 1334 2470 accidere
1354 2434 1541 2480 permittit,

113 2489 194 2526 ideo
222 2493 407 2537 permittit,
435 2502 472 2527 ut
511 2493 592 2527 huic
620 2494 712 2528 vitae
750 2495 869 2529 minus
905 2496 1177 2533 adhaereamus,
1205 2495 1360 2530 futuram
1399 2495 1545 2541 recogi-

110 2557 233 2585 temus
267 2552 511 2594 mansionem,
541 2553 583 2587 de
610 2563 793 2588 anteactae
831 2554 924 2589 vitae
965 2554 1164 2589 malefactis
1197 2567 1353 2601 poenam
1381 2548 1538 2597 luamus,

113 2608 284 2644 virtutem
304 2612 421 2657 magis
448 2624 691 2650 exerceamus,
713 2615 900 2660 maiusque
929 2615 1129 2660 praemium
1149 2616 1254 2650 nobis
1274 2627 1540 2662 comparemus.
