1734 2784
164 150 274 192 licite
309 150 468 206 poteris
503 163 594 191 eam
643 162 865 204 occupare,
914 161 1115 206 tuamque
1164 148 1309 194 facere.
1344 151 1452 193 Item
1489 170 1510 191 «
1543 153 1577 194 si

164 222 361 273 creditor,
396 221 475 262 lioc
508 220 753 276 exemplum
788 220 905 263 affert
930 222 1045 275 Hug.
1073 221 1251 264 Grotius
1288 221 1373 280 (1),
1406 223 1521 279 quod
1543 225 1580 267 ei

164 294 296 337 debeo
332 305 549 349 acceptum
585 291 704 343 ferat,
741 293 822 333 iam
857 291 1019 335 solvere
1053 307 1139 335 non
1176 303 1340 348 teneor,
1367 309 1453 336 non
1477 295 1575 351 quia

164 368 228 407 ius
263 377 432 406 naturae
465 363 636 406 desierit
671 364 908 420 praecipere
941 362 1198 406 solvendum
1247 364 1362 421 quod
1411 364 1544 408 debeo
1565 400 1577 424 ,
1632 364 1642 367 '⁴

164 436 236 478 scd
271 436 368 492 quia
402 433 519 491 quod
552 433 757 476 debebam
792 433 934 477 deberi
968 433 1145 477 desiit.»

282 507 357 549 ΙΙΙ.
392 507 442 549 Et
476 504 649 562 quidem
682 504 821 562 (quod
856 517 916 547 est
952 504 1174 562 diligenter
1208 506 1580 567 perpendendum)

165 577 266 621 haec
289 579 376 634 ipsa
401 577 581 618 mutatio
615 577 849 633 impropria
881 593 930 619 ex
954 588 1070 633 parte
1093 577 1226 620 solius
1254 579 1471 631 materiae,
1494 595 1582 622 non

163 650 246 691 iam
282 649 323 690 in
357 647 573 699 omnibus,
607 646 680 689 sed
714 647 753 688 in
787 646 995 704 aliquibus
1029 660 1193 690 tantum
1228 647 1333 706 legis
1381 650 1578 692 naturalis

165 719 399 777 praeceptis
449 718 592 760 locum
642 717 791 760 habere
842 730 1007 775 potest:
1057 718 1261 775 quaedam
1314 721 1427 762 enim
1474 720 1579 778 legis

164 789 289 831 liuius
324 800 542 845 praecepta
573 800 795 831 versantur
829 790 869 830 in
918 790 1104 842 materia,
1141 805 1246 846 quae
1295 805 1380 833 non
1428 791 1578 848 recipit

163 861 464 913 mutationem,
490 872 536 901 ut
560 872 622 902 est
655 860 850 915 generale
884 873 1178 917 praeceptum,
1212 860 1366 904 declina
1402 878 1427 905 a
1460 862 1581 920 malo,

161 944 202 975 et
234 931 483 989 particulare
507 943 794 988 praeceptum,
817 946 912 974 clive
935 946 961 974 cz
985 931 1238 988 blasphemia.
1278 957 1334 965 —
1354 933 1404 975 Et
1437 934 1495 976 sic
1518 946 1581 976 est
1632 971 1635 975 .

161 1000 462 1058 intelligendus
497 1017 527 1043 s.
566 1001 762 1045 Thomas
796 1002 881 1060 (2),
916 1018 1013 1044 cum
1048 1003 1279 1059 distinguit
1312 1005 1419 1047 inter
1452 1020 1577 1062 quae—

162 1074 259 1117 dam
293 1072 497 1115 naturalia
545 1085 795 1130 praecepta,
831 1089 936 1130 quae
983 1073 1238 1131 admittunt,
1273 1088 1311 1117 et
1354 1075 1576 1132 quaedam,

163 1161 269 1203 quae
303 1160 389 1187 non
423 1144 651 1186 admittunt
685 1146 980 1188 mutationem:
1015 1161 1157 1188 sermo
1191 1147 1395 1189 nimirum
1429 1158 1491 1189 est
1527 1146 1578 1190 de

163 1218 400 1260 mutatione
434 1217 667 1274 impropria
690 1211 739 1259 ex*
763 1230 875 1273 parte
900 1218 1113 1274 materiae,
1136 1234 1263 1275 quam
1288 1218 1425 1275 aliqua
1456 1234 1573 1276 prae-

125 1282 129 1286 *
164 1300 280 1346 cepta
314 1288 537 1344 recipiunt,
573 1286 649 1329 alia
678 1303 781 1329 vero
817 1288 1025 1331 reiiciunt.

282 1361 356 1403 IV.
392 1358 511 1410 Quid
545 1370 606 1401 est
639 1359 877 1415 dispensatio
909 1375 1009 1402 vero
1044 1374 1089 1401 ac
1122 1360 1298 1416 proprio
1333 1374 1461 1402 sensu
1505 1375 1578 1402 ac·-

164 1433 314 1490 cepta?
349 1432 421 1473 Est
456 1430 675 1473 concessio
718 1445 739 1472 a
773 1431 1001 1487 Superiore
1034 1429 1152 1487 facta,
1186 1443 1232 1473 ut
1274 1430 1386 1473 licite
1430 1443 1577 1487 agatur

164 1517 308 1547 contra
342 1503 494 1559 legem,
528 1513 724 1544 manente
761 1502 850 1544 eius
899 1503 1076 1544 materia
1124 1514 1163 1545 et
1212 1501 1576 1559 perseverantibus

162 1574 241 1618 illis
285 1574 613 1617 circumstantiis
661 1572 892 1625 omnibus,
928 1574 969 1615 in
1018 1572 1171 1630 quibus
1214 1572 1281 1616 lex
1330 1573 1577 1630 ceteroquin

162 1648 277 1703 viget
309 1659 348 1688 et
381 1645 539 1702 obligat
571 1644 654 1703 (3).
690 1645 817 1688 Tunc
850 1660 1005 1701 nempe
1040 1643 1159 1687 habet
1203 1644 1345 1687 locum
1398 1644 1580 1687 mutatio

258 1819 314 1863 (1)
342 1819 378 1852 L.
407 1818 462 1852 cit.
492 1829 590 1851 num.
619 1816 651 1851 6.

259 1879 315 1921 (2)
343 1878 381 1910 In
418 1888 442 1910 1.
471 1887 500 1911 2.
530 1889 560 1922 q.
581 1886 636 1921 94.
666 1889 697 1911 a.
732 1886 758 1917 ς.
787 1876 923 1910 Eodem
951 1886 1055 1921 pacto
1093 1876 1257 1921 intellige
1285 1888 1336 1917 ea,
1356 1887 1444 1922 quae
1469 1876 1576 1911 habet

162 1936 386 1977 Aristoteles,
414 1935 527 1969 Etliic.
561 1935 603 1969 V.
633 1945 663 1979 7.

259 1996 315 2040 (3)
345 1995 442 2037 Quid
469 1995 511 2028 sit
538 1995 758 2039 dispensatio
789 1995 932 2039 proprie
959 1995 1063 2035 dicta,
1093 1995 1142 2028 sic
1182 1993 1337 2039 explicat
1364 1995 1505 2035 SuareZ,
1533 1993 1579 2028 de

164 2055 232 2101 leg.
260 2056 283 2090 l.
314 2056 355 2089 ΙΙ.
386 2066 414 2088 c.
447 2063 497 2096 15.
518 2065 616 2087 num.
641 2064 705 2098 19.:
738 2054 817 2088 «Ut
837 2054 1061 2099 intelligatur
1079 2055 1175 2088 Deus
1202 2053 1417 2098 dispensare,
1436 2060 1578 2098 oportet

163 2124 200 2148 ut
227 2114 361 2148 utendo
390 2113 465 2147 sola
494 2113 553 2147 illa
580 2113 825 2147 iurisdictione
853 2114 961 2159 (quae
988 2113 1020 2147 ei
1040 2113 1215 2158 competit
1233 2121 1269 2147 ut
1287 2121 1339 2146 est
1357 2111 1574 2157 legislator),

164 2182 197 2208 et
223 2185 297 2207 non
325 2172 555 2217 adiungendo
583 2180 801 2217 potestatem
831 2172 1091 2207 dominativam
1119 2173 1225 2218 (quae
1261 2172 1292 2205 ei
1330 2171 1513 2217 competit,
1539 2180 1578 2206 ut

163 2243 213 2268 est
242 2244 427 2278 supremus
454 2232 633 2274 dominus,
661 2241 696 2265 ut
736 2242 785 2266 est
813 2243 1001 2277 supremus
1035 2231 1139 2266 iudex
1168 2232 1267 2275 eto),
1299 2242 1362 2276 per
1388 2242 1495 2276 quam
1521 2241 1577 2264 res

163 2292 256 2337 ipsas
284 2293 464 2334 immutet3
496 2292 602 2325 licere
639 2289 754 2329 faciat,
784 2291 877 2337 quod
918 2300 1020 2325 antea
1048 2301 1120 2324 non
1148 2289 1289 2325 licebat.
1327 2290 1421 2324 Nam
1459 2290 1488 2322 si
1514 2299 1579 2333 per

163 2351 367 2384 dominium
393 2362 497 2385 suum
524 2360 637 2385 mutet
664 2350 876 2391 humanum,
904 2350 972 2383 hoc
999 2361 1073 2383 non
1103 2349 1168 2383 erit
1195 2348 1410 2394 dispensare,
1437 2346 1498 2381 sed
1515 2346 1577 2381 lol-

161 2410 227 2443 [ενα
253 2411 434 2444 υιυΐενὶαηι
460 2411 551 2455 legis.
579 2411 734 2452 Quoties
761 2421 846 2455 ergo
873 2411 971 2444 Deus
998 2408 1085 2443 facit
1112 2409 1252 2443 licitum
1273 2416 1404 2450 actum,
1424 2407 1484 2452 qui
1501 2405 1576 2438 iure

162 2478 310 2503 naturae
336 2470 520 2503 videbatur
547 2469 757 2515 prohibitus,
785 2480 981 2515 numquam
1012 2468 1044 2501 id
1073 2467 1155 2502 facit
1184 2476 1219 2502 ut
1248 2477 1356 2514 purus
1374 2464 1574 2510 legislator,

161 2527 222 2562 sed
250 2528 383 2561 utendo
411 2528 478 2561 alia
504 2536 693 2572 potestate,
721 2536 754 2562 et
782 2528 861 2562 ideo
888 2539 961 2561 non
991 2526 1226 2573 dispensat.»

1703 2735 1734 2782 ²453„-
1713 2659 1733 2726 „1ch
1724 2601 1733 2627 f-
