1734 2784
758 110 991 152 —72—

164 192 327 233 ritatem
365 207 459 232 cum
499 192 592 233 Deo
640 190 929 244 transferatur,
979 207 1244 247 cognoscens
1298 193 1438 249 ipsum
1471 193 1580 236 sicut

165 262 359 316 cognitus
384 275 462 313 est,
485 262 662 319 ipsoque
697 261 840 304 dix-ino
865 278 956 305 esse
981 262 1220 319 divinisque
1246 262 1578 319 perfectionibus

168 331 308 373 fruens
334 349 351 368 u
377 332 454 389 (1):
484 332 527 389 7)
552 332 657 374 lianc
693 333 887 375 intimam
922 332 1247 375 familiaritatem
1283 349 1373 376 esse
1407 334 1580 391 quidem

167 403 381 459 propriam
416 401 620 459 filiorum,
655 403 726 445 sed
763 402 879 444 nullo
915 403 1037 445 titulo
1073 402 1214 446 deberi
1249 405 1316 456 iis,
1357 405 1428 462 qui
1462 417 1581 448 natu-

167 474 302 515 raliter
336 489 421 515 non
456 487 554 515 sunt
588 475 666 515 nisi
702 476 824 517 servi,
860 475 915 516 Hi
952 487 1132 531 possunt
1181 490 1278 517 sane
1318 492 1367 517 ex
1400 479 1582 533 gratuita

167 544 330 587 domini
367 544 609 587 liberalitate
644 547 683 586 in
720 545 826 588 filios
862 545 1052 602 adoptari
1086 558 1126 588 ct
1160 561 1258 588 cum
1301 547 1451 589 ceteris
1484 545 1580 590 filiis

168 616 319 658 intimo
356 617 480 672 patris
515 616 709 673 amplexu
734 616 815 659 frui
849 630 972 674 atque
996 617 1046 659 ad
1071 618 1161 660 eius
1186 633 1379 660 mensam
1403 617 1583 662 admitti.

168 688 331 729 Verum
367 688 397 729 si
434 701 545 729 tanta
579 689 637 730 eis
671 703 764 730 sors
797 704 883 730 non
918 687 1128 744 obtingat,
1163 703 1248 730 non
1283 687 1380 731 ideo
1414 689 1582 732 tristan-

168 770 251 810 tur,
296 759 372 800 nisi
423 758 760 801 irrationabiliter
809 774 984 816 prorsus
1034 771 1074 802 et
1123 758 1390 803 inordinate:
1439 758 1583 803 vident

169 829 279 870 enim
315 829 438 871 talem
475 830 750 887 adoptionem
801 831 860 872 eis
894 845 980 872 non
1013 829 1153 873 deberi
1204 846 1249 873 ac
1283 832 1584 874 convenienter

168 916 189 941 a
222 898 400 941 domino
436 916 511 956 pro
546 900 683 943 servili
720 901 913 958 ipsorum
949 900 1192 944 conditione
1224 902 1404 944 tractari.

285 969 455 1027 Duplex
488 987 592 1027 ergo
627 971 950 1028 distinguendus
984 985 1047 1015 est
1080 971 1189 1025 finis,
1211 973 1399 1029 itemque
1428 971 1585 1030 duplex

170 1039 356 1084 felicitas:
390 1044 716 1099 snperlmtnralis
751 1060 1007 1100 exsuperans
1043 1043 1253 1086 humanae
1294 1057 1464 1087 naturae
1500 1044 1586 1087 exi-

167 1115 353 1169 gentiam
389 1127 428 1156 et
463 1114 720 1167 facultatem,
756 1127 795 1157 et
829 1115 1030 1157 imlltralis
1064 1114 1229 1157 homini
1253 1115 1511 1158 conveniens
1535 1130 1586 1157 ex

168 1186 337 1241 propria
370 1186 460 1227 eius
495 1198 654 1230 natura.
688 1188 803 1228 Haec
837 1187 914 1229 sita
949 1199 1010 1228 est
1044 1187 1086 1228 in
1120 1187 1368 1242 cognitione
1415 1186 1584 1230 abstra-

169 1257 272 1298 cti-va
308 1257 421 1312 Dei,
466 1257 532 1299 illa
580 1259 620 1299 in
670 1259 916 1314 cognitione
965 1259 1193 1300 intuitiva:
1229 1273 1349 1300 amor
1395 1273 1498 1301 vero
1546 1269 1587 1301 et

169 1327 372 1383 gaudium
408 1342 505 1371 sunt
541 1330 774 1385 cognitioni
800 1331 1137 1387 proportionata.
1171 1329 1404 1374 Obiectum
1429 1330 1586 1371 utrius-

170 1413 250 1454 que
283 1397 550 1441 bsatitudinis
585 1414 646 1443 est
680 1399 810 1452 idem,
848 1401 988 1443 Deus:
1022 1413 1061 1442 at
1086 1416 1172 1443 non
1204 1413 1266 1443 est
1291 1399 1404 1443 idem
1428 1399 1584 1443 modus

168 1469 402 1525 attingendi
437 1470 515 1513 tale
549 1470 776 1514 obiectum.
825 1471 1037 1515 Naturalis
1071 1472 1201 1528 igitur
1242 1471 1460 1514 beatitudo
1507 1471 1585 1513 etsi

167 1556 252 1582 non
289 1541 448 1584 differat
480 1558 501 1583 a
534 1543 856 1600 supernaturali,
891 1545 924 1586 si
958 1556 1170 1602 spectetur
1204 1536 1585 1599 obiecti-ve,'tamen

171 1611 309 1654 differt
343 1629 470 1670 quam
516 1615 714 1667 maxime,
748 1615 780 1656 si
816 1614 1031 1658 subiective
1081 1628 1120 1657 et
1162 1614 1402 1672 formaliter
1445 1613 1588 1656 consi-

171 1682 352 1727 deretur.
387 1684 529 1726 Media
564 1701 736 1742 quoque
770 1685 981 1728 differunt.
1017 1686 1188 1728 Etenim
1223 1683 1363 1727 media
1396 1683 1445 1727 ad
1479 1699 1587 1727 con-

171 1755 429 1811 sequendam
470 1756 701 1799 naturalem
741 1756 983 1799 felicitatem
1028 1770 1169 1799 essent
1206 1768 1324 1799 actus
1360 1755 1436 1807 illi,
1477 1770 1586 1812 quos

171 1824 305 1867 homo
340 1827 440 1883 ipsis
475 1841 645 1870 naturae
680 1827 857 1880 viribus,
892 1828 1070 1870 naturali
1104 1829 1184 1871 Dei
1219 1841 1427 1870 concursu
1462 1838 1587 1883 atque

176 1897 331 1939 auxilio
365 1897 535 1951 adium,
572 1912 712 1956 potest
747 1915 953 1943 exercere:
989 1899 1128 1942 media
1161 1914 1292 1955 vero,
1340 1895 1493 1955 quibus
1536 1895 1588 1939 ad

171 1969 532 2025 supernaturalem
581 1970 885 2013 beatitudinem
923 1987 1154 2028 possumus
1188 1971 1454 2028 pertingere,
1490 1979 1588 2010 sunt

175 2052 290 2080 actus
324 2041 682 2096 supernaturales,
718 2058 827 2099 quos
863 2042 997 2085 homo
1021 2058 1148 2098 supra
1172 2039 1405 2084 naturalem
1430 2051 1588 2082 statum

173 2110 358 2153 elevatus
392 2125 556 2154 exercet
592 2112 753 2155 auxiliis
796 2115 952 2169 gratiae
1002 2114 1166 2156 divinae
1198 2111 1282 2170 (2).
1308 2113 1371 2154 De
1405 2126 1485 2168 qua
1504 2108 1587 2152 du-

171 2179 270 2238 plici
303 2181 558 2226 beatitudine
592 2184 649 2226 ita
683 2183 849 2226 disserit
872 2200 902 2227 s,
925 2184 1120 2227 Thomas
1145 2183 1245 2241 (3).·
1277 2200 1296 2223 c<
1328 2183 1401 2225 Est
1435 2178 1590 2238 duplex

270 2392 326 2436 (1)
357 2390 408 2426 Cf.
426 2391 686 2433 Palmieri‚loc.
701 2402 814 2436 nuper
833 2391 890 2424 cit.
905 2390 960 2425 Cf.
977 2392 1086 2425 etiam
1102 2390 1316 2436 Tongiorgi,
1331 2388 1408 2423 Eth.
1422 2399 1520 2422 num.
1535 2395 1587 2430 53.

269 2451 326 2493 (2)
353 2449 445 2483 Vide
472 2450 608 2494 'l'ong.,
637 2449 713 2484 Eth.
743 2461 841 2483 num.
869 2459 924 2490 42.

271 2510 328 2552 (ς)
356 2509 409 2542 De
439 2510 537 2543 verit.
567 2521 586 2554 q
633 2519 682 2551 14.
710 2521 728 2542 a
774 2519 824 2543 12.
854 2509 896 2542 Et
923 2508 958 2541 in
991 2519 1016 2541 1.
1046 2518 1079 2541 2.
1102 2520 1135 2553 q.
1171 2516 1242 2548 114.
1273 2517 1306 2541 a.
1337 2516 1367 2540 2.
1386 2506 1446 2539 ait:
1479 2504 1590 2538 «Vita

174 2578 316 2603 aeterna
346 2578 396 2603 est
424 2569 603 2615 quoddam
623 2570 757 2602 bonum
780 2568 957 2601 excedens
975 2566 1247 2612 proportionem
1271 2574 1418 2600 naturae
1436 2572 1587 2605 creatae,
