1734 2784
697 83 932 127 *31*

107 164 310 221 stinguo:
344 164 558 207 entitative
590 181 698 223 nego,
721 168 988 211 terminative
1009 171 1187 214 concedo.
1207 171 1332 217 Mens
1364 191 1522 234 nempe

109 235 295 281 humana
326 236 546 281 ordinatur
578 238 630 282 ad
663 240 896 283 terminum
940 240 1170 300 infinitum,
1221 261 1407 305 eumque
1455 261 1522 292 at·-

110 310 255 367 tingit,
288 324 377 353 non
408 322 550 353 tamen
583 311 757 370 infinito,
776 311 850 355 sed
879 312 994 369 finito
1027 314 1161 359 modo
1195 330 1312 361 actus
1347 319 1520 364 eliciens

108 381 268 425 finitos.
315 380 504 424 Infinitas
537 397 641 439 ergo
679 397 724 425 se
771 395 886 427 tenet
933 400 984 427 ex
1030 398 1145 443 parte
1184 387 1368 448 obiecti,
1403 392 1520 449 quod

117 454 352 511 attingitur,
385 468 475 497 non
507 465 649 498 autem
682 470 733 497 ex
764 466 883 512 parte
905 467 1036 515 actus,
1060 473 1146 516 quo
1170 458 1386 505 obiectum
1419 463 1524 508 illud

111 525 329 570 infinitum
358 526 594 582 attingitur:
637 525 706 569 hic
752 528 865 569 enirn
899 540 1035 587 actus,
1067 542 1218 588 utpote
1251 546 1368 576 actus
1416 537 1524 580 eutis

111 599 256 654 creati,
281 599 316 640 si
337 597 527 641 obiective
549 605 779 656 spectetur,
803 611 865 642 est
888 615 1058 659 semper
1090 601 1251 661 aliquid
1277 604 1524 652 limitatum.

116 670 327 728 Apposite
360 667 602 713 s.Thomas
636 669 730 728 (1):
771 688 791 711 «
823 672 1094 730 Impossibile
1127 687 1189 718 est
1221 675 1339 733 quod
1372 677 1525 737 aliquis

105 740 345 785 intellectus
377 753 541 784 creatus
575 742 719 785 Deum
753 743 907 801 infinite
931 759 1180 801 cognoscat,
1216 747 1328 791 unde
1360 749 1524 808 impos-

106 812 229 857 sibile
261 825 325 857 est
357 812 474 872 quod
506 814 650 857 Deutn
683 816 986 872 comprehendat
1018 834 1058 861 n.

229 885 426 928 Priorem
449 883 563 927 hunc
596 885 818 928 articulum
853 887 1159 932 concludemus
1183 890 1408 947 praeclaris
1432 907 1525 936 ver-

104 954 170 1000 bis
203 956 317 1000 Petri
349 954 580 999 Lombardi
613 957 814 1014 Magistri
847 960 1155 1003 sententiarum
1191 960 1275 1019 (2):
1317 980 1337 1003 «
1370 963 1523 1007 Factus

102 1028 295 1086 Angelus
329 1029 417 1072 sive
451 1027 587 1072 homo
620 1041 796 1087 propter
828 1030 971 1073 Deum
1006 1031 1160 1075 dicitur
1183 1049 1290 1090 esse,
1314 1051 1401 1078 non
1425 1037 1524 1094 quia

107 1113 271 1144 creator
301 1102 421 1145 Deus
454 1114 494 1145 et
526 1116 698 1144 summe
730 1101 876 1145 beatus
909 1102 1152 1146 alterutrius
1185 1104 1419 1162 indiguerit
1453 1107 1524 1150 of-

101 1171 229 1228 ficio,
263 1173 336 1230 qui
368 1172 584 1216 bonorum
617 1185 868 1216 nostrorum
901 1189 988 1216 non
1023 1187 1131 1233 eget;
1166 1175 1240 1219 sed
1273 1189 1319 1219 ut
1351 1179 1528 1222 serviret

100 1243 141 1286 ei
173 1258 220 1286 ac
251 1242 463 1288 frueretur
496 1260 566 1297 eo,
602 1245 669 1288 cui
702 1246 860 1288 servire
893 1262 1069 1303 regnare
1103 1260 1178 1290 est.
1213 1248 1262 1291 In
1293 1247 1377 1292 hoc
1419 1265 1524 1307 ergo

104 1316 276 1375 proficit
308 1317 513 1371 serviens,
545 1332 634 1360 non
666 1317 733 1360 ille
768 1318 834 1360 cui
868 1319 1063 1362 servitur.
1099 1319 1150 1362 Et
1173 1320 1282 1362 sicut
1306 1319 1438 1363 factus
1462 1334 1526 1364 est

102 1389 240 1432 horno
272 1400 450 1447 propter
480 1389 643 1442 Deum,
678 1388 721 1432 id
755 1401 833 1442 est,
869 1401 914 1432 ut
947 1390 1125 1433 serviret
1157 1391 1209 1444 ei,
1242 1392 1299 1434 ita
1333 1391 1524 1435 mundus

102 1459 240 1504 factus
273 1472 336 1504 est
368 1472 543 1518 propter
577 1459 817 1516 hominem,
850 1461 1007 1504 scilicet
1039 1474 1086 1504 ut
1120 1462 1156 1504 ei
1190 1464 1385 1508 serviret.
1434 1464 1526 1507 Po-

101 1533 208 1576 situs
241 1546 346 1590 ergo
379 1544 442 1576 est
475 1531 609 1575 homo
643 1532 685 1575 in
719 1531 878 1589 medio,
912 1544 957 1575 ut
991 1545 1030 1575 et
1053 1534 1090 1576 ei
1114 1535 1345 1577 serviretur
1367 1546 1407 1578 et
1432 1536 1522 1593 ipse

99 1605 290 1649 serviret.
323 1621 343 1644 »

606 1736 954 1781 ARTICULUS
988 1736 1041 1779 ΙΙ.

368 1859 439 1902 De
470 1859 687 1914 perfecta
716 1859 935 1901 hominis
966 1857 1285 1901 beatitudine.

226 2003 290 2045 14.
326 1990 387 2032 Ex
420 1989 486 2046 iis,
520 1989 691 2046 quaein
715 1987 893 2031 articulo
928 1986 1205 2045 praecedente
1238 1986 1442 2043 diximus,
1468 1988 1526 2030 li—

100 2073 219 2119 quet,
236 2061 343 2104 hanc
366 2075 457 2103 esse
482 2058 716 2103 naturalem
745 2058 933 2101 hominis
958 2057 1290 2111 ordinationem,
1315 2070 1360 2101 ut
1385 2059 1523 2101 Crea-

108 2143 247 2175 torem
281 2146 408 2174 suum
442 2142 688 2187 cognoscat,
735 2142 847 2173 amet
880 2145 925 2172 ac
964 2141 1218 2182 revereatur,
1254 2144 1343 2171 uno
1391 2128 1524 2172 verbo

200 2329 254 2374 (1)
281 2327 320 2362 In
348 2327 370 2362 1.
398 2339 431 2373 p.
459 2338 490 2373 q.
523 2337 574 2360 12.
601 2337 631 2360 a.
660 2337 691 2371 7.
722 2340 737 2356 «
764 2326 815 2359 Ex
841 2325 969 2371 quibus
1011 2324 1149 2365 verbis,
1192 2332 1229 2358 ut
1266 2323 1522 2358 animadvertit

114 2389 288 2430 Perrone,
316 2387 359 2422 de
384 2388 462 2422 Deo
491 2396 596 2421 creat.
623 2398 722 2422 num.
747 2385 837 2428 682„
865 2393 975 2430 patet,
1004 2395 1179 2431 quaenam
1212 2382 1317 2417 suerit
1354 2383 1526 2417 Doctoris

111 2446 279 2493 Angelici
306 2458 410 2482 mens
436 2447 529 2481 circa
555 2447 745 2482 notionem
771 2445 1079 2491 ‹·0ntprehensi0ni.<.
1100 2460 1116 2474 >›
1148 2444 1230 2486 Qua
1259 2443 1300 2477 dc
1329 2454 1365 2477 re
1392 2442 1472 2489 lege
1490 2443 1526 2476 in

103 2515 171 2542 art.
199 2507 256 2542 cit.
280 2518 444 2553 respons.
472 2507 514 2540 ad
542 2514 595 2541 2¹¹¹.

197 2567 249 2612 (2)
276 2567 313 2602 L.
343 2567 384 2601 11.
411 2575 563 2602 sentent.
591 2566 670 2601 dist.
703 2577 728 2601 1.
