1734 2784
746 119 977 161 „52—

151 203 245 255 rari,
276 201 499 259 quomodo
533 216 654 244 amor
678 202 757 244 Dei
781 216 880 256 erga
912 216 990 243 nos
1025 202 1078 243 sit
1114 216 1237 243 amor
1259 199 1570 256 benevolentiae,

147 289 234 316 non
269 286 409 316 autem
443 274 790 329 ιὀιισιιρῐςεεηίἰιιε.
814 273 914 324 Qua
939 271 990 315 de
1013 287 1055 314 re
1090 271 1271 315 dubium
1295 267 1396 315 oriri
1422 285 1566 329 posset

150 362 198 388 ex
232 359 297 397 eo,
331 344 447 401 quod
481 345 521 386 in
555 343 663 385 thesi
699 344 819 386 tertia
853 343 1147 399 ostendimus,
1183 343 1377 386 videlicet
1421 345 1565 386 Deum

151 428 325 473 propter
358 416 639 472 semetipsum
676 430 885 472 suamque
919 413 1102 469 gloriam
1137 416 1282 458 omnia
1312 417 1571 472 operari.—

150 487 215 531 Ad
251 487 331 529 boc
365 486 614 529 diluendum
651 485 844 542 dubium,
877 485 1185 529 auimtdvertas
1222 487 1433 543 inprimis,
1466 499 1570 530 tuuc

152 559 336 617 aliquem
371 558 464 601 ferri
501 560 539 600 in
574 557 753 600 alterum
788 573 933 600 amore
970 559 1362 615 concupiscentiae,
1396 558 1571 617 quando

151 631 313 674 bonum
346 631 381 673 ei
416 629 594 681 confert,
630 644 716 671 non
751 627 926 685 quidem
961 629 1052 671 eius
1087 629 1371 672 commodum
1405 643 1445 673 et
1480 631 1573 673 uti-

152 702 312 744 litatem
347 700 592 758 spectando,
617 698 691 742 sed
710 698 993 742 commodum
1018 711 1057 742 et
1082 699 1307 743 utilitatem
1333 702 1572 758 propriam,

153 790 257 831 quae
291 773 493 814 nimirum
513 771 587 813 sibi
622 787 672 813 ex
695 769 803 813 illius
827 769 926 813 boni
952 769 1179 814 donatione
1212 770 1416 814 adveniat.
1453 773 1570 816 Cum

150 860 250 888 vero
284 845 376 901 quis
410 842 587 885 alterum
620 841 743 884 bonis
767 842 955 884 cumulat
976 842 1252 885 intrinsecum
1277 843 1367 885 eius
1402 842 1569 886 bonum

152 930 190 959 et
223 914 506 958 commodum
540 914 700 956 sincere
733 913 963 970 spectando
986 949 996 965 ‚
1031 929 1118 956 non
1152 927 1292 957 autem
1331 915 1573 971 proprium,

152 989 185 1030 is
234 1002 332 1029 sane
365 985 495 1028 alium
541 997 652 1028 amat
694 999 840 1027 amore
888 984 1237 1029 benevolentiae:
1288 985 1413 1037 bona,
1463 1002 1574 1044 quae

152 1060 210 1101 sic
244 1057 426 1110 confert,
460 1073 552 1099 vera
579 1069 678 1099 sunt
703 1055 832 1109 dona,
859 1072 954 1099 vera
978 1054 1076 1100 sunt
1113 1056 1313 1101 beneficia
1335 1057 1420 1116 (1).
1441 1058 1574 1115 Atqui

150 1131 270 1175 Deus
304 1143 390 1170 non
425 1128 586 1185 quaerit
620 1126 698 1169 sibi
732 1127 813 1168 nisi
846 1126 1028 1183 gloriam
1061 1129 1351 1171 extrinsecam:
1377 1142 1574 1171 commo-

153 1199 255 1243 dum
287 1214 390 1241 vero
424 1211 464 1240 et
498 1199 707 1240 internam
741 1197 967 1240 utilitatem
1015 1200 1104 1241 vult
1136 1213 1182 1241 ac
1226 1200 1389 1256 quaerit
1430 1197 1575 1252 nobis,

151 1287 240 1314 non
273 1283 414 1313 autem
449 1269 544 1324 sibi,
582 1270 720 1312 immo
754 1285 806 1312 ne
841 1282 980 1326 potest
1014 1269 1189 1326 quidem
1224 1270 1302 1313 sibi
1335 1271 1575 1328 exquirere,

154 1357 252 1385 cum
285 1342 339 1383 sit
373 1342 413 1383 in
446 1356 491 1383 se
524 1340 793 1383 beatissimus
827 1339 992 1397 sibique
1025 1341 1206 1383 omnino
1255 1340 1576 1384 sufficientissi-

155 1427 263 1455 mus.
290 1410 483 1462 «Nobis,
518 1411 656 1468 inquit
690 1426 723 1453 s.
758 1409 953 1453 Thomas
986 1410 1112 1454 verba
1143 1426 1174 1454 S.
1201 1411 1432 1468 Augustini
1467 1410 1576 1454 refe-

154 1498 247 1525 rens
281 1483 355 1539 (2),
388 1481 510 1524 nobis
545 1480 716 1539 expedit
756 1482 900 1524 Deum
950 1496 1107 1534 nosse,
1151 1497 1239 1525 non
1282 1481 1339 1525 illi
1448 1482 1578 1526 Unde

154 1566 266 1611 patet
298 1552 415 1610 quod
448 1554 565 1595 Deus
599 1567 720 1595 suam
753 1551 933 1609 gloriam
966 1568 1054 1595 non
1087 1565 1258 1610 quaerat
1306 1566 1480 1610 propter
1512 1568 1581 1608 se,

155 1624 227 1668 sed
262 1637 434 1681 propter
467 1639 559 1667 nos,
586 1642 607 1662 »

271 1697 451 1750 Verum,
487 1694 673 1748 instabis,
707 1695 741 1737 si
790 1707 985 1737 terrenus
1035 1694 1184 1752 aliquis
1218 1696 1414 1753 princeps
1462 1696 1577 1739 bonzt

252 1915 308 1959 (ι)
332 1915 389 1949 Ad
416 1926 489 1948 rem
517 1916 667 1956 Seneca,
697 1914 740 1949 de
779 1913 893 1949 benef.
921 1914 943 1949 1.
972 1913 1033 1949 IV.
1061 1925 1088 1949 c.
1124 1922 1187 1956 13.:
1221 1912 1474 1948 «Beneficium
1501 1912 1583 1946 eius·

155 1972 393 2007 commodum
421 1983 569 2018 spectat,
597 1974 652 2007 cui
679 1982 891 2019 praestatur,
919 1984 994 2007 non
1020 1981 1197 2007 nostrum:
1224 1971 1383 2018 alioquin
1412 1970 1517 2006 nobis
1536 1970 1576 2004 il-

157 2031 219 2065 lud
245 2031 417 2065 damus.»
448 2032 491 2066 Et
516 2032 626 2076 paulo
653 2042 748 2072 ante,
776 2043 805 2066 c.
835 2041 879 2077 9.,
907 2031 1056 2066 dixerat:
1090 2031 1284 2066 «Plurima
1323 2029 1501 2065 beneficia
1537 2040 1582 2063 ac

157 2091 315 2124 maxima
341 2091 377 2124 in
405 2102 473 2125 nos
500 2092 597 2125 Deus
625 2090 764 2126 confert
790 2092 868 2125 sine
895 2102 958 2136 spe
985 2090 1192 2136 recipiendi:
1220 2089 1394 2136 quoniam
1421 2100 1488 2122 nec
1514 2087 1582 2123 ille

159 2149 292 2185 collato
319 2160 412 2196 eget,
433 2162 497 2184 nec
516 2162 583 2184 nos
602 2150 633 2184 ei
662 2151 856 2197 quidquam
883 2150 1044 2185 conserte
1072 2160 1298 2195 possumus.»
1319 2148 1451 2183 iuverit
1468 2147 1581 2182 aliam:

156 2210 316 2244 eiusdem
343 2210 488 2244 moralis
515 2210 725 2256 philosophi
751 2210 882 2244 addere
908 2211 1140 2252 sententiam,
1171 2211 1215 2244 ib.
1242 2209 1265 2243 l.
1300 2209 1364 2244 VI.
1388 2220 1466 2254 cap.
1501 2216 1569 2249 13.:

161 2283 178 2299 ·‹
195 2269 280 2303 Non
307 2279 386 2302 sum
411 2278 486 2303 tam
513 2268 671 2314 iniquus,
699 2277 736 2303 ut
764 2268 854 2302 nihil
883 2268 915 2303 ei
942 2268 1104 2310 debeam,
1132 2268 1204 2315 qui,
1228 2279 1338 2315 quum
1365 2267 1454 2301 mihi
1481 2266 1584 2300 utilis

156 2336 264 2369 esset,
284 2326 349 2362 fuit
374 2336 407 2362 et
434 2327 513 2361 sibi.
540 2327 623 2361 Non
651 2328 747 2361 enim
775 2329 893 2373 exigo,
920 2337 957 2362 ut
983 2328 1064 2362 sine
1091 2336 1253 2373 respectu
1281 2327 1334 2361 sui
1365 2326 1453 2361 mihi
1481 2336 1574 2359 con-

156 2386 259 2420 sulat:
288 2386 402 2421 immo
429 2387 539 2420 etiam
565 2395 665 2433 opto,
687 2395 723 2420 ut
750 2386 968 2421 beneficium
986 2386 1077 2421 mihi
1095 2386 1235 2427 datum,
1257 2386 1314 2420 vel
1332 2385 1450 2431 magis
1475 2383 1572 2418 danti

154 2443 342 2490 profuerit:
372 2445 571 2479 dummodo
598 2445 627 2479 is
654 2444 711 2491 qui
740 2445 857 2488 dabat,
885 2445 975 2479 duos
1003 2445 1144 2480 intuens
1172 2445 1320 2487 dederit,
1339 2453 1374 2478 et
1400 2444 1491 2478 inter
1517 2453 1582 2477 me

154 2514 263 2549 ssque
291 2503 446 2538 diviserit
473 2513 541 2539 etc.
561 2517 579 2536 »

252 2563 306 2606 (2)
334 2562 373 2596 In
401 2572 433 2598 2.
464 2572 495 2597 2.
523 2575 554 2609 q.
592 2571 667 2606 ¹32·
698 2574 728 2596 a.
760 2573 789 2598 1.
819 2561 863 2596 ad
895 2568 945 2598 1¹⁷².
