1734 2784
677 100 942 142 —181—

91 195 192 252 quia
223 193 474 246 honestum,
511 193 671 237 utile.»
713 195 865 238 Sermo
899 194 1109 236 nimirum
1143 206 1207 237 est
1239 194 1290 237 de
1343 194 1520 239 utilitate

88 279 189 308 vera
223 263 429 318 hominis,
466 280 548 322 qua
580 264 715 308 homo
750 277 826 308 est.
852 266 897 309 Si
932 265 982 308 de
1016 265 1104 322 ipsa
1137 265 1324 323 perfecta
1347 265 1518 310 alterius

91 336 202 379 vitae
233 325 507 392 beatitudine,
540 337 581 379 in
617 352 699 394 qua
729 352 881 379 verum
915 348 955 379 et
977 351 1203 379 summum
1227 336 1416 380 hominis
1440 337 1514 381 bo-

92 421 198 448 num
223 407 433 459 consistit,
458 422 602 449 sermo
626 407 694 463 sit,
717 422 805 450 non
828 406 927 450 ideo
953 408 1062 450 actio
1097 418 1159 450 est
1192 406 1317 464 bona,
1343 409 1441 466 quia
1466 408 1517 452 ad

95 493 188 520 eam
223 476 570 535 consequendam
606 476 792 533 adducit,
829 477 905 521 sed
940 491 1084 521 contra
1117 477 1215 522 ideo
1261 477 1430 522 adducit
1462 480 1512 523 ad

93 551 185 592 eius
221 549 550 602 assecutionem,
576 549 675 606 quia
709 561 771 592 est
795 548 920 592 bona.
947 550 1096 607 Itaque
1121 549 1278 592 utilitas
1312 551 1390 593 erit
1414 567 1520 594 con-

94 622 315 679 sequentia
348 619 600 677 honestatis,
632 614 814 663 minime
852 622 1076 678 ⁶autemtin
1110 623 1199 679 ipsa
1236 621 1415 665 utilitate
1449 639 1520 675 es-

92 693 230 736 sentia
261 692 495 735 honestatis
530 705 592 734 est
626 692 883 749 reponenda.

212 765 265 807 H.
300 766 545 821 Arguamus
579 766 837 808 nominatim
874 778 1021 808 contra
1056 767 1283 824 epicureos:
1317 783 1362 810 ea
1400 783 1522 824 vero,

96 850 202 893 quae
237 848 383 878 contra
414 836 531 893 ipsos
566 836 773 889 dicemus,
798 836 887 879 aliis
912 849 1108 894 aptentur
1150 836 1377 881 utilitariis.
1416 838 1524 881 Sunt

98 907 299 959 actioneS,
335 922 440 964 quae
475 906 798 950 delectationem
837 907 1105 950 facultatibus
1153 907 1419 951 sensibilibus
1459 909 1525 952 af-

96 978 267 1035 ferunt,
302 992 340 1021 at
374 979 500 1021 simul
534 979 776 1036 impediunt
809 979 972 1022 bonum
1009 982 1296 1036 potentiarum
1330 980 1523 1023 nobilio-

94 1067 210 1102 rum,
256 1049 409 1107 quibus
459 1051 680 1094 interiores
731 1051 822 1093 illae
865 1050 1085 1094 facultates
1134 1064 1233 1094 sunt
1280 1051 1524 1095 naturaliter

97 1121 407 1165 subordinatae:
443 1135 483 1164 et
517 1138 538 1164 e
573 1124 786 1165 contrario
821 1135 919 1164 sunt
953 1123 1155 1175 actiones,
1206 1138 1312 1180 quae
1357 1122 1520 1166 bonum

96 1193 346 1236 facultatum
380 1193 642 1236 nobiliorum
679 1208 951 1251 promovent,
987 1196 1064 1237 etsi
1098 1194 1274 1237 sensiles
1313 1196 1522 1251 potentias

97 1264 381 1309 delectatione
415 1267 596 1323 privent,
631 1267 768 1309 immo
802 1267 905 1324 ipsis
940 1266 1124 1324 aliquam
1150 1266 1391 1309 molestiam
1426 1266 1523 1310 affe-

97 1349 202 1380 rant.
236 1338 367 1394 Atqui
401 1337 624 1380 manifeste
658 1339 822 1394 priores
856 1339 1042 1381 actiones
1094 1351 1191 1381 sunt
1225 1337 1387 1395 malae,
1420 1338 1522 1381 aliae

96 1407 258 1452 bonae:
295 1426 345 1452 ex
378 1409 457 1451 illis
493 1410 608 1452 enim
643 1410 778 1452 homo
815 1410 894 1453 dici
930 1409 1052 1453 debet
1088 1409 1336 1467 simpliciter
1385 1409 1524 1452 malus

95 1495 172 1522 seu
207 1480 489 1533 inordinatus,
525 1497 575 1523 ex
609 1481 697 1524 aliis
746 1498 848 1524 vero
898 1495 1053 1537 rectuS,
1102 1481 1339 1538 ordinatus,
1386 1481 1524 1524 bonus

100 1550 364 1608 simpliciter.
390 1551 461 1610 (Ι)
486 1553 602 1609 Ergo
637 1552 803 1595 bonitas
828 1553 1001 1595 moralis
1026 1568 1115 1595 non
1143 1543 1338 1595 consistit
1360 1553 1403 1595 in
1426 1552 1527 1609 hoc,

100 1622 216 1680 quod
248 1624 359 1666 actio
394 1622 585 1667 conferat
617 1624 668 1667 ad
702 1624 904 1667 sensilem
938 1624 1221 1682 voluptatem,
1255 1640 1332 1667 nec
1366 1623 1525 1667 malitia

45 1751 47 1753 ι
98 1693 272 1736 moralis
307 1694 349 1737 in
384 1693 466 1737 hoc
501 1708 562 1737 est
598 1695 858 1753 reponenda,
896 1695 1013 1752 quod
1048 1697 1157 1738 actio
1205 1695 1407 1738 sensilem
1448 1695 1523 1739 do-

99 1765 240 1808 lorem
275 1781 349 1808 seu
385 1766 629 1809 molestiam
665 1767 820 1810 afferat.

221 1837 274 1879 ΙΙ.
315 1837 439 1881 Ratio
473 1837 819 1893 fundamentalis,
844 1853 925 1895 qua
948 1837 1030 1881 hoc
1055 1838 1312 1881 utilitarismi
1336 1851 1523 1896 systema

103 1908 314 1962 innititur,
349 1921 411 1951 est
445 1908 561 1966 haec,
594 1910 846 1966 temporalia
880 1911 1112 1967 praesentis
1146 1911 1256 1952 vitae
1289 1909 1400 1953 bona
1433 1927 1525 1953 esse

99 1977 230 2021 finem
267 1978 484 2032 ultimum,
519 1996 564 2022 ac
597 1979 927 2023 destinationem
963 1996 1210 2038 supremam
1245 1981 1448 2025 hominis.
1476 1981 1522 2025 Id

103 2048 290 2092 utilitarii
323 2063 465 2107 aperte
497 2064 721 2094 asserunt:
754 2064 793 2093 et
827 2067 927 2094 sane
961 2068 1010 2094 ex
1062 2054 1386 2110 praesupposita
1433 2053 1524 2096 talis

104 2120 350 2163 assertionis
383 2122 560 2164 veritate
587 2121 688 2164 illud
712 2122 902 2178 legitime
937 2136 1290 2180 consequeretur,
1307 2123 1421 2181 quod
1445 2125 1525 2181 ipsi

105 2190 383 2236 concludunt.
410 2191 494 2235 Sed
530 2194 569 2234 in
605 2194 738 2251 capite
773 2194 914 2251 primo
948 2193 1339 2238 demonstravinms
1373 2195 1526 2238 falsita-

102 2273 194 2304 ‘tem
219 2262 454 2306 illiusmodi
482 2265 741 2306 assertionis:
779 2279 927 2307 everso
951 2277 1093 2308 autem
1121 2265 1415 2320 fundamento,
1440 2279 1528 2309 tota

102 2331 285 2376 aedificii
318 2333 482 2387 moles,
517 2351 623 2392 quae
658 2336 752 2392 ipso
786 2336 993 2390 innititur,
1026 2353 1100 2394 per
1134 2353 1177 2380 se
1207 2339 1377 2381 corruit.

201 2562 258 2607 (1)
288 2561 342 2599 Cf.
373 2574 472 2598 num.
504 2563 556 2606 58.
581 2575 664 2610 pag.
695 2563 769 2600 166.
