1734 2784
689 58 749 69 1-
785 45 863 95 129
899 59 956 71 -.

112 128 191 175 hos
224 130 462 187 excitaturi,
496 133 591 177 illos
625 149 647 176 a
678 132 888 177 maleficio
923 134 1179 178 deterrituri.
1224 135 1358 193 Atqui
1404 135 1454 179 ad
1489 152 1535 179 ea

111 203 261 247 excitat
291 219 437 259 nemo,
471 220 578 262 quae
621 219 759 263 neque
808 205 850 247 in
896 205 1019 248 nobis
1063 205 1203 263 posita
1251 218 1364 260 sunt,
1399 222 1538 264 neque

110 288 264 334 sponte
286 289 432 320 nostra
449 276 675 320 obeuntur:
693 277 901 320 nimirum
920 276 1036 335 quod
1056 275 1163 319 nihil
1181 276 1348 336 referat,
1367 278 1537 322 suaderi

110 346 246 404 nobis,
269 360 315 391 ut
337 363 390 391 ne
422 348 488 391 vel
510 348 721 392 caleamus
745 347 811 392 vel
835 347 1059 392 doleamus
1093 348 1159 392 vel
1192 350 1432 393 esuriamus
1467 350 1532 394 vel

110 419 267 478 aliquid
290 418 407 464 aliud
429 419 523 464 tale:
543 419 677 463 nihilo
695 421 811 463 enim
830 421 974 464 minus
994 436 1042 464 ea
1060 421 1383 479 perpetiemur»
1403 421 1488 480 (1).

230 493 354 545 Quae
388 493 534 535 omnia
569 492 650 550 3.⁰)
684 491 858 536 evidens
894 492 1081 536 ostendit
1113 493 1232 537 ratio.
1275 494 1538 551 «Appetitus

108 563 244 607 vitalis
263 600 274 618 ‚
307 576 353 607 ut
385 564 440 608 ait
461 565 683 608 Suaresius
706 564 792 622 (2),
817 565 1010 622 sequitur
1041 564 1355 622 cognitionem,
1379 577 1419 608 et
1441 564 1538 608 ideo

109 634 408 692 perfectiorem
442 635 736 692 cognitionem
770 636 997 678 comitatur
1039 634 1268 693 perfectior
1302 637 1536 694 appetitus:

108 722 214 765 ergo
238 719 278 750 et
303 707 598 765 cognitionem
634 706 918 750 universalem
954 720 994 750 et
1022 723 1100 750 suo
1125 706 1258 751 modo
1287 706 1537 751 indifferen—

205 894 262 939 (1)
291 893 403 928 Aliud
442 892 570 927 addam
610 892 837 939 praeclarum
879 893 1133 927 testimonium
1170 905 1211 928 ex
1250 906 1277 928 s.
1304 895 1534 941 Augustino,

105 955 148 990 de
175 955 278 989 duab.
307 954 414 988 anim.
442 961 567 987 contra
592 952 748 988 Maniclr
780 963 856 997 cap.
885 953 964 988 XL:
993 953 1137 987 «Nemo
1164 953 1430 999 vituperatione
1448 966 1532 1000 sup-

104 1014 261 1060 pliciove
299 1012 438 1060 dignus,
473 1013 530 1059 qui
558 1021 618 1047 aut
645 1011 681 1045 id
706 1011 791 1047 velit
822 1012 917 1059 quod
944 1012 1077 1047 iustitia
1105 1012 1198 1047 velle
1237 1025 1312 1048 non
1348 1014 1529 1059 prohibet,

103 1083 163 1109 aut
189 1073 223 1108 id
250 1085 324 1108 non
351 1072 460 1108 faciat
486 1072 585 1119 quod
614 1071 732 1107 facere
770 1083 845 1106 non
872 1081 1004 1118 potest.
1044 1073 1176 1107 Nonne
1203 1074 1268 1108 ista
1311 1083 1458 1109 cantant
1499 1085 1534 1110 et

106 1135 140 1168 in
167 1134 354 1169 montibus
381 1141 557 1179 pastores,
587 1141 620 1167 et
649 1132 683 1165 in
723 1131 871 1167 theatris
900 1142 1041 1177 poetae,
1071 1142 1103 1167 61
1132 1132 1269 1168 indocti
1308 1134 1342 1167 in
1382 1134 1536 1177 circulis,

104 1199 137 1226 et
165 1190 262 1225 docti
288 1190 323 1224 in
350 1189 591 1233 bibliothecis,
619 1198 652 1224 et
680 1190 841 1236 magistri
870 1190 903 1223 in
945 1189 1095 1231 scholis,
1128 1198 1161 1224 et
1189 1190 1367 1225 antistites
1409 1193 1443 1226 in
1474 1203 1534 1227 sa—

104 1252 208 1285 cratis
235 1251 336 1293 10615,
364 1259 398 1285 61
427 1251 462 1284 111
489 1251 576 1285 orbe
603 1258 781 1285 terrarum
820 1261 933 1295 genus
962 1250 1189 1283 humanum?
1219 1250 1333 1292 Quod
1362 1251 1389 1284 si
1424 1263 1534 1286 nemo

100 1310 366 1356 vituperatione
392 1309 448 1344 vel
488 1309 722 1344 damnatione
749 1309 880 1355 dignus
909 1318 974 1351 est,
1009 1320 1067 1344 aut
1111 1322 1185 1345 non
1218 1320 1344 1345 contra
1385 1312 1533 1346 vetitum

101 1369 254 1405 iustitiae
282 1368 427 1412 faciens,
455 1377 516 1404 aut
543 1369 639 1416 quod
666 1380 739 1403 non
768 1378 886 1415 potest
906 1381 982 1404 non
1003 1369 1152 1412 faciens,
1174 1382 1289 1405 omne
1310 1380 1432 1406 autem
1451 1383 1534 1417 pec-

102 1438 221 1464 catum
262 1429 317 1464 vel
361 1429 635 1475 vituperandum
679 1438 730 1464 est
772 1430 827 1463 vel
869 1430 1139 1472 damnandum3
1170 1431 1245 1477 quis
1274 1431 1409 1466 dubitet
1446 1440 1531 1466 tunc

102 1499 178 1522 esse
205 1496 395 1534 peccatum
424 1499 507 1522 cum
535 1497 567 1523 et
593 1488 686 1522 velle
713 1489 885 1523 iniustum
915 1498 966 1523 est
994 1499 1026 1523 et
1048 1490 1190 1524 liberum
1221 1490 1306 1524 nolle
1318 1491 1378 1525 Ρ.
1404 1492 1531 1526 Pecca-

100 1556 175 1582 tum
203 1559 288 1594 ergo
317 1557 368 1582 est
396 1548 564 1583 voluntas
591 1547 767 1583 retinendi
796 1548 849 1582 vel
878 1549 1122 1594 consequendi
1153 1549 1249 1594 quod
1280 1550 1409 1584 iustitia
1437 1558 1531 1585 vetat

101 1616 134 1643 et
161 1607 244 1642 unde
270 1608 412 1642 liberum
439 1613 484 1643 est
502 1608 678 1643 abstinere.
698 1623 714 1639 »
741 1608 834 1643 Cum
855 1609 942 1643 haec
963 1609 1006 1643 sit
1027 1610 1164 1654 peccati
1185 1609 1360 1650 delinitio,
1384 1610 1411 1643 si
1431 1610 1531 1645 tollis

101 1667 251 1702 liberum
279 1668 476 1710 arbitrium,
506 1669 578 1703 iam
605 1667 701 1703 tollis
725 1670 854 1713 eoipso
883 1679 994 1702 0111116
1028 1676 1227 1713 peccatum.
1259 1668 1314 1702 Cf.
1343 1680 1368 1702 5.
1398 1670 1528 1715 Augu-

101 1726 248 1769 stinum,
277 1727 320 1761 de
345 1739 429 1762 vera
456 1727 554 1774 relig.
583 1739 659 1774 cap.
693 1737 763 1770 14„
793 1738 937 1761 necnon
967 1727 1029 1762 lib.
1060 1727 1103 1761 de
1133 1735 1288 1772 corrept.
1320 1736 1353 1761 et
1381 1737 1471 1773 grat.

192 1787 248 1832 (2)
274 1786 434 1833 Metaph.
464 1787 556 1833 disp.
586 1787 682 1822 XIX.
711 1796 798 1821 sect.
822 1787 864 1821 Il.
886 1785 939 1820 Cf.
961 1787 1070 1820 ctiam
1093 1787 1239 1828 Caretti,
1258 1786 1411 1821 institut.
1434 1786 1521 1832 phil.

99 1857 188 1881 mor.
217 1846 438 1893 lithograph.
458 1847 584 1889 editas,
606 1848 665 1881 ubi
693 1846 874 1893 praeclare
895 1846 968 1891 agit
999 1846 1042 1880 de
1061 1845 1233 1880 libertate.
1254 1846 1309 1881 Ad
1330 1857 1526 1892 argumen-

98 1914 188 1948 tum,
218 1905 312 1952 quod
340 1907 446 1941 tertio
466 1906 548 1941 loco
568 1906 792 1948 adducimus,
821 1906 1072 1941 illustrandum
1091 1905 1191 1940 affert
1218 1905 1287 1940 1106
1304 1907 1523 1952 exemplum:

102 1979 119 1996 α
142 1965 199 1999 Sic
227 1965 254 1999 si
281 1965 390 2000 velim
419 1976 629 2011 recuperare
649 1965 906 2006 valetudinem,
928 1965 971 1999 ad
999 1976 1104 2011 quam
1142 1965 1301 1999 diversae
1322 1965 1526 2000 medicinae

99 2023 262 2059 conferre
290 2025 440 2070 possint,
460 2025 523 2060 etsi
553 2025 759 2070 permittam
781 2036 839 2058 1116
868 2026 1070 2059 necessario
1100 2024 1192 2060 velle
1221 2034 1253 2060 61
1282 2024 1528 2059 valetudinem

97 2092 130 2118 61
158 2083 375 2118 medicinam
403 2084 559 2131 aliquam
590 2085 624 2118 in
651 2096 806 2128 genere,
843 2092 963 2118 tamen
992 2096 1099 2130 quum
1142 2084 1241 2119 nulla
1290 2084 1527 2119 determinate

96 2145 296 2178 necessaria
322 2144 365 2178 ab
393 2144 577 2179 intellectu
604 2153 850 2190 proponatur,
883 2145 1062 2190 integrum
1113 2144 1177 2178 erit
1221 2144 1397 2178 voluntati
1436 2143 1527 2177 lianc

96 2215 178 2249 prae
204 2202 264 2238 illa
283 2203 425 2251 eligere.
443 2218 459 2235 »
493 2204 546 2238 De
574 2205 644 2237 hoc
673 2203 846 2238 libertatis
874 2205 972 2238 dono
999 2205 1046 2238 ait
1074 2205 1220 2245 Dantes‚
1249 2204 1372 2238 Parad.
1396 2204 1457 2238 V.:

284 2287 337 2323 Lo
366 2289 531 2334 maggior
560 2287 642 2330 don,
670 2288 734 2321 6116
761 2288 833 2322 Dio
863 2299 924 2333 per
952 2299 1012 2322 sua
1044 2288 1229 2334 larghezza

381 2335 488 2370 chse
515 2335 692 2377 creando,
721 2336 761 2369 ed
789 2335 856 2370 alla
883 2347 945 2369 sua
973 2337 1122 2370 bontate

380 2383 443 2419 Pin
473 2381 716 2425 conformato,
744 2395 761 2418 e
791 2383 870 2430 quel
900 2383 1000 2418 ch’ci
1031 2385 1088 2429 piu
1117 2395 1299 2428 apprczza,

286 2431 336 2465 Fu
364 2430 455 2465 della
485 2431 634 2465 volonta
662 2431 695 2465 la
723 2430 906 2473 libertate,

383 2478 428 2511 Di
456 2478 521 2513 che
549 2478 580 2512 le
607 2487 765 2513 creature
792 2478 1013 2525 intelligenti

384 2525 410 2559 E
438 2531 529 2561 tutte
557 2539 575 2561 6
603 2525 678 2561 5016
707 2524 784 2561 furo
813 2538 830 2561 6
858 2538 924 2561 5011
952 2526 1087 2561 dotato.
