1734 2784
720 126 986 168 -ψ-

142 208 377 263 defficitur,
412 209 510 267 quia
543 207 790 251 immediate
838 219 901 251 est
934 206 1000 249 lex
1043 205 1248 258 hominis,
1297 221 1385 248 non
1430 205 1567 262 ipsius

141 282 256 326 Deli.
289 298 310 322 »

261 353 459 406 Quaeres
496 351 541 410 β)
575 350 801 409 quomodo
844 350 960 407 leges
1007 349 1264 407 temporales
1314 348 1508 392 differant
1543 365 1565 391 a

140 439 218 481 ege
262 424 461 467 aeterna?
494 448 552 456 —
584 423 668 466 Eae
701 438 724 465 a
755 421 849 479 lege
884 434 1076 478 aeterna,
1110 420 1341 477 respondet
1383 421 1568 463 eximius

140 493 294 537 doctor
324 493 414 552 (1),
456 511 477 534 ι(
495 492 697 536 differunt
729 506 949 550 tamquam
974 503 1163 535 creatum
1198 503 1237 534 et
1271 492 1560 533 increatum.»

139 567 309 624 Nempe
339 566 406 610 lex
439 577 607 610 aeterna
641 578 704 609 est
736 565 802 608 lex
835 565 1145 622 imparticipata
1168 579 1214 607 ac
1237 579 1311 621 per
1334 564 1563 606 essentiam

139 639 292 696 ipsam,
326 650 367 681 et
399 637 447 681 ab
481 654 528 681 ea
561 637 661 680 aliae
684 637 808 694 'leges
843 637 1061 680 dimanant
1094 651 1166 694 per
1194 635 1561 693 participationem

139 709 386 768 quamdam,
420 710 508 752 sive
542 709 850 764 immediatam,
887 722 932 752 ut
967 709 1030 752 lex
1065 709 1206 752 divina
1248 707 1447 750 naturalis
1496 705 1561 749 vel

137 782 337 840 positiva,
371 782 459 824 sive
493 780 737 837 mediatam,
772 794 817 823 ut
852 781 916 823 lex
951 781 1136 822 humana
1181 779 1459 822 ecclesiastica
1499 776 1563 819 vel

137 852 284 896 civilis.
309 854 371 895 Ex
393 852 546 911 quibus
579 852 713 904 vides,
750 852 974 910 quomodo
1009 850 1282 907 intelligenda
1317 851 1370 891 sit
1405 849 1558 892 divisio

134 923 242 981 legis
276 925 316 966 in
351 937 564 967 aeternam
599 937 639 966 et
672 923 973 980 temporalem:
1023 922 1298 979 intelligenda
1345 934 1408 964 est
1453 936 1560 977 que—

135 995 420 1039 madmodum
466 995 688 1053 perfectio,
724 1012 758 1039 e.
795 1012 834 1052 g.
871 996 1087 1053 sapientia,
1137 993 1339 1037 dividitur
1384 995 1424 1035 in
1459 1008 1561 1049 per-

132 1065 363 1109 fectionem
398 1067 752 1123 imparticipatam
787 1078 913 1123 atque
937 1066 1171 1108 absolutam
1200 1077 1239 1107 et
1268 1066 1309 1106 in
1335 1063 1556 1121 perfectio—

130 1153 230 1180 nem
265 1139 557 1195 participatam
592 1153 637 1180 ac
672 1137 905 1194 relativam,
941 1153 1014 1180 seu
1044 1136 1413 1194 quemadmodum
1449 1150 1560 1177 con-

130 1221 276 1266 ceptus
311 1209 518 1266 analogiis
554 1209 757 1252 dividitur
792 1210 833 1250 in
857 1224 932 1251 sua
967 1209 1200 1265 analogata.

247 1279 300 1321 H.
336 1278 429 1322 Alia
463 1279 673 1336 generalis
708 1279 863 1323 divisio
897 1280 1002 1336 legis
1037 1292 1099 1322 est
1134 1281 1176 1321 in
1199 1279 1494 1335 affirmativam
1517 1289 1557 1319 et

128 1351 375 1406 negativam.
408 1377 467 1382 —
501 1351 767 1394 Affirmativa
800 1365 880 1404 est,
917 1367 1023 1409 quae
1059 1351 1262 1408 praecipit
1293 1350 1554 1408 positionem

131 1433 265 1478 actuS,
298 1438 333 1465 e.
369 1438 412 1479 g.
445 1436 670 1465 externum
704 1424 786 1465 Dei
822 1423 983 1465 cultum
1034 1423 1097 1465 vel
1140 1421 1349 1464 tributum
1394 1421 1556 1462 aerario

131 1492 402 1537 solvendum:
437 1495 632 1551 negativa
668 1507 745 1551 est,
771 1511 877 1552 quae
902 1494 1098 1552 prohibet
1123 1495 1385 1552 positionem
1419 1505 1552 1543 actus,

131 1581 166 1608 e.
210 1580 252 1622 g.
297 1564 604 1623 blasphemiam
656 1566 719 1609 vel
770 1566 1014 1609 suicidium.
1064 1565 1137 1608 Illa
1187 1565 1389 1622 praecipit
1438 1563 1554 1621 quod

130 1636 348 1694 agendum
381 1650 458 1692 est,
498 1638 599 1681 haec
649 1638 845 1696 prohibet
894 1638 1011 1696 quod
1050 1637 1286 1680 cavendum
1325 1649 1400 1679 est.
1436 1636 1553 1678 Haec

129 1721 274 1752 autem
307 1709 394 1753 duo
429 1723 640 1769 praestant
675 1726 827 1753 omnes
854 1711 894 1753 in
920 1711 1049 1768 priori
1076 1709 1286 1753 divisione
1309 1720 1555 1751 numeratae

127 1779 260 1838 legeS.

247 1852 321 1895 III.
357 1853 445 1896 Lex
478 1869 608 1911 porro
643 1855 839 1911 negativa
873 1853 937 1897 vel
971 1866 1032 1896 est
1062 1853 1277 1911 prohibens
1298 1852 1556 1909 simpliciter,

127 1922 194 1966 vel
222 1924 436 1981 prohibens
468 1926 591 1968 simul
634 1935 667 1968 el
706 1927 887 1968 irritans.
925 1926 997 1968 Est
1031 1923 1262 1983 prohibens
1302 1922 1552 1980 simpliciter

128 2009 227 2037 cum
271 2007 412 2038 actum
462 1996 598 2040 reddit
647 1996 807 2039 malum
858 2009 897 2039 et
947 1996 1139 2039 illicitum
1190 1995 1452 2053 simpliciter:
1487 2006 1551 2036 est

127 2064 361 2122 prohibens
396 2067 525 2109 simul
569 2081 609 2110 et
652 2069 834 2121 irritans,
887 2083 985 2110 cum
1034 2083 1189 2124 nempe
1236 2066 1374 2110 reddit
1409 2078 1549 2108 actum

126 2147 220 2179 tum
253 2135 468 2191 illicitum,
504 2151 595 2181 tum
632 2140 759 2181 etiam
795 2138 1042 2182 invalidum.
1078 2139 1144 2181 De
1189 2138 1278 2181 aliis
1327 2137 1555 2181 divisioni--

126 2206 204 2250 bus
236 2209 339 2263 suis,
373 2221 420 2252 ut
454 2210 664 2264 diximus,
699 2211 801 2253 locis
837 2226 1029 2267 agemus.

246 2293 314 2335 95.
350 2281 597 2325 Scaomou.
635 2284 675 2325 S.
711 2282 927 2335 Thomas,
963 2295 1059 2340 post
1101 2284 1371 2325 tractationes
1405 2282 1449 2324 de
1482 2297 1551 2325 es-

125 2351 255 2393 sentia
288 2350 393 2409 legis
426 2365 467 2396 et
499 2353 551 2396 de
585 2353 821 2397 diversitate
853 2354 1012 2412 legum,
1047 2355 1131 2411 agit
1170 2355 1220 2397 de
1253 2353 1452 2412 effectibus
1486 2353 1547 2397 16-

223 2571 280 2617 (1)
308 2571 361 2607 Ib.
391 2570 414 2607 l.
451 2582 478 2606 ι.
507 2583 536 2607 c.
568 2584 597 2618 3.
626 2585 724 2608 num.
752 2573 783 2608 6.
