1734 2784
673 98 939 128 —211—

581 316 926 361 ARTICULUS
960 318 1033 361 VI.

86 424 168 467 EDe
196 423 594 478 proprietatibus,
632 436 759 478 quae
780 425 1117 468 moralitatem
1138 428 1519 480 consequuntur.

634 552 801 596 THESIS
835 553 1002 598 XXVI.

89 650 226 693 Actus
258 648 477 702 humanus,
513 647 638 691 bonas
674 648 737 691 vel
774 649 921 706 malus,
955 649 1075 693 libero
1107 653 1243 708 agenti
1283 660 1338 696 est
1384 653 1522 710 impu-

217 718 355 764 tabilis
386 718 441 762 ad
471 720 667 763 moralem
700 720 863 763 laudem
896 720 960 763 vel
992 723 1253 779 vituperium.

218 841 286 882 77.
320 827 700 870 PRAENOTIONES.
727 826 834 870 «Ad
862 840 1007 870 actum
1031 828 1258 882 moralem,
1282 832 1329 872 ut
1356 829 1430 884 sic,
1452 830 1524 872 in-

92 899 192 957 quit
225 900 383 942 Suarez
416 898 514 957 (1),
547 910 787 956 sequuntur
827 899 904 942 hae
948 901 1259 957 proprietates,
1306 900 1425 959 quod
1471 902 1524 945 sit

89 969 320 1013 ‚laudabilis
350 968 418 1012 vel
450 969 746 1027 vituperabilis,
770 985 906 1027 capax
930 971 1065 1013 meriti
1094 970 1160 1013 vel
1182 971 1380 1026 demeriti,
1418 988 1525 1030 quae

99 1056 188 1084 non
221 1052 402 1098 possunt
433 1040 610 1098 reperiri
660 1042 741 1083 nisi
790 1042 833 1083 in
882 1054 975 1085 actu
1020 1041 1218 1087 libero».
1253 1044 1320 1087 De
1363 1043 1523 1088 duabus

94 1111 216 1154 ‚hisce
248 1110 581 1169 proprietatibus
627 1127 700 1154 seu
749 1111 986 1169 attributis,
1034 1129 1141 1170 quae
1190 1130 1240 1157 ex
1287 1115 1524 1159 moralitate

96 1195 441 1240 consequuntur,
474 1197 651 1240 agemus
685 1184 727 1225 in
761 1183 844 1226 hoc
878 1184 1081 1240 articulo,
1105 1201 1152 1228 ac
1183 1187 1326 1243 primo
1350 1187 1524 1244 quidem

96 1253 154 1298 de
187 1254 514 1312 imputabilitate.

222 1326 467 1368 Discrimen
501 1338 564 1368 est
596 1326 706 1369 inter
736 1325 838 1369 haec
875 1326 961 1370 duo
983 1363 993 1380 ‚
1025 1328 1257 1385 simpliciter
1308 1329 1527 1374 attribuere

93 1409 242 1440 actum
276 1395 463 1454 aliquem
496 1398 640 1454 agenti
672 1396 794 1440 alicui
831 1410 876 1440 ut
911 1413 1059 1441 causae
1083 1435 1096 1452 ,
1131 1412 1171 1442 et
1203 1400 1413 1444 moraliter
1444 1403 1526 1445 im-

92 1477 242 1528 putare
273 1468 397 1512 alicui
430 1484 551 1511 suam
586 1470 801 1512 actionem
836 1470 877 1512 in
912 1470 1043 1527 ipsius
1092 1470 1262 1514 laudem
1304 1472 1371 1516 vel
1417 1473 1526 1516 vitu-

103 1540 284 1598 perium.
310 1540 457 1594 ¹Quod
490 1552 537 1583 ut
569 1540 801 1597 intelligaS,
838 1541 1132 1585 animadverte
1181 1542 1358 1601 duplicis
1391 1560 1526 1601 gene-

97 1613 159 1655 ris
192 1613 359 1669 agentia
392 1611 613 1669 distingui,
646 1612 722 1655 alia
754 1612 928 1670 quidem
965 1629 1075 1670 quae
1109 1629 1156 1657 ex
1187 1617 1414 1660 necessitate
1446 1631 1527 1659 na-

100 1692 222 1726 turae
253 1695 409 1740 agunt,
444 1683 520 1726 alia
553 1698 654 1726 vero
688 1698 795 1740 quae
845 1699 892 1726 ex
926 1683 1050 1727 libera
1091 1687 1156 1728 sui
1197 1685 1373 1730 electione
1419 1702 1528 1746 ope-

104 1767 263 1798 rantur.
287 1779 344 1788 —
367 1753 435 1798 Ad
467 1755 610 1812 priora
642 1753 709 1796 illa
740 1754 856 1811 quod
890 1755 1062 1813 attinet,
1095 1771 1246 1799 eorum
1294 1770 1410 1801 actus
1458 1758 1526 1802 vel

101 1836 250 1868 motus
283 1825 548 1869 attribuimus
581 1825 756 1883 quidem
792 1826 917 1883 ipsiS,
954 1838 1175 1883 tamquam
1219 1826 1394 1871 effectus
1427 1845 1528 1873 suae

98 1912 292 1950 ¹causae,
327 1897 509 1939 minime
552 1909 695 1939 tamen
743 1896 894 1939 iisdem
943 1898 1149 1942 moraliter
1194 1900 1444 1957 imputamus
1484 1903 1529 1944 in

101 1968 277 2011 laudem
299 1967 366 2012 vel
387 1969 673 2026 vituperium:
693 1967 944 2010 huiusmodi
967 1969 1080 2010 enim
1104 1971 1282 2026 agentia,
1305 1972 1393 2015 sive
1418 1971 1528 2016 bona

102 2052 148 2084 ’et
181 2039 296 2082 utilia
328 2040 417 2083 sive
450 2039 561 2082 maia
593 2052 633 2082 et
666 2040 814 2082 nociva
865 2040 906 2081 in
942 2040 1028 2082 suis
1076 2040 1235 2083 actibus
1285 2043 1391 2097 sint,
1440 2060 1529 2087 non

107 2123 289 2169 possunt
322 2112 441 2154 aliter
473 2127 598 2168 agere
622 2127 667 2154 ac
691 2123 839 2167 agunt,
866 2127 962 2153 cum
987 2127 1073 2154 non
1096 2114 1180 2155 sint
1206 2112 1345 2158 libera.
1371 2116 1527 2173 Ecquis

99 2181 231 2225 'laude
265 2195 335 2225 aut
367 2183 596 2240 vituperio,
630 2183 820 2239 praemio
854 2195 924 2224 aut
972 2198 1108 2239 poena
1150 2184 1274 2228 afficit
1317 2185 1528 2241 arborem,

99 2268 161 2296 -eo
195 2253 312 2311 quod
346 2253 482 2297 bonos
506 2254 571 2296 vel
596 2254 730 2296 malos
751 2253 912 2296 fructus
947 2255 1164 2311 gignendo
1197 2256 1307 2299 bona
1339 2269 1378 2300 et
1415 2258 1529 2300 utilis

207 2449 264 2494 (1)
292 2450 331 2483 In
364 2460 390 2483 1.
420 2460 449 2483 2.
478 2458 578 2484 tract.
610 2450 666 2483 111.
708 2450 796 2495 disp.
834 2461 859 2484 1.
887 2461 970 2485 sect.
1005 2463 1030 2485 1.
1063 2464 1099 2487 n.
1130 2453 1161 2487 8.
1192 2454 1225 2488 S.
1253 2453 1418 2488 Thomas
1456 2455 1530 2501 agit

102 2508 156 2542 *de
183 2509 458 2555 imputabilitate
486 2517 519 2542 et
547 2509 676 2543 merito
708 2509 742 2542 in
778 2520 803 2542 1.
832 2520 862 2543 2.
899 2522 930 2556 q.
960 2521 1028 2553 21„
1064 2512 1127 2545 sub
1155 2512 1223 2546 hoc
1258 2513 1378 2554 titulo,
1407 2513 1450 2548 de
1476 2514 1536 2548 his

104 2577 203 2612 quae
230 2576 500 2614 consequuntur
528 2577 626 2602 actus
654 2568 832 2603 humanos
861 2570 998 2604 ratione
1025 2571 1194 2605 bonitatis
1219 2581 1252 2606 ct
1279 2573 1448 2607 malitiae.
