1734 2784
338 213 386 255 lit
422 228 518 254 sane
566 210 734 253 secundo
786 211 827 252 in
872 209 1040 251 mortali
1091 207 1166 250 liac
1204 208 1287 250 vita
1331 209 1466 250 nostri
1516 207 1635 252 liberi

218 284 375 326 arbitrii
410 295 471 324 est
505 282 592 324 sive
627 282 827 323 virtutem
861 280 948 322 sive
998 280 1095 322 vitia
1129 280 1293 332 sectari,
1335 278 1399 322 vel
1435 278 1640 323 honestas

219 369 409 397 exercere
443 354 627 395 actiones
662 351 726 394 vel
761 352 897 408 pravis
918 349 1118 408 operibus
1146 348 1382 406 indulgere.
1406 351 1468 393 Ac
1492 365 1636 408 reapse

219 425 320 468 duas
355 426 395 467 in
430 424 580 467 classes
617 423 812 465 homines
848 422 1114 474 dividuntur,
1151 434 1189 464 et
1223 421 1291 464 alii
1326 421 1502 480 quidem
1549 423 1640 466 vir-

219 508 353 539 tutem
389 495 547 549 colunt,
582 494 688 537 mala
723 494 850 537 liuius
888 495 996 536 vitae
1046 494 1255 551 patienter
1304 493 1458 551 ferunt,
1492 495 1636 538 Deum

220 580 360 610 amant
384 584 427 611 ac
453 578 711 622 reverentur,
735 578 858 623 atque
884 580 982 608 cum
1017 565 1094 608 Dei
1122 564 1243 608 laude
1266 566 1396 608 vitam
1420 565 1635 623 claudunt3

219 637 287 681 alii
321 651 467 681 contra
490 636 802 694 amplectuntur
824 637 991 693 vitium,
1014 635 1150 680 bonos
1190 637 1339 680 acriter
1364 638 1638 695 insectantur,

220 710 361 753 Deum
395 722 548 765 negant
581 723 627 752 ac
659 708 951 765 blasphemant
984 707 1047 766 (et
1080 707 1362 751 nihilominus
1397 708 1507 752 haud
1541 725 1634 752 raro

220 780 342 824 bonis
377 780 501 823 huius
535 782 642 824 vitae
677 779 873 838 affluunt)
907 792 1032 838 atque
1065 780 1236 824 tandem
1260 782 1301 824 in
1325 782 1437 825 vitiis
1472 794 1511 825 et
1535 781 1636 826 odio

220 853 299 895 Dei
334 850 545 895 obfirmati
580 851 801 896 decedunt.
838 853 925 895 Etsi
960 865 1101 895 autem
1137 853 1179 895 in
1213 852 1289 896 hac
1321 854 1446 897 etiam
1481 854 1564 897 vita
1599 865 1638 896 et

221 922 319 966 mali
352 923 473 966 alicui
508 923 672 966 subsint
707 938 866 981 poenae
901 936 940 967 et
963 923 1062 967 boni
1088 924 1259 982 aliquod
1284 925 1488 983 recipiant
1511 940 1638 982 prae-

219 996 355 1037 mium
389 995 473 1053 (1);
507 1008 649 1038 tamen
685 994 804 1039 facile
852 1010 1004 1039 omnes
1040 996 1280 1040 concedunt
1315 1009 1354 1040 et
1387 996 1500 1040 illam
1534 1011 1638 1055 poe-

217 1082 314 1109 nam
348 1083 438 1110 esse
471 1066 797 1110 insufficientem
833 1080 871 1110 et
894 1067 974 1111 hoc
1001 1069 1236 1126 praeminm
1261 1084 1352 1111 esse
1377 1067 1634 1126 inadaequa-

217 1152 322 1182 tum.
358 1138 440 1182 Ubi
476 1138 578 1182 illud
612 1140 737 1183 etiam
771 1139 930 1184 adverti
965 1139 1085 1184 debet
1118 1157 1210 1194 eos,
1247 1141 1319 1199 qui
1368 1157 1445 1199 pro
1479 1141 1635 1184 Virtute

217 1223 402 1255 mortem
438 1223 661 1269 oppetunt,
695 1211 771 1255 hac
810 1213 851 1255 in
900 1214 982 1256 vita
1025 1229 1113 1256 non
1159 1213 1291 1257 modo
1326 1228 1411 1257 non
1447 1214 1635 1271 recipere

216 1284 453 1339 praemium
488 1285 881 1342 proportionatum,
917 1283 990 1328 sed
1024 1283 1182 1327 nullam
1218 1301 1295 1342 pro
1339 1296 1427 1328 tam
1479 1285 1637 1342 insigni

217 1352 481 1398 fortitudinis
516 1368 608 1399 actu
644 1355 884 1399 mercedem
919 1355 1123 1400 obtinere.
1163 1358 1295 1414 Atqui
1345 1357 1445 1401 haec
1494 1357 1638 1400 onmia

216 1438 314 1470 sunt
349 1426 610 1471 concilianda
634 1443 731 1470 cum
757 1427 896 1471 divina
929 1428 1147 1486 sapientia,
1172 1430 1408 1486 sanctitate,
1431 1429 1631 1482 bonitate,

217 1499 376 1541 iustitia
408 1498 584 1553 aliisque
620 1500 715 1556 Dei,
747 1501 818 1557 qni
853 1515 994 1557 negare
1029 1502 1203 1559 seipsum
1252 1517 1329 1544 non
1373 1510 1501 1559 potest
1533 1500 1635 1561 (2),

219 1570 440 1614 attributis.
465 1596 521 1604 --
541 1572 882 1629 Componuntur
915 1584 1057 1616 autem
1086 1572 1127 1631 κ)
1161 1573 1195 1615 si
1228 1572 1474 1616 admittatur
1512 1589 1636 1631 prae-

219 1655 381 1686 sentem
415 1644 545 1686 vitam
581 1659 672 1686 esse
706 1656 860 1687 statum
895 1644 1068 1687 militiae
1102 1657 1141 1687 ct
1175 1645 1441 1698 certaminis,
1476 1645 1517 1686 in
1551 1660 1636 1702 quo

217 1715 397 1772 quisque
431 1713 551 1758 debet
586 1715 663 1757 sibi
698 1717 934 1771 promereri
970 1715 1198 1773 perfectam
1233 1714 1556 1772 beatitudinem,
1589 1731 1635 1758 ac
1694 1723 1731 1734 ”

227 1934 388 1971 seggano
416 1925 475 1970 poi
504 1926 561 1971 piu
590 1925 682 1959 bella
711 1926 742 1960 la
778 1925 857 1960 loro
897 1936 1044 1967 corona,
1087 1937 1191 1960 come
1219 1937 1353 1960 corona
1381 1925 1415 1959 di
1451 1926 1591 1968 merito,
1617 1937 1634 1960 e

219 1984 321 2018 sieno
349 1985 382 2018 in
412 1984 502 2019 cielo
530 1985 637 2020 simili
665 1998 683 2020 a
712 1986 791 2033 quei
819 1986 1016 2023 monarchi,
1044 1986 1108 2021 che
1127 1998 1202 2020 non
1221 1997 1401 2033 nacquero
1421 1985 1555 2032 grandi,
1575 1997 1634 2020 ma

218 2042 283 2077 che
310 2042 339 2076 si
367 2042 500 2086 fecero,
532 2045 589 2079 chi
618 2045 675 2079 col
704 2056 832 2088 senno,
863 2046 921 2080 chi
949 2057 1015 2080 con
1042 2045 1074 2079 la
1102 2046 1221 2091 spada.
1251 2061 1266 2077 »

312 2102 367 2146 (1)
396 2104 470 2137 Hac
498 2104 540 2138 de
568 2115 602 2139 re
633 2105 740 2139 susius
769 2117 929 2152 agemus,
959 2106 1018 2140 ubi
1059 2105 1100 2139 de
1132 2105 1301 2140 sanctione
1341 2106 1429 2151 legis
1465 2104 1636 2140 naturalis

215 2171 335 2195 sermo
363 2162 441 2196 crit.
471 2162 519 2197 Ut
547 2164 679 2209 aliquid
707 2166 909 2208 innuamus,
938 2165 1064 2199 vitium
1092 2164 1255 2198 animum
1284 2165 1383 2210 angit
1411 2173 1444 2199 et
1472 2164 1635 2198 amaritie

224 2219 349 2265 replet.
381 2235 396 2249 «
424 2220 531 2264 Tuta,
560 2223 606 2257 ait
633 2224 783 2265 Seneca,
814 2225 911 2269 epist.
940 2233 1006 2268 97.‚
1047 2224 1178 2258 scelera
1206 2233 1282 2257 esse
1322 2232 1482 2269 possunt,
1511 2233 1636 2257 secura

218 2290 295 2314 esse
321 2291 395 2314 non
424 2291 623 2325 possunt.»
655 2282 681 2316 E
711 2284 888 2318 contrario
918 2284 1026 2318 virtus
1054 2282 1176 2317 animo
1205 2282 1503 2329 tranquillitatem
1523 2281 1634 2317 affert.

314 2339 369 2384 (2)
397 2340 437 2373 In
465 2341 506 2373 ΙΙ.
535 2341 631 2376 Tim.
660 2342 704 2377 ΙΙ.
736 2352 784 2386 13.
827 2357 843 2375 ε(
870 2344 1000 2378 Sensus
1034 2351 1100 2385 est,
1142 2343 1187 2378 ait
1215 2342 1257 2376 de
1290 2342 1432 2384 Rubeis‚
1473 2341 1514 2376 de
1539 2352 1634 2387 pecc

218 2399 307 2445 orig,
335 2409 412 2445 cap.
445 2400 508 2444 38„
537 2402 653 2436 Deum
682 2404 985 2448 omnipotentem,
1014 2403 1229 2448 sapientem,
1263 2402 1396 2436 bonum
1432 2410 1465 2436 et
1493 2401 1634 2442 iustum,

218 2458 386 2504 seipsum,
414 2458 488 2492 sive
515 2459 549 2492 in
579 2472 619 2494 eo
648 2461 743 2506 quod
770 2460 864 2504 facit,
893 2462 968 2496 sive
996 2462 1029 2495 in
1059 2474 1100 2496 eo
1129 2461 1224 2508 quod
1252 2460 1368 2495 facere
1401 2467 1530 2505 potest5
1566 2470 1632 2493 ne-

219 2527 302 2562 gare
337 2527 411 2552 non
430 2528 544 2563 posse:
576 2529 682 2564 seque
703 2521 819 2565 ipsum
840 2521 945 2556 sicuti
965 2521 1268 2567 omnipotentem.
1289 2520 1336 2554 ita
1358 2529 1498 2565 semper
1516 2526 1635 2553 osten-

219 2575 302 2611 dere
329 2576 464 2612 bonum
492 2585 525 2612 et
553 2577 694 2612 iustum.
723 2593 740 2611 »
