1734 2784
662 297 829 354 'I‘fflzsts
869 296 1031 340 XVIII.

120 427 245 485 Illud,
279 426 386 486 qnod
417 435 472 470 est
500 428 662 484 proprie
711 434 743 468 et
783 425 1015 483 simpliciter
1061 432 1256 477 coactum,
1300 432 1351 467 est
1386 425 1552 468 omnino

241 498 587 542 involuntarium.

242 629 703 684 54.PRAENOT10NES.
738 627 829 669 Iam
864 627 1164 684 exposuimus,
1189 625 1293 683 quid
1327 626 1380 668 sit
1402 627 1552 670 coactio

120 699 187 744 vel
210 698 426 752 violentia,
450 698 675 756 quomodo
710 697 859 740 influat
892 699 934 740 in
968 710 1110 741 actum
1140 699 1213 755 qui
1251 712 1301 741 ex
1332 713 1378 741 ea
1410 697 1474 750 fit,
1512 710 1553 741 et

119 769 302 828 qualiter
334 769 412 812 hac
443 770 487 812 in
520 785 564 812 re
598 768 761 811 differat
795 784 816 810 a
849 782 984 811 metu.
1018 768 1270 811 Aristoteles
1295 768 1366 827 (1)
1390 769 1449 810 sic
1474 768 1553 811 de·-

118 841 212 885 finit
244 850 451 885 coactum:
501 840 561 893 id,
604 842 776 883 «cuius
829 841 1087 898 principium
1137 853 1200 883 est
1249 853 1379 897 extra,
1423 855 1551 897 passo

120 911 282 956 nullam
317 911 560 955 conferente
594 912 681 953 vin]
717 931 738 951 »
776 912 800 953 i.
837 927 870 954 e.
894 947 904 967 ‚
944 924 989 954 ut
1023 911 1233 969 explicant
1279 924 1552 954 commenta-

117 997 253 1036 tores,
288 999 412 1041 passo
447 985 671 1027 resistente
706 999 779 1026 seu
810 984 1121 1026 contranitente
1147 994 1357 1041 quantum
1392 995 1551 1040 potest.

124 1074 146 1097 «
180 1057 283 1099 Duo
318 1056 609 1113 requiruntur,
643 1056 780 1112 inquit
816 1056 1006 1098 Becanus
1040 1055 1128 1113 (2),
1161 1068 1207 1098 ut
1242 1068 1359 1097 actus
1387 1057 1551 1113 proprie

120 1127 281 1170 dicatur
312 1126 526 1170 violentus
561 1142 635 1168 seu
671 1139 857 1183 coactus,
906 1129 959 1170 Ι.Ο
996 1140 1042 1169 ut
1085 1126 1155 1169 fiat
1203 1126 1252 1169 ab
1286 1138 1438 1183 agente
1473 1142 1550 1169 ex-

117 1198 319 1250 trinseco,
365 1212 491 1255 passo
540 1212 628 1239 non
676 1196 920 1240 conferente
967 1198 1074 1254 vim,
1125 1197 1183 1241 2.⁰
1224 1210 1269 1240 ut
1303 1196 1373 1240 fiat
1422 1212 1549 1254 passo

119 1269 407 1311 resistente.»
449 1269 577 1311 Tunc
626 1268 786 1310 scilicet
835 1267 1012 1311 habetur
1062 1281 1259 1312 coactum
1306 1270 1467 1326 proprie
1509 1281 1550 1312 et

115 1338 368 1397 simpliciter.
405 1339 451 1382 Si
485 1339 599 1381 enim
635 1338 719 1391 ille,
755 1340 827 1396 qui
861 1340 948 1382 vim
985 1340 1154 1396 patitur,
1191 1355 1235 1382 se
1259 1338 1407 1382 habeat
1431 1355 1549 1382 mere

119 1410 328 1467 negative,
354 1409 420 1452 vel
454 1411 581 1452 etiam
615 1410 650 1452 si
684 1425 773 1453 non
806 1412 1013 1453 renitatur
1041 1411 1083 1453 in
1119 1412 1550 1468 contrarium,quan-

115 1493 211 1524 tum
245 1494 403 1539 potest,
439 1481 618 1524 habetur
662 1494 859 1524 coactum
898 1497 986 1525 non
1024 1485 1189 1540 proprie
1224 1495 1264 1526 et
1296 1483 1548 1540 simpliciter,

113 1552 186 1596 sed
219 1554 437 1611 improprie
472 1565 513 1596 et
545 1553 763 1596 secundnm
798 1553 908 1611 qicid.
945 1554 1028 1596 Hic
1061 1567 1204 1597 autem
1227 1554 1449 1612 loquimur
1471 1570 1548 1612 po-

114 1624 336 1667 tissimum
371 1623 422 1667 de
458 1636 606 1667 coacto
642 1625 815 1682 proprie
849 1638 889 1667 et
923 1624 1174 1682 simpliciter
1206 1625 1292 1669 tali.

234 1694 296 1738 Ut
328 1693 508 1737 docetur
542 1695 584 1736 in
617 1694 923 1751 Psychologia,
958 1708 998 1738 et
1034 1696 1117 1738 iam
1151 1697 1348 1753 superius
1386 1696 1548 1739 innue-

112 1763 264 1808 bamus
297 1764 383 1823 (3),
416 1774 530 1808 actus
562 1765 718 1808 elicitus
754 1767 892 1823 nequit
926 1781 1007 1809 «3553
1056 1775 1225 1810 coactus.
1260 1768 1394 1810 Actus
1431 1767 1547 1810 enim

112 1836 277 1879 elicitus
312 1835 529 1894 simulque
564 1850 734 1879 coactus
773 1849 834 1879 est
869 1836 1150 1880 contradictio
1174 1838 1218 1880 in
1246 1838 1456 1881 terminis.
1495 1839 1549 1881 Et

208 2033 264 2078 (1)
291 2032 405 2067 Ethic.
434 2032 457 2066 l.
489 2033 548 2066 III.
578 2042 666 2066 C.1.:
700 2032 741 2066 οἷ
766 2032 891 2073 ἔξωθεν
920 2034 937 2068 ἦ
974 2032 1075 2079 ἀρχὴ,
1105 2034 1214 2079 μηθὲν
1245 2033 1542 2080 συμβκλὶομένου

107 2092 170 2124 τοῦ
197 2090 417 2136 βιασθέντος.

208 2149 262 2193 (2)
289 2150 344 2184 De
371 2150 491 2184 beatit.
521 2159 553 2184 et
582 2160 648 2184 act.
677 2151 776 2183 liunt.
806 2161 883 2195 cap.
915 2160 944 2184 2.
967 2151 1055 2185 Item
1084 2153 1253 2197 Esparza,
1282 2151 1325 2185 de
1354 2160 1422 2187 act.
1440 2151 1541 2186 huin.

110 2219 145 2254 q.
170 2207 336 2244 V11.a1·t.
360 2219 404 2251 5.:
423 2222 440 2240 «
458 2209 638 2249 Valentia,
669 2208 856 2243 Grenados
896 2218 930 2243 et
959 2209 1014 2244 alii
1055 2211 1300 2245 communiter
1339 2210 1542 2252 advertunt,

108 2265 316 2312 particulas,
345 2268 431 2301 nihil
457 2267 601 2312 confert,
631 2279 695 2300 non
723 2267 910 2312 conserente
928 2269 1010 2309 vim,
1031 2269 1265 2315 accipiendas
1292 2269 1443 2303 minime
1464 2281 1543 2304 esse

103 2331 191 2372 pure
217 2326 384 2370 negative,
415 2327 461 2361 ita
489 2337 526 2361 ut
560 2327 586 2360 is
613 2327 671 2373 qni
700 2327 831 2372 patitur
857 2327 1084 2369 violentiam,
1115 2328 1364 2363 iniit-'ferentes
1400 2339 1436 2363 se
1472 2329 1543 2362 ha-

107 2382 203 2425 beat,
230 2392 403 2429 quantum
433 2394 483 2419 est
513 2398 553 2419 cx
582 2397 628 2425 se,
659 2385 700 2418 ad
729 2397 807 2419 eam
827 2386 921 2420 etad
953 2388 1157 2432 oppositam
1185 2388 1402 2422 actionem...
1423 2390 1542 2424 Debet

109 2451 198 2487 ergo
226 2442 363 2487 patiens
392 2443 479 2477 nihil
509 2443 674 2478 conferre
698 2445 853 2490 positive,
872 2445 941 2479 hoc
969 2454 1021 2480 est
1049 2446 1151 2480 reniti
1179 2457 1219 2480 ac
1247 2447 1435 2482 intendere
1461 2447 1536 2482 im-

107 2499 336 2545 peditionem
365 2502 440 2536 eius
468 2503 666 2537 actionis»

205 2560 261 2605 (3)
288 2560 380 2596 Vide
407 2573 504 2596 num.
534 2572 590 2604 42.
621 2574 701 2609 pag.
739 2574 814 2607 130.
