1734 2784
768 96 1032 150 -258—

186 210 348 241 cretum
383 205 526 236 autem
570 190 759 233 hominis
793 189 984 232 mutabile
1018 201 1096 245 est,
1130 188 1242 233 unde
1276 188 1480 248 quamdiu
1516 204 1606 234 non

187 265 484 325 promulgatur
532 277 605 320 per
650 259 830 303 modum
879 260 1001 317 legis,
1047 275 1216 318 semper
1266 275 1310 303 se
1357 259 1481 304 habet
1523 276 1606 319 po-

186 340 270 381 tius
304 352 377 395 per
409 333 591 377 modum
625 332 837 391 propositi
872 330 1034 374 ferendi
1055 331 1211 389 legem,
1245 346 1372 390 quam
1408 347 1483 390 per
1507 347 1608 375 mo-

186 410 288 453 dum
322 408 429 465 legis
476 405 654 449 firmiter
697 403 900 447 stabilitae
943 416 983 446 et
1015 403 1119 446 latae
1153 403 1237 462 (1).
1278 403 1404 447 Unde
1448 404 1491 446 in
1529 403 1607 447 hac

184 481 277 538 lege
311 489 479 523 aeterna
512 492 586 535 per
619 491 663 519 se
695 474 928 533 loquendo,
962 474 1077 518 nulla
1110 474 1275 532 publica
1313 474 1606 533 promulgatio

187 550 415 609 requiritur
447 560 493 591 ut
541 559 633 590 actu
684 545 875 603 obliget,
912 545 985 588 sed
1033 545 1176 587 solum
1225 545 1341 602 quod
1383 545 1522 588 veniat
1566 545 1609 587 in

187 623 383 665 notitiam
418 618 587 662 subditi.
622 616 748 661 Unde
772 618 805 659 si
830 633 905 675 per
928 618 1137 660 internam
1161 616 1465 661 revelationem
1483 616 1607 660 nobis

187 695 471 736 innotesceret
513 690 679 733 divinae
726 688 956 732 voluntatis
1000 688 1250 742 decretum,
1305 687 1515 731 sufficeret
1557 687 1609 731 ad

188 762 490 821 obligandum,
525 760 641 818 quod
689 775 776 802 non
824 760 878 802 ita
928 771 989 802 est
1033 760 1074 801 in
1114 760 1207 816 lege
1256 759 1607 802 liomini51nam

187 835 284 879 licet
316 833 510 877 subditus
544 833 646 876 sciat
681 832 765 874 iam
800 847 891 874 esse
926 832 1125 888 scriptam
1162 831 1273 889 apud
1306 847 1481 888 regem,
1520 845 1607 873 non

189 907 399 963 obligatur
431 904 513 962 illa,
547 903 682 947 donec
715 903 1028 962 promulgetur.
1068 902 1300 947 Ordinarie
1323 914 1467 946 antem
1486 903 1606 945 Deus

186 993 274 1021 non
307 976 467 1034 obligat
498 975 698 1018 homines
732 989 806 1032 per
839 973 979 1030 legem
1014 987 1245 1026 aeternam,
1281 974 1360 1016 nisi
1396 973 1607 1016 mediante

187 1049 326 1107 aliqua
358 1047 555 1091 exteriori
587 1046 695 1103 lege,
729 1062 835 1103 quae
869 1046 922 1088 sit
956 1044 1067 1087 illius
1101 1045 1367 1102 participatio
1402 1056 1441 1087 et
1475 1044 1606 1101 signi-

186 1119 342 1176 ficatio,
375 1130 415 1162 et
448 1119 503 1160 ita
534 1115 705 1175 quando
740 1116 839 1159 aliae
874 1115 989 1172 leges
1028 1114 1360 1172 promulgantur
1410 1114 1605 1157 homini-

186 1191 280 1248 bus,
314 1189 612 1248 promulgatur
649 1187 700 1230 ad
733 1200 846 1230 extra
894 1188 983 1244 ipsa
1030 1187 1096 1229 lex
1143 1199 1322 1240 aeterna3
1372 1186 1532 1244 ideoque
1565 1187 1608 1229 in

187 1263 275 1314 illa,
311 1270 353 1304 ut
384 1269 547 1304 aeterna
593 1268 676 1311 est,
710 1275 790 1302 non
824 1258 937 1301 lmlwt
983 1258 1111 1301 Iocum
1154 1258 1323 1315 propria
1368 1255 1607 1314 pronmlga-

188 1335 244 1377 tio
276 1350 296 1372 »
336 1331 420 1390 (2).

304 1404 431 1449 Ratio
477 1403 618 1460 itaque
666 1400 938 1459 gubernatrix
987 1400 1175 1443 universi
1209 1400 1252 1441 in
1286 1412 1428 1441 mente
1464 1397 1605 1441 divina

184 1476 366 1519 existens
400 1486 464 1518 est
495 1489 594 1517 vere
627 1473 884 1531 proprieque
919 1472 982 1515 lex
1015 1480 1192 1514 [zalrrna.
1216 1471 1363 1528 Itaque
1394 1471 1483 1512 iure
1517 1485 1608 1512 me-

186 1547 356 1604 ritoque
389 1544 561 1588 Tullius
594 1542 845 1586 inclamabat
878 1542 961 1600 (3):
1003 1560 1023 1583 ‹<
1057 1543 1179 1585 Hanc
1212 1541 1339 1584 video
1378 1540 1605 1599 sapientis-

184 1619 398 1660 simorum
431 1615 563 1659 fuisse
596 1615 866 1671 sententiam,
898 1614 1038 1671 legem
1081 1630 1221 1671 neque
1269 1613 1498 1656 hominum
1532 1612 1604 1655 in-

279 1837 336 1881 (1)
364 1837 415 1870 Ex
440 1835 495 1869 his
519 1834 635 1869 verbis
663 1833 761 1869 vides
791 1834 1070 1879 responsionem
1097 1832 1181 1866 huic
1210 1830 1424 1865 difficultati.
1452 1829 1606 1865 Ordina-

181 1896 234 1929 tio
262 1905 446 1940 quousque
473 1902 594 1928 manet
620 1894 657 1927 in
685 1902 807 1927 mente
835 1902 867 1926 et
893 1892 1082 1926 voluntate
1117 1890 1314 1936 superioris
1341 1897 1393 1924 est
1432 1888 1603 1935 proposi-

182 1962 261 1988 tum
288 1952 423 1987 ferendi
452 1952 584 1998 legem.
612 1952 721 1997 Atqui
761 1951 985 1997 propositum
1013 1949 1149 1984 ferendi
1179 1949 1298 1994 legem
1326 1959 1400 1982 non
1438 1956 1490 1982 est
1522 1957 1604 1981 vere

181 2024 220 2047 ac
249 2013 391 2059 proprie
417 2012 474 2047 lex
500 2012 650 2047 firmiter
676 2011 840 2046 stabilita.
870 2010 1022 2045 Concedo
1050 2010 1227 2044 minorem.
1266 2009 1449 2054 Distinguo
1476 2007 1601 2042 mai....

180 2071 373 2117 superioris
397 2070 559 2112 humani,
580 2070 680 2104 cuius
707 2081 809 2104 mens
837 2078 886 2104 est
915 2068 1071 2103 fallibilis
1099 2077 1131 2103 et
1149 2068 1320 2102 voluntas
1348 2075 1400 2101 est
1419 2065 1603 2101 mutabilis

181 2141 285 2169 cona,
305 2130 427 2173 divini,
447 2129 547 2163 cuius
573 2140 675 2164 mens
702 2129 812 2164 errori
839 2128 948 2163 dubio
975 2128 1200 2174 ignorantiae
1220 2126 1506 2161 inadvertentiae
1527 2135 1602 2159 non

181 2198 235 2223 est
253 2189 425 2231 obnoxia,
446 2199 513 2223 nec
530 2187 698 2223 voluntas
725 2187 918 2222 mutationi
945 2198 1039 2234 nego.
1055 2187 1094 2221 In
1114 2187 1194 2221 Deo
1222 2186 1491 2220 identificantur
1509 2196 1598 2230 pro-

182 2247 342 2293 positum
368 2247 505 2282 ferendi
530 2248 650 2292 legem
678 2255 711 2281 et
739 2246 808 2282 lex,

278 2307 334 2351 (2)
361 2308 416 2341 De
442 2306 512 2353 leg.
539 2306 561 2341 1.
589 2307 632 2340 ΙΙ.
660 2318 688 2340 c.
722 2317 749 2341 1.
768 2318 801 2340 n.
827 2316 877 2340 11.
898 2305 952 2341 Cf.
980 2306 1087 2340 etiam
1116 2304 1158 2339 de
1185 2304 1256 2351 leg.
1275 2304 1297 2339 1.
1324 2305 1351 2339 Ι.
1373 2315 1401 2339 ε.
1425 2315 1477 2339 11.
1497 2315 1532 2338 n.
1552 2314 1597 2346 2.,

181 2367 242 2399 ubi
268 2367 328 2406 ait,
355 2365 690 2412 promulgationem
719 2365 786 2400 dici
814 2366 1044 2412 potissimum
1074 2364 1115 2398 de
1144 2364 1223 2410 lege
1251 2372 1407 2410 spectata
1434 2363 1470 2396 in
1508 2371 1601 2396 statu

181 2425 353 2467 exteriori,
381 2425 424 2459 de
451 2437 518 2471 qua
546 2424 780 2460 distinctione
806 2425 945 2470 egimus
985 2425 1020 2458 in
1047 2423 1142 2458 thesi
1167 2423 1304 2458 XXIX.
1331 2433 1431 2456 num.
1459 2431 1516 2468 92.
1543 2419 1600 2455 Cf.

181 2482 334 2524 Cum-as,
361 2483 488 2517 Ethica
515 2495 616 2518 num.
646 2483 699 2525 58.

276 2542 333 2586 (3)
358 2542 412 2576 De
438 2542 544 2588 legib.
574 2543 597 2576 1.
624 2542 667 2576 11.
696 2553 724 2576 c.
753 2542 813 2577 IV.
