1734 2784
777 88 1045 118 —200—

199 171 247 215 ab
282 184 428 228 agente
462 170 511 214 ad
543 170 706 214 bonum
741 171 990 228 honestum,
1023 183 1093 213 aut
1126 171 1223 228 quia
1256 187 1306 214 ex
1352 170 1488 228 aliqua
1543 169 1621 214 alia

204 244 518 285 circumstantia
551 244 759 300 accipiunt
794 242 1072 286 honestatem.
1097 242 1229 300 Atqui
1263 258 1313 284 ex
1337 241 1505 286 obiecto
1529 258 1620 286 non

202 326 299 356 sunt
330 313 546 368 honestae,
570 314 642 356 sed
667 313 980 367 indifferentes3
1013 313 1060 356 ab
1086 326 1236 371 agente
1259 328 1345 357 non
1379 314 1621 358 referuntur

204 385 254 427 ad
286 384 449 427 bonum
484 385 712 428 honestum
748 400 792 427 ac
828 384 1002 438 morale,
1036 385 1107 428 sed
1141 384 1191 427 ad
1226 384 1388 428 bonum
1428 384 1617 428 delecta-

203 455 285 498 bile
318 472 363 498 ac
398 456 621 514 physicum
658 455 756 514 (1):
793 457 824 497 si
859 456 965 513 'quae
999 457 1337 499 circumstantiae
1371 455 1528 510 adsint,
1551 472 1623 500 eae

206 526 380 584 quidem
415 528 624 570 actionem
662 527 943 570 determinant
979 527 1168 585 physice,
1204 526 1464 585 eaedemque
1490 529 1626 586 impe-

204 598 337 651 diunt,
372 614 422 640 ne
457 600 564 640 actio
599 600 650 641 sit
685 598 791 641 mala
825 611 864 641 et
899 600 1065 656 turpiS,
1101 614 1187 641 non
1222 610 1363 641 autem
1417 598 1623 657 efficiunt,

206 681 251 710 ut
284 670 392 711 actio
425 671 477 711 sit
513 669 730 712 moraliter
763 669 871 712 bona
905 682 944 712 et
967 669 1159 714 honesta.
1184 670 1299 727 Ergo
1333 686 1404 713 eae
1433 671 1622 713 actiones

212 754 299 781 non
335 753 431 781 sunt
462 740 677 783 honestae.

334 809 538 853 Probatur
572 812 713 853 minor
747 811 886 868 quoad
922 819 988 853 ΖΡ
1014 823 1187 868 partem.
1217 810 1400 854 Eaedem
1436 812 1628 854 actiones

210 896 297 923 non
329 894 428 923 sunt
451 881 713 924 inhonestae.
733 907 788 914 —
811 882 982 924 Etenim
1013 882 1055 939 α)
1090 883 1257 939 quoties
1282 883 1391 924 actio
1415 894 1476 925 est
1500 881 1572 924 inh
1585 898 1631 925 o-

208 965 339 1008 nesta,
373 954 498 995 toties
533 966 594 995 est
630 954 755 1010 digna
792 952 941 995 morali
977 954 1189 1010 vituperio
1224 969 1269 996 ac
1309 969 1456 1010 poena.
1494 955 1632 1011 Atqui

205 1039 276 1066 eae
310 1024 496 1066 actiones
531 1025 643 1067 iuxta
677 1040 956 1067 communem
990 1040 1167 1067 sensum
1201 1040 1288 1067 non
1332 1037 1431 1068 sunt
1475 1024 1632 1082 dignae

208 1094 358 1137 morali
392 1096 604 1152 vituperio
639 1111 683 1137 ac
718 1111 866 1152 poena.
912 1097 1026 1152 Ergo
1076 1111 1162 1138 non
1212 1107 1310 1137 sunt
1359 1095 1626 1139 inhonestae.

210 1167 429 1208 Praeterea
454 1165 498 1223 3)
531 1167 565 1207 si
601 1167 683 1208 sint
709 1166 974 1222 inhonestae,
999 1166 1039 1209 id
1064 1167 1140 1209 erit
1174 1167 1237 1209 vel
1264 1167 1361 1223 quia
1384 1184 1434 1209 ex
1460 1166 1634 1209 obiecto

209 1249 306 1278 sunt
339 1237 455 1294 tales,
488 1237 552 1280 vel
586 1238 682 1293 quia
716 1239 792 1280 etsi
828 1254 877 1280 ex
911 1237 1079 1280 obiecto
1113 1239 1195 1279 sint
1235 1237 1536 1292 indifferentes,
1575 1251 1634 1281 ta-

209 1323 322 1361 men,
357 1309 548 1365 inspecto
582 1307 663 1350 fine
698 1310 913 1365 operantis
937 1343 947 1360 ,
985 1308 1232 1351 ordinantur
1282 1307 1330 1350 ab
1380 1321 1530 1365 agente
1585 1308 1636 1351 ad

210 1377 372 1436 aliquid
406 1379 697 1433 inhonestum,
729 1379 794 1422 vel
827 1381 923 1437 quia
957 1396 1005 1421 ex
1039 1379 1176 1436 aliqua
1213 1378 1291 1421 alia
1316 1379 1637 1423 circumstantia

212 1449 318 1492 fiunt
351 1450 618 1503 inhonestae,
657 1451 723 1493 vel
774 1463 883 1494 certe
931 1450 971 1494 id
1022 1450 1191 1493 tandem
1241 1451 1318 1492 erit
1369 1467 1418 1493 ex
1466 1450 1632 1493 defectu

213 1522 428 1564 relationis
467 1523 506 1564 in
545 1522 708 1565 bonum
748 1522 992 1566 honestum.
1032 1523 1163 1579 Atqui
1202 1537 1272 1564 eae
1307 1522 1494 1564 actiones
1545 1537 1636 1565 non

212 1607 310 1636 sunt
343 1610 392 1636 ex
426 1593 593 1637 obiecto
628 1594 894 1646 inhonestae,
930 1593 1003 1636 sed
1036 1592 1355 1635 indifferentes:
1393 1608 1481 1635 non
1514 1591 1635 1635 ordi-

210 1678 362 1707 nantur
396 1666 442 1708 ab
478 1679 629 1723 agente
663 1666 712 1709 ad
746 1665 903 1723 aliquid
939 1665 1227 1721 inhonestum,
1262 1663 1335 1706 sed
1371 1664 1421 1707 ad
1461 1663 1638 1707 bonum

218 1735 459 1792 physicum,
493 1736 609 1793 quod
643 1749 704 1779 est
738 1752 887 1779 verum
921 1735 1098 1789 bonum,
1132 1751 1206 1793 per
1238 1751 1282 1777 se
1329 1736 1575 1778 institutum
1619 1750 1642 1777 a

214 1818 377 1863 natura,
399 1819 439 1849 et
462 1807 511 1850 ad
531 1807 647 1865 quod
672 1820 819 1850 natura
837 1808 925 1865 ipsa
942 1823 1021 1850 nos
1059 1806 1251 1849 inclinat:
1272 1806 1631 1859 circumstantiae,

210 1878 246 1919 si
279 1893 388 1934 quae
421 1878 572 1931 adsint,
608 1880 818 1922 actionem
854 1879 1135 1922 determinant
1168 1879 1209 1920 in
1235 1876 1384 1920 ordine
1408 1892 1494 1919 non
1528 1892 1628 1919 mo-

210 1949 303 2005 rali,
337 1949 409 1991 sed
444 1950 649 2007 physico:
686 1952 794 1993 actio
829 1951 1002 2008 quidem
1038 1965 1122 1993 non
1158 1948 1335 1991 refertur
1390 1949 1431 1991 in
1471 1947 1636 1991 bonum

210 2019 459 2073 honestum,
495 2021 567 2063 sed
602 2021 768 2078 probari
805 2022 951 2078 nequit
985 2037 1075 2064 esse
1099 2020 1411 2077 obligationem
1446 2019 1630 2077 positive

213 2090 438 2133 ordinandi
474 2106 625 2134 omnes
659 2105 698 2134 et
733 2091 919 2148 singulas
953 2092 1139 2134 actiones
1189 2091 1240 2134 ad
1282 2090 1443 2133 bonum
1492 2089 1631 2132 hone-

311 2263 367 2306 (1)
396 2262 441 2296 Hi
473 2271 636 2296 auctores
663 2263 931 2308 quadruplicem
964 2253 1188 2308 distinguunt
1215 2263 1393 2296 rationem
1429 2261 1527 2302 boni,
1556 2272 1591 2294 m
1609 2273 1648 2295 o-

212 2322 306 2363 ralis,
336 2321 486 2367 physici,
518 2322 750 2365 delectabilis,
776 2323 886 2363 utilis;
915 2323 1044 2356 harum
1071 2332 1307 2368 unaquaeque
1333 2321 1406 2354 vim
1433 2320 1539 2354 habet
1565 2328 1598 2354 tr
1612 2332 1650 2354 a-

210 2381 322 2414 hendi
350 2382 392 2415 ad
419 2393 457 2415 se
485 2381 727 2416 voluntatem.
755 2381 904 2427 Triplex
935 2383 1134 2427 generatim
1172 2381 1375 2426 assignatur
1401 2379 1490 2413 ratio
1513 2371 1634 2420 boni,

209 2439 350 2474 scilicet
369 2439 524 2482 honesti,
557 2440 792 2481 delectabilis,
819 2440 927 2474 utilis.
946 2441 1015 2475 Sed
1042 2441 1106 2474 sub
1133 2439 1336 2474 delectabili
1355 2437 1633 2483 intelligendum

203 2510 225 2532 e
239 2506 268 2532 st
297 2507 443 2533 naturae
472 2500 712 2533 commodum
741 2511 802 2533 seu
822 2500 958 2533 bonum
981 2499 1181 2545 physicum.
1200 2499 1251 2534 Ita
1268 2498 1340 2532 fere
1359 2497 1514 2538 Lessius,
1533 2507 1634 2530 com-

210 2565 323 2590 ment.
353 2558 386 2590 in
421 2568 446 2590 1.
476 2567 506 2592 2.
534 2570 565 2603 q.
597 2568 647 2601 19.
675 2570 704 2592 a.
736 2567 763 2599 3.
791 2558 869 2592 dub.
900 2569 931 2592 2.
