1734 2784
781 93 1040 123 —212—

195 177 274 230 sit,
307 176 373 220 vel
406 175 515 220 mala
546 188 586 219 et
617 174 800 219 inutilis?
824 174 895 233 (1)
928 176 1032 220 Non
1065 176 1167 218 item
1201 176 1235 218 si
1273 176 1324 219 de
1357 175 1438 219 illis
1473 191 1620 220 sermo

195 250 249 291 sit
268 247 508 305 agentibus,
523 263 629 306 quae
656 263 705 290 ex
726 246 853 290 libera
870 247 935 289 sui
955 246 1161 289 electione
1180 260 1423 305 operantur.
1445 249 1618 292 Horum

195 320 307 363 enim
330 320 517 363 actiones
540 334 627 362 non
646 317 778 362 modo
802 319 905 376 ipsis
923 317 1188 362 attribuimus
1206 331 1423 377 tamquam
1443 319 1619 364 effectus

195 405 294 433 suae
329 405 493 444 causae,
525 405 675 433 verum
710 390 837 432 etiam
871 387 1023 431 iisdem
1062 389 1270 433 moraliter
1294 391 1540 448 imputamus
1573 391 1616 434 in

194 460 363 504 laudem
382 460 447 504 vel
468 461 743 517 vituperium:
764 458 1017 502 huiusmodi
1036 460 1149 504 enim
1170 462 1335 517 agentia
1358 474 1456 504 sunt
1473 461 1618 517 libera,

196 547 241 575 ac
264 532 446 589 proinde
470 533 526 574 ita
559 543 659 574 sunt
692 532 734 574 iu
768 532 854 573 suis
889 530 1049 574 actibus
1082 531 1194 574 bona
1215 547 1260 574 ac
1283 544 1411 585 recta,
1438 545 1483 575 ut
1507 532 1618 576 mala

197 601 530 660 deordinataque
565 618 656 645 esse
691 603 949 660 potuissent,
985 616 1107 660 atque
1141 619 1163 646 e
1199 604 1410 647 contrario
1435 604 1490 646 ita
1514 616 1615 647 sunt

195 675 237 717 in
260 675 347 717 suis
373 673 530 716 actibus
556 672 663 717 mala
685 689 732 716 ac
765 673 1026 731 deordinata,
1052 687 1096 717 ut
1119 674 1229 717 bona
1252 690 1343 718 esse
1373 676 1617 733 potuissent

195 760 241 788 ac
288 757 413 798 recta,
449 745 484 787 si
531 744 780 789 voluissent.
829 747 889 788 Ex
939 745 1015 788 hac
1058 759 1200 789 autem
1245 745 1615 790 animadversione

194 831 427 873 possumus
451 828 707 874 conceptum
738 816 902 860 moralis
924 817 1248 874 imputabilitatis
1282 817 1493 875 colligere.

311 886 622 945 Imputabilitas
657 900 718 930 est
742 886 944 931 habitudo
973 889 1152 931 actionis
1185 888 1395 931 humanae
1429 900 1475 931 ut
1509 887 1615 932 effe-

193 970 285 1001 ctus
304 957 354 1001 ad
371 973 500 1015 agens
523 957 705 1001 liberum
730 971 776 1001 ut
801 974 985 1013 causam,
1004 960 1045 1001 vi
1065 960 1185 1002 cuius
1212 959 1471 1003 habitudinis
1496 959 1620 1004 boni-

191 1041 254 1072 tas
276 1029 343 1073 vel
366 1030 546 1087 pravitas
581 1030 756 1072 actionis
785 1043 927 1088 potest
949 1046 996 1074 ac
1019 1030 1142 1074 debet
1165 1031 1293 1074 tribui
1316 1032 1455 1088 agenti
1477 1030 1616 1074 libero⁴

191 1101 234 1143 in
268 1101 359 1143 eius
392 1099 562 1144 laudem
585 1100 651 1144 vel
678 1102 956 1159 vituperium.
980 1101 1046 1145 Ab
1070 1101 1383 1160 imputabilitczte
1412 1101 1615 1158 distingui

193 1170 316 1214 debet
349 1172 560 1229 imputatio
594 1171 684 1229 (2),
709 1188 865 1229 nempe
890 1172 1097 1215 iudicium
1121 1172 1296 1225 actuale,
1324 1188 1410 1230 quo
1435 1172 1619 1215 actionis

191 1240 357 1284 bonitas
391 1240 457 1284 vel
480 1242 659 1299 pravitas
683 1241 884 1285 tribuitur
906 1242 1038 1285 libero
1072 1242 1194 1285 alicui
1219 1244 1375 1300 agenti,
1393 1256 1614 1300 tamquam

192 1314 355 1356 auctori
388 1325 429 1356 et
461 1329 627 1366 causae,
653 1314 695 1356 in
717 1315 808 1357 eius
834 1314 961 1357 decus
986 1314 1052 1358 vel
1089 1313 1320 1358 infamiam.
1347 1313 1616 1358 Huiusmodi

191 1385 419 1441 imputatio
453 1385 487 1426 si
522 1384 572 1428 de
605 1385 770 1428 actione
805 1384 914 1428 bona
949 1398 1112 1443 agatur,
1137 1385 1288 1429 dicitur
1312 1387 1558 1440 aestimatio,
1577 1389 1616 1431 si

311 1593 367 1638 (1)
409 1593 565 1636 Quando
610 1593 774 1628 Christus
817 1595 999 1629 Dominus
1043 1596 1223 1637 esuriens,
1267 1604 1304 1630 ut
1346 1595 1477 1641 legitur
1518 1595 1614 1641 apud

191 1652 318 1688 Matth.
339 1653 435 1687 XXI.
461 1652 512 1686 18.
541 1663 632 1699 sqq.,
661 1653 717 1686 fici
739 1654 869 1696 arbori,
890 1654 924 1688 in
944 1665 1012 1700 qua
1037 1669 1053 1684 «
1069 1654 1155 1688 nihil
1180 1655 1313 1688 invenit
1331 1655 1398 1688 nisi
1417 1653 1510 1699 solia
1531 1659 1612 1689 tan-

192 1717 295 1746 tum»
316 1711 515 1754 maledixit3
540 1711 575 1745 id
602 1724 676 1746 non
703 1712 787 1747 fecit
814 1725 856 1748 ex
884 1714 955 1748 irae
975 1714 1124 1759 impetu,
1145 1714 1202 1760 qui
1223 1714 1260 1747 in
1281 1713 1464 1749 Christum
1486 1713 1615 1748 cadere

192 1783 266 1805 non
285 1780 433 1817 poterat,
461 1783 526 1806 nec
553 1783 692 1817 poenae
710 1771 917 1808 inferendae
938 1784 1053 1815 causa,
1075 1785 1181 1819 quam
1199 1785 1265 1807 nec
1286 1774 1392 1807 arbor
1409 1774 1616 1808 merebatur

192 1830 419 1876 (praesertim
447 1841 543 1873 cum,
572 1840 609 1865 ut
636 1831 732 1866 addit
759 1832 872 1866 Marc.
896 1833 958 1868 XI.
1000 1842 1062 1876 13.‚
1102 1841 1187 1866 tunc
1217 1845 1236 1864 «
1261 1843 1328 1866 non
1370 1837 1442 1866 erat
1485 1838 1615 1879 tempus

181 1889 331 1936 ficorum
345 1890 396 1934 »),
424 1902 489 1924 nec
515 1900 653 1937 poterat
679 1892 824 1933 sentire,
851 1893 878 1926 si
905 1902 1110 1935 mereretur,
1139 1892 1200 1926 sed
1228 1892 1262 1926 id
1302 1891 1384 1926 fecit
1423 1892 1460 1926 in
1492 1891 1614 1938 figura

191 1958 226 1984 et
251 1949 331 1984 solo
358 1951 527 1995 mysterio.
554 1950 738 1986 Maledixit
767 1952 817 1986 illi
844 1954 977 1995 arbori,
1007 1964 1095 1998 quae
1123 1952 1279 1987 fructum
1307 1964 1380 1986 non
1419 1953 1576 1987 habebat
1596 1980 1607 1995 ,

192 2009 256 2043 etsi
282 2020 325 2043 eo
352 2018 517 2054 tempore
543 2010 672 2045 habere
700 2022 774 2045 non
801 2011 973 2054 debebat,
1000 2022 1036 2046 ut
1063 2012 1345 2058 intelligeremus
1379 2011 1508 2046 debere
1536 2022 1605 2046 nos

189 2067 308 2102 bonos
334 2066 465 2102 fructus
492 2069 670 2103 bonorum
697 2081 849 2115 operum
876 2070 978 2112 ferre,
1007 2080 1111 2117 atque
1139 2070 1210 2105 hoc
1236 2071 1408 2105 interesse
1434 2070 1527 2104 inter
1546 2081 1605 2103 ar-

189 2127 296 2162 bores
322 2135 355 2161 et
379 2126 559 2170 homines,
586 2128 682 2174 quod
707 2130 851 2164 arbores
878 2138 1002 2164 natura
1028 2141 1089 2164 sua
1130 2130 1275 2164 nonnisi
1314 2137 1410 2164 certo
1450 2128 1610 2175 quodam

189 2186 273 2220 anni
299 2193 464 2231 tempore
489 2185 621 2220 fructus
649 2186 779 2230 ferunt,
808 2187 976 2222 homines
1001 2199 1085 2223 vero
1112 2189 1242 2223 debent
1279 2195 1359 2222 toto
1392 2187 1486 2222 vitae
1523 2197 1609 2221 suae

186 2252 351 2290 tempore
378 2246 468 2279 bene
495 2244 622 2280 facere.
653 2261 669 2276 «
696 2246 791 2281 Tota
816 2247 891 2282 vita
918 2248 1034 2289 uobis,
1061 2248 1110 2282 sic
1135 2247 1364 2282 Maldonatus
1385 2246 1422 2280 in
1449 2246 1483 2280 h.
1498 2245 1534 2288 1.‚
1555 2253 1610 2280 est

187 2311 316 2345 aestas,
345 2312 422 2339 tota
447 2304 553 2339 debet
580 2315 656 2339 esse
683 2304 864 2349 frugifera,
894 2317 959 2340 nec
989 2306 1182 2352 quidquam
1209 2317 1277 2340 nos
1304 2314 1443 2351 praeter
1467 2304 1608 2338 volun-

188 2369 298 2395 tatem
325 2370 488 2396 nostram
515 2362 653 2397 steriles
680 2362 763 2397 facit
782 2378 814 2398 ».

310 2419 366 2464 (2)
395 2420 715 2466 Imputabilitatem
744 2430 777 2456 et
804 2422 1085 2468 imputationem
1113 2431 1207 2458 recte
1241 2421 1427 2468 distinguit
1452 2419 1613 2461 Tullius,

188 2477 249 2511 ubi
274 2477 334 2520 ait,
359 2479 495 2513 bonum
522 2480 659 2515 morale
690 2495 706 2511 «
734 2481 874 2517 etiamsi
901 2493 920 2516 a
947 2481 1048 2517 nullo
1076 2481 1251 2524 laudetur,
1273 2490 1399 2516 natura
1423 2490 1500 2514 esse
1525 2479 1612 2513 lau-—

188 2534 322 2571 dabile.
350 2550 368 2569 »
397 2538 452 2572 De
479 2537 539 2573 off.
567 2539 592 2573 I.
619 2548 651 2581 4.

1680 2703 1713 2784 fimi
1709 2646 1712 2650 .
