<?xml version="1.0" encoding="UTF-8"?>
<!DOCTYPE html PUBLIC "-//W3C//DTD XHTML 1.0 Transitional//EN"
    "http://www.w3.org/TR/xhtml1/DTD/xhtml1-transitional.dtd">
<html xmlns="http://www.w3.org/1999/xhtml" xml:lang="en" lang="en">
 <head>
  <title>
</title>
<meta http-equiv="Content-Type" content="text/html;charset=utf-8" />
  <meta name='ocr-system' content='tesseract 3.04.00' />
  <meta name='ocr-capabilities' content='ocr_page ocr_carea ocr_par ocr_line ocrx_word'/>
</head>
<body>
  <div class='ocr_page' id='page_1' title='image "./institutionesphi01ferr_0290.png"; bbox 0 0 1734 2784; ppageno 0'>
   <div class='ocr_carea' id='block_1_1' title="bbox 157 198 1586 2045">
    <p class='ocr_par' dir='ltr' id='par_1_1' title="bbox 160 198 1585 389">
     <span class='ocr_line' id='line_1_1' title="bbox 160 198 1585 258; baseline -0.001 -12"><span class='ocrx_word' id='word_1_1' title='bbox 160 203 267 246; x_wconf 83' lang='lat' dir='ltr'>-nalis</span> <span class='ocrx_word' id='word_1_2' title='bbox 302 214 487 257; x_wconf 79' lang='lat' dir='ltr'>naturae,</span> <span class='ocrx_word' id='word_1_3' title='bbox 521 198 803 242; x_wconf 77' lang='lat' dir='ltr'>nihilominus</span> <span class='ocrx_word' id='word_1_4' title='bbox 839 201 958 244; x_wconf 91' lang='lat' dir='ltr'>Deus</span> <span class='ocrx_word' id='word_1_5' title='bbox 993 213 1038 243; x_wconf 91' lang='lat' dir='ltr'>ut</span> <span class='ocrx_word' id='word_1_6' title='bbox 1071 212 1219 244; x_wconf 79' lang='lat' dir='ltr'>auctor</span> <span class='ocrx_word' id='word_1_7' title='bbox 1252 213 1292 244; x_wconf 91' lang='lat' dir='ltr'>et</span> <span class='ocrx_word' id='word_1_8' title='bbox 1326 199 1585 258; x_wconf 87' lang='lat' dir='ltr'>gubernator</span> 
     </span>
     <span class='ocr_line' id='line_1_2' title="bbox 161 271 1584 331; baseline 0 -15"><span class='ocrx_word' id='word_1_9' title='bbox 161 275 257 318; x_wconf 85' lang='lat' dir='ltr'>-talis</span> <span class='ocrx_word' id='word_1_10' title='bbox 291 286 461 315; x_wconf 78' lang='lat' dir='ltr'>naturae</span> <span class='ocrx_word' id='word_1_11' title='bbox 490 273 690 330; x_wconf 64' lang='lat' dir='ltr'>praecipit</span> <span class='ocrx_word' id='word_1_12' title='bbox 723 271 766 314; x_wconf 87' lang='lat' dir='ltr'>id</span> <span class='ocrx_word' id='word_1_13' title='bbox 798 271 936 315; x_wconf 84' lang='lat' dir='ltr'>facere</span> <span class='ocrx_word' id='word_1_14' title='bbox 969 272 1035 315; x_wconf 90' lang='lat' dir='ltr'>vel</span> <span class='ocrx_word' id='word_1_15' title='bbox 1068 273 1216 330; x_wconf 87' lang='lat' dir='ltr'>vitare,</span> <span class='ocrx_word' id='word_1_16' title='bbox 1241 272 1358 331; x_wconf 88' lang='lat' dir='ltr'>quod</span> <span class='ocrx_word' id='word_1_17' title='bbox 1381 272 1584 316; x_wconf 82' lang='lat' dir='ltr'>naturalis</span> 
     </span>
     <span class='ocr_line' id='line_1_3' title="bbox 167 343 1257 389; baseline -0.004 -1"><span class='ocrx_word' id='word_1_18' title='bbox 167 347 271 389; x_wconf 85' lang='lat' dir='ltr'>ratio</span> <span class='ocrx_word' id='word_1_19' title='bbox 307 344 431 387; x_wconf 83' lang='lat' dir='ltr'>dictat</span> <span class='ocrx_word' id='word_1_20' title='bbox 466 359 557 386; x_wconf 86' lang='lat' dir='ltr'>esse</span> <span class='ocrx_word' id='word_1_21' title='bbox 591 343 834 387; x_wconf 82' lang='lat' dir='ltr'>faciendum</span> <span class='ocrx_word' id='word_1_22' title='bbox 870 345 935 387; x_wconf 85' lang='lat' dir='ltr'>vel</span> <span class='ocrx_word' id='word_1_23' title='bbox 969 343 1204 387; x_wconf 85' lang='lat' dir='ltr'>vitandum.</span> <span class='ocrx_word' id='word_1_24' title='bbox 1237 361 1257 384; x_wconf 88' lang='lat'>»</span> 
     </span>
    </p>

    <p class='ocr_par' dir='ltr' id='par_1_2' title="bbox 157 416 1586 1894">
     <span class='ocr_line' id='line_1_4' title="bbox 283 416 1579 470; baseline 0.002 -12"><span class='ocrx_word' id='word_1_25' title='bbox 283 418 610 459; x_wconf 65' lang='lat' dir='ltr'>ARGUMENTUM</span> <span class='ocrx_word' id='word_1_26' title='bbox 655 416 731 459; x_wconf 88' lang='grc' dir='ltr'><strong>ΙΙΙ.</strong></span> <span class='ocrx_word' id='word_1_27' title='bbox 783 416 847 459; x_wconf 83' lang='lat' dir='ltr'>Ex</span> <span class='ocrx_word' id='word_1_28' title='bbox 893 417 1081 459; x_wconf 77' lang='lat' dir='ltr'>unanimi</span> <span class='ocrx_word' id='word_1_29' title='bbox 1131 417 1310 459; x_wconf 75' lang='lat' dir='ltr'>onmium</span> <span class='ocrx_word' id='word_1_30' title='bbox 1357 417 1579 470; x_wconf 79' lang='lat' dir='ltr'>hominum,</span> 
     </span>
     <span class='ocr_line' id='line_1_5' title="bbox 157 487 1583 550; baseline 0.001 -21"><span class='ocrx_word' id='word_1_31' title='bbox 157 488 396 550; x_wconf 71' lang='lat' dir='ltr'>praesertim</span> <span class='ocrx_word' id='word_1_32' title='bbox 415 502 506 529; x_wconf 54' lang='lat' dir='ltr'>‘ciero</span> <span class='ocrx_word' id='word_1_33' title='bbox 524 488 753 544; x_wconf 73' lang='lat' dir='ltr'>sapientmn</span> <span class='ocrx_word' id='word_1_34' title='bbox 770 503 814 530; x_wconf 77' lang='lat'>511</span> <span class='ocrx_word' id='word_1_35' title='bbox 814 487 961 546; x_wconf 76' lang='lat' dir='ltr'>ffragio</span> <span class='ocrx_word' id='word_1_36' title='bbox 981 487 1063 546; x_wconf 86' lang='lat'>(1)</span> <span class='ocrx_word' id='word_1_37' title='bbox 1089 489 1199 530; x_wconf 83' lang='lat' dir='ltr'>Ante</span> <span class='ocrx_word' id='word_1_38' title='bbox 1223 488 1368 530; x_wconf 85' lang='lat' dir='ltr'>omnia</span> <span class='ocrx_word' id='word_1_39' title='bbox 1390 487 1583 531; x_wconf 83' lang='lat' dir='ltr'>animad-</span> 
     </span>
     <span class='ocr_line' id='line_1_6' title="bbox 164 557 1585 617; baseline 0 -15"><span class='ocrx_word' id='word_1_40' title='bbox 164 571 295 611; x_wconf 78' lang='lat' dir='ltr'>verte,</span> <span class='ocrx_word' id='word_1_41' title='bbox 331 574 590 601; x_wconf 87' lang='lat' dir='ltr'>consensum</span> <span class='ocrx_word' id='word_1_42' title='bbox 625 557 738 601; x_wconf 89' lang='lat' dir='ltr'>hunc</span> <span class='ocrx_word' id='word_1_43' title='bbox 781 574 867 602; x_wconf 90' lang='lat' dir='ltr'>non</span> <span class='ocrx_word' id='word_1_44' title='bbox 913 558 1046 602; x_wconf 90' lang='lat' dir='ltr'>modo</span> <span class='ocrx_word' id='word_1_45' title='bbox 1096 576 1187 602; x_wconf 91' lang='lat' dir='ltr'>esse</span> <span class='ocrx_word' id='word_1_46' title='bbox 1236 575 1364 617; x_wconf 87' lang='lat' dir='ltr'>quam</span> <span class='ocrx_word' id='word_1_47' title='bbox 1398 560 1585 603; x_wconf 82' lang='lat' dir='ltr'>maxime</span> 
     </span>
     <span class='ocr_line' id='line_1_7' title="bbox 167 630 1584 689; baseline 0.001 -17"><span class='ocrx_word' id='word_1_48' title='bbox 167 630 425 687; x_wconf 67' lang='lat' dir='ltr'>uniformem,</span> <span class='ocrx_word' id='word_1_49' title='bbox 463 630 735 673; x_wconf 69' lang='lat' dir='ltr'>universalem</span> <span class='ocrx_word' id='word_1_50' title='bbox 769 642 809 673; x_wconf 90' lang='lat' dir='ltr'>et</span> <span class='ocrx_word' id='word_1_51' title='bbox 842 639 1086 674; x_wconf 71' lang='lat' dir='ltr'>constantem</span> <span class='ocrx_word' id='word_1_52' title='bbox 1119 630 1257 689; x_wconf 87' lang='lat' dir='ltr'>(quod</span> <span class='ocrx_word' id='word_1_53' title='bbox 1301 631 1385 674; x_wconf 85' lang='lat' dir='ltr'>iam</span> <span class='ocrx_word' id='word_1_54' title='bbox 1419 643 1481 674; x_wconf 93' lang='lat' dir='ltr'>est</span> <span class='ocrx_word' id='word_1_55' title='bbox 1513 647 1584 674; x_wconf 88' lang='lat' dir='ltr'>ve-</span> 
     </span>
     <span class='ocr_line' id='line_1_8' title="bbox 166 700 1585 760; baseline 0.001 -17"><span class='ocrx_word' id='word_1_56' title='bbox 166 702 296 743; x_wconf 88' lang='lat' dir='ltr'>ritatis</span> <span class='ocrx_word' id='word_1_57' title='bbox 332 700 675 759; x_wconf 69' lang='lat' dir='ltr'>argumentum),</span> <span class='ocrx_word' id='word_1_58' title='bbox 709 701 782 744; x_wconf 80' lang='lat' dir='ltr'>sed</span> <span class='ocrx_word' id='word_1_59' title='bbox 815 703 942 744; x_wconf 87' lang='lat' dir='ltr'>etiam</span> <span class='ocrx_word' id='word_1_60' title='bbox 990 703 1148 745; x_wconf 83' lang='lat' dir='ltr'>versari</span> <span class='ocrx_word' id='word_1_61' title='bbox 1192 703 1299 745; x_wconf 84' lang='lat' dir='ltr'>circa</span> <span class='ocrx_word' id='word_1_62' title='bbox 1336 717 1442 756; x_wconf 88' lang='lat' dir='ltr'>rem,</span> <span class='ocrx_word' id='word_1_63' title='bbox 1478 717 1585 760; x_wconf 85' lang='lat' dir='ltr'>quae</span> 
     </span>
     <span class='ocr_line' id='line_1_9' title="bbox 167 770 1585 832; baseline 0.002 -19"><span class='ocrx_word' id='word_1_64' title='bbox 167 783 229 814; x_wconf 90' lang='lat' dir='ltr'>est</span> <span class='ocrx_word' id='word_1_65' title='bbox 263 772 449 814; x_wconf 82' lang='lat' dir='ltr'>maxime</span> <span class='ocrx_word' id='word_1_66' title='bbox 480 770 659 814; x_wconf 84' lang='lat' dir='ltr'>molesta</span> <span class='ocrx_word' id='word_1_67' title='bbox 684 771 892 816; x_wconf 81' lang='lat' dir='ltr'>humanae</span> <span class='ocrx_word' id='word_1_68' title='bbox 916 775 1124 816; x_wconf 75' lang='lat' dir='ltr'>voluntati</span> <span class='ocrx_word' id='word_1_69' title='bbox 1150 773 1375 832; x_wconf 80' lang='lat' dir='ltr'><strong>eidemque</strong></span> <span class='ocrx_word' id='word_1_70' title='bbox 1409 789 1585 832; x_wconf 86' lang='lat' dir='ltr'>prorsus</span> 
     </span>
     <span class='ocr_line' id='line_1_10' title="bbox 165 841 1584 904; baseline 0.002 -20"><span class='ocrx_word' id='word_1_71' title='bbox 165 841 339 885; x_wconf 85' lang='lat' dir='ltr'>infensa.</span> <span class='ocrx_word' id='word_1_72' title='bbox 374 843 463 885; x_wconf 88' lang='lat' dir='ltr'>Lex</span> <span class='ocrx_word' id='word_1_73' title='bbox 497 843 609 885; x_wconf 91' lang='lat' dir='ltr'>enim</span> <span class='ocrx_word' id='word_1_74' title='bbox 657 843 875 886; x_wconf 73' lang='lat' dir='ltr'>moraliter</span> <span class='ocrx_word' id='word_1_75' title='bbox 922 844 1022 901; x_wconf 76' lang='lat' dir='ltr'>ligat</span> <span class='ocrx_word' id='word_1_76' title='bbox 1055 857 1100 889; x_wconf 80' lang='lat' dir='ltr'>et</span> <span class='ocrx_word' id='word_1_77' title='bbox 1130 857 1311 888; x_wconf 84' lang='lat' dir='ltr'>coarctat</span> <span class='ocrx_word' id='word_1_78' title='bbox 1361 844 1584 904; x_wconf 85' lang='lat' dir='ltr'>physicam</span> 
     </span>
     <span class='ocr_line' id='line_1_11' title="bbox 163 911 1584 973; baseline 0.004 -19"><span class='ocrx_word' id='word_1_79' title='bbox 163 911 399 955; x_wconf 55' lang='lat' dir='ltr'>voluntatis</span> <span class='ocrx_word' id='word_1_80' title='bbox 433 912 685 966; x_wconf 84' lang='lat' dir='ltr'>libertatem,</span> <span class='ocrx_word' id='word_1_81' title='bbox 721 913 827 957; x_wconf 85' lang='lat' dir='ltr'>adeo</span> <span class='ocrx_word' id='word_1_82' title='bbox 853 927 898 957; x_wconf 92' lang='lat' dir='ltr'>ut</span> <span class='ocrx_word' id='word_1_83' title='bbox 936 915 1171 967; x_wconf 71' lang='lat' dir='ltr'>vinculum,</span> <span class='ocrx_word' id='word_1_84' title='bbox 1209 914 1395 973; x_wconf 88' lang='lat' dir='ltr'>frenum,</span> <span class='ocrx_word' id='word_1_85' title='bbox 1418 917 1584 973; x_wconf 85' lang='lat' dir='ltr'>iugum,</span> 
     </span>
     <span class='ocr_line' id='line_1_12' title="bbox 166 983 1585 1045; baseline 0.003 -19"><span class='ocrx_word' id='word_1_86' title='bbox 166 999 290 1037; x_wconf 78' lang='lat' dir='ltr'>onus,</span> <span class='ocrx_word' id='word_1_87' title='bbox 310 983 485 1042; x_wconf 86' lang='lat' dir='ltr'>aliisque</span> <span class='ocrx_word' id='word_1_88' title='bbox 518 984 767 1028; x_wconf 85' lang='lat' dir='ltr'>huiusmodi</span> <span class='ocrx_word' id='word_1_89' title='bbox 802 987 977 1043; x_wconf 73' lang='lat' dir='ltr'>tropicis</span> <span class='ocrx_word' id='word_1_90' title='bbox 1011 986 1300 1030; x_wconf 84' lang='lat' dir='ltr'>locutionibus</span> <span class='ocrx_word' id='word_1_91' title='bbox 1335 986 1468 1030; x_wconf 81' lang='lat' dir='ltr'>soleat</span> <span class='ocrx_word' id='word_1_92' title='bbox 1491 1003 1585 1045; x_wconf 88' lang='lat' dir='ltr'>pas-</span> 
     </span>
     <span class='ocr_line' id='line_1_13' title="bbox 163 1055 1586 1114; baseline 0.004 -17"><span class='ocrx_word' id='word_1_93' title='bbox 163 1056 248 1102; x_wconf 84' lang='lat' dir='ltr'>sim</span> <span class='ocrx_word' id='word_1_94' title='bbox 283 1055 495 1113; x_wconf 85' lang='lat' dir='ltr'>appellari.</span> <span class='ocrx_word' id='word_1_95' title='bbox 534 1057 647 1098; x_wconf 88' lang='lat' dir='ltr'>Hinc</span> <span class='ocrx_word' id='word_1_96' title='bbox 680 1072 781 1099; x_wconf 85' lang='lat' dir='ltr'>Vero</span> <span class='ocrx_word' id='word_1_97' title='bbox 808 1056 865 1100; x_wconf 89' lang='lat' dir='ltr'>fas</span> <span class='ocrx_word' id='word_1_98' title='bbox 891 1070 952 1100; x_wconf 88' lang='lat' dir='ltr'>est</span> <span class='ocrx_word' id='word_1_99' title='bbox 976 1071 1278 1114; x_wconf 74' lang='lat' dir='ltr'>argumentum</span> <span class='ocrx_word' id='word_1_100' title='bbox 1302 1058 1404 1102; x_wconf 89' lang='lat' dir='ltr'>illud</span> <span class='ocrx_word' id='word_1_101' title='bbox 1427 1060 1586 1103; x_wconf 86' lang='lat' dir='ltr'>instau-</span> 
     </span>
     <span class='ocr_line' id='line_1_14' title="bbox 167 1126 1585 1184; baseline 0.004 -15"><span class='ocrx_word' id='word_1_102' title='bbox 167 1142 274 1179; x_wconf 87' lang='lat' dir='ltr'>rare,</span> <span class='ocrx_word' id='word_1_103' title='bbox 310 1126 426 1184; x_wconf 87' lang='lat' dir='ltr'>quod</span> <span class='ocrx_word' id='word_1_104' title='bbox 460 1127 542 1170; x_wconf 88' lang='lat' dir='ltr'>iam</span> <span class='ocrx_word' id='word_1_105' title='bbox 587 1126 637 1170; x_wconf 85' lang='lat' dir='ltr'>ad</span> <span class='ocrx_word' id='word_1_106' title='bbox 672 1127 922 1171; x_wconf 85' lang='lat' dir='ltr'>moralitatis</span> <span class='ocrx_word' id='word_1_107' title='bbox 971 1130 1237 1173; x_wconf 75' lang='lat' dir='ltr'>existentiam</span> <span class='ocrx_word' id='word_1_108' title='bbox 1281 1130 1585 1174; x_wconf 86' lang='lat' dir='ltr'>demonstran-</span> 
     </span>
     <span class='ocr_line' id='line_1_15' title="bbox 166 1198 1585 1256; baseline 0.005 -16"><span class='ocrx_word' id='word_1_109' title='bbox 166 1198 264 1241; x_wconf 81' lang='lat' dir='ltr'>dam</span> <span class='ocrx_word' id='word_1_110' title='bbox 298 1198 516 1241; x_wconf 75' lang='lat' dir='ltr'>attulimus</span> <span class='ocrx_word' id='word_1_111' title='bbox 551 1198 634 1256; x_wconf 83' lang='lat'>(2).</span> <span class='ocrx_word' id='word_1_112' title='bbox 671 1225 727 1231; x_wconf 98' lang='lat'><strong>—</strong></span> <span class='ocrx_word' id='word_1_113' title='bbox 759 1199 1003 1242; x_wconf 71' lang='lat' dir='ltr'>Intellectus</span> <span class='ocrx_word' id='word_1_114' title='bbox 1037 1200 1087 1244; x_wconf 87' lang='lat' dir='ltr'>ad</span> <span class='ocrx_word' id='word_1_115' title='bbox 1122 1217 1344 1245; x_wconf 86' lang='lat' dir='ltr'>assensum</span> <span class='ocrx_word' id='word_1_116' title='bbox 1378 1202 1585 1246; x_wconf 87' lang='lat' dir='ltr'>determi-</span> 
     </span>
     <span class='ocr_line' id='line_1_16' title="bbox 163 1269 1585 1329; baseline 0.004 -17"><span class='ocrx_word' id='word_1_117' title='bbox 163 1282 289 1312; x_wconf 83' lang='lat' dir='ltr'>natur</span> <span class='ocrx_word' id='word_1_118' title='bbox 321 1269 385 1313; x_wconf 71' lang='lat' dir='ltr'>vel</span> <span class='ocrx_word' id='word_1_119' title='bbox 419 1269 626 1313; x_wconf 73' lang='lat' dir='ltr'>obiective</span> <span class='ocrx_word' id='word_1_120' title='bbox 661 1270 708 1313; x_wconf 83' lang='lat' dir='ltr'>ab</span> <span class='ocrx_word' id='word_1_121' title='bbox 733 1272 822 1329; x_wconf 86' lang='lat' dir='ltr'>ipsa</span> <span class='ocrx_word' id='word_1_122' title='bbox 858 1271 1068 1314; x_wconf 56' lang='lat' dir='ltr'>ex‘identia</span> <span class='ocrx_word' id='word_1_123' title='bbox 1102 1274 1158 1315; x_wconf 90' lang='lat' dir='ltr'>rei</span> <span class='ocrx_word' id='word_1_124' title='bbox 1194 1273 1259 1316; x_wconf 82' lang='lat' dir='ltr'>vel</span> <span class='ocrx_word' id='word_1_125' title='bbox 1291 1273 1523 1318; x_wconf 89' lang='lat' dir='ltr'>subiective</span> <span class='ocrx_word' id='word_1_126' title='bbox 1563 1290 1585 1318; x_wconf 90' lang='lat' dir='ltr'>a</span> 
     </span>
     <span class='ocr_line' id='line_1_17' title="bbox 166 1340 1584 1401; baseline 0.004 -17"><span class='ocrx_word' id='word_1_127' title='bbox 166 1342 360 1385; x_wconf 86' lang='lat' dir='ltr'>motione</span> <span class='ocrx_word' id='word_1_128' title='bbox 391 1340 636 1385; x_wconf 82' lang='lat' dir='ltr'>voluntatis.</span> <span class='ocrx_word' id='word_1_129' title='bbox 679 1344 805 1400; x_wconf 79' lang='lat' dir='ltr'>Atqui</span> <span class='ocrx_word' id='word_1_130' title='bbox 838 1342 889 1385; x_wconf 86' lang='lat' dir='ltr'>ad</span> <span class='ocrx_word' id='word_1_131' title='bbox 923 1342 1227 1387; x_wconf 77' lang='lat' dir='ltr'>admittendam</span> <span class='ocrx_word' id='word_1_132' title='bbox 1250 1343 1357 1401; x_wconf 84' lang='lat' dir='ltr'>legis</span> <span class='ocrx_word' id='word_1_133' title='bbox 1379 1345 1584 1389; x_wconf 86' lang='lat' dir='ltr'>naturalis</span> 
     </span>
     <span class='ocr_line' id='line_1_18' title="bbox 166 1412 1585 1470; baseline 0.004 -15"><span class='ocrx_word' id='word_1_134' title='bbox 166 1413 433 1455; x_wconf 79' lang='lat' dir='ltr'>existentiam</span> <span class='ocrx_word' id='word_1_135' title='bbox 467 1428 555 1455; x_wconf 89' lang='lat' dir='ltr'>non</span> <span class='ocrx_word' id='word_1_136' title='bbox 589 1412 898 1456; x_wconf 83' lang='lat' dir='ltr'>determinatur</span> <span class='ocrx_word' id='word_1_137' title='bbox 942 1431 963 1457; x_wconf 86' lang='lat' dir='ltr'>a</span> <span class='ocrx_word' id='word_1_138' title='bbox 996 1416 1188 1458; x_wconf 89' lang='lat' dir='ltr'>motione</span> <span class='ocrx_word' id='word_1_139' title='bbox 1237 1415 1482 1470; x_wconf 81' lang='lat' dir='ltr'>voluntatis,</span> <span class='ocrx_word' id='word_1_140' title='bbox 1518 1417 1585 1460; x_wconf 91' lang='lat' dir='ltr'>cui</span> 
     </span>
     <span class='ocr_line' id='line_1_19' title="bbox 166 1483 1584 1544; baseline 0.004 -19"><span class='ocrx_word' id='word_1_141' title='bbox 166 1483 325 1526; x_wconf 89' lang='lat' dir='ltr'>scilicet</span> <span class='ocrx_word' id='word_1_142' title='bbox 372 1483 436 1526; x_wconf 89' lang='lat' dir='ltr'>lex</span> <span class='ocrx_word' id='word_1_143' title='bbox 483 1497 545 1527; x_wconf 91' lang='lat' dir='ltr'>est</span> <span class='ocrx_word' id='word_1_144' title='bbox 595 1483 698 1527; x_wconf 84' lang='lat' dir='ltr'>adeo</span> <span class='ocrx_word' id='word_1_145' title='bbox 749 1500 930 1528; x_wconf 82' lang='lat' dir='ltr'>onerosa</span> <span class='ocrx_word' id='word_1_146' title='bbox 964 1498 1003 1528; x_wconf 93' lang='lat' dir='ltr'>et</span> <span class='ocrx_word' id='word_1_147' title='bbox 1039 1486 1230 1529; x_wconf 88' lang='lat' dir='ltr'>molesta.</span> <span class='ocrx_word' id='word_1_148' title='bbox 1266 1487 1380 1544; x_wconf 84' lang='lat' dir='ltr'>Ergo</span> <span class='ocrx_word' id='word_1_149' title='bbox 1414 1487 1463 1530; x_wconf 88' lang='lat' dir='ltr'>ab</span> <span class='ocrx_word' id='word_1_150' title='bbox 1496 1488 1584 1530; x_wconf 86' lang='lat' dir='ltr'>evi-</span> 
     </span>
     <span class='ocr_line' id='line_1_20' title="bbox 165 1554 1583 1616; baseline 0.003 -18"><span class='ocrx_word' id='word_1_151' title='bbox 165 1554 316 1598; x_wconf 86' lang='lat' dir='ltr'>dentia.</span> <span class='ocrx_word' id='word_1_152' title='bbox 351 1556 483 1612; x_wconf 41' lang='lat' dir='ltr'>„atqui</span> <span class='ocrx_word' id='word_1_153' title='bbox 517 1554 727 1598; x_wconf 82' lang='lat' dir='ltr'>evidentia</span> <span class='ocrx_word' id='word_1_154' title='bbox 761 1569 823 1599; x_wconf 91' lang='lat' dir='ltr'>est</span> <span class='ocrx_word' id='word_1_155' title='bbox 857 1557 1076 1600; x_wconf 87' lang='lat' dir='ltr'>criterium</span> <span class='ocrx_word' id='word_1_156' title='bbox 1120 1559 1320 1602; x_wconf 82' lang='lat' dir='ltr'>veritatis,</span> <span class='ocrx_word' id='word_1_157' title='bbox 1356 1559 1471 1616; x_wconf 84' lang='lat' dir='ltr'>Ergo</span> <span class='ocrx_word' id='word_1_158' title='bbox 1504 1574 1583 1602; x_wconf 88' lang='lat' dir='ltr'>ve-</span> 
     </span>
     <span class='ocr_line' id='line_1_21' title="bbox 165 1625 1586 1689; baseline 0.005 -22"><span class='ocrx_word' id='word_1_159' title='bbox 165 1640 261 1667; x_wconf 89' lang='lat' dir='ltr'>rum</span> <span class='ocrx_word' id='word_1_160' title='bbox 296 1637 357 1668; x_wconf 89' lang='lat' dir='ltr'>est</span> <span class='ocrx_word' id='word_1_161' title='bbox 391 1625 447 1679; x_wconf 83' lang='lat' dir='ltr'>id,</span> <span class='ocrx_word' id='word_1_162' title='bbox 470 1626 513 1668; x_wconf 88' lang='lat' dir='ltr'>in</span> <span class='ocrx_word' id='word_1_163' title='bbox 537 1625 653 1683; x_wconf 84' lang='lat' dir='ltr'>quod</span> <span class='ocrx_word' id='word_1_164' title='bbox 676 1626 875 1669; x_wconf 90' lang='lat' dir='ltr'>homines</span> <span class='ocrx_word' id='word_1_165' title='bbox 899 1640 984 1670; x_wconf 90' lang='lat' dir='ltr'>tam</span> <span class='ocrx_word' id='word_1_166' title='bbox 1009 1629 1269 1672; x_wconf 86' lang='lat' dir='ltr'>unanimiter</span> <span class='ocrx_word' id='word_1_167' title='bbox 1292 1630 1586 1689; x_wconf 88' lang='lat' dir='ltr'>consentiunt,</span> 
     </span>
     <span class='ocr_line' id='line_1_22' title="bbox 165 1697 1584 1758; baseline 0.004 -19"><span class='ocrx_word' id='word_1_168' title='bbox 165 1712 238 1739; x_wconf 90' lang='lat' dir='ltr'>seu</span> <span class='ocrx_word' id='word_1_169' title='bbox 271 1711 370 1739; x_wconf 87' lang='lat' dir='ltr'>vere</span> <span class='ocrx_word' id='word_1_170' title='bbox 403 1698 543 1740; x_wconf 81' lang='lat' dir='ltr'>existit</span> <span class='ocrx_word' id='word_1_171' title='bbox 574 1697 640 1740; x_wconf 88' lang='lat' dir='ltr'>lex</span> <span class='ocrx_word' id='word_1_172' title='bbox 673 1698 887 1741; x_wconf 80' lang='lat' dir='ltr'>naturalis,</span> <span class='ocrx_word' id='word_1_173' title='bbox 922 1724 978 1731; x_wconf 93' lang='lat'>—</span> <span class='ocrx_word' id='word_1_174' title='bbox 1013 1699 1097 1743; x_wconf 88' lang='lat' dir='ltr'>Sed</span> <span class='ocrx_word' id='word_1_175' title='bbox 1130 1700 1213 1743; x_wconf 90' lang='lat' dir='ltr'>iam</span> <span class='ocrx_word' id='word_1_176' title='bbox 1256 1699 1418 1758; x_wconf 88' lang='lat' dir='ltr'>aliquot</span> <span class='ocrx_word' id='word_1_177' title='bbox 1462 1702 1584 1744; x_wconf 87' lang='lat' dir='ltr'>testi-</span> 
     </span>
     <span class='ocr_line' id='line_1_23' title="bbox 165 1767 1585 1830; baseline 0.006 -21"><span class='ocrx_word' id='word_1_178' title='bbox 165 1768 311 1810; x_wconf 89' lang='lat' dir='ltr'>monia</span> <span class='ocrx_word' id='word_1_179' title='bbox 344 1767 585 1825; x_wconf 84' lang='lat' dir='ltr'>aliquorum</span> <span class='ocrx_word' id='word_1_180' title='bbox 619 1781 858 1823; x_wconf 85' lang='lat' dir='ltr'>auctorum,</span> <span class='ocrx_word' id='word_1_181' title='bbox 893 1786 942 1812; x_wconf 92' lang='lat' dir='ltr'>ex</span> <span class='ocrx_word' id='word_1_182' title='bbox 974 1771 1040 1826; x_wconf 83' lang='lat' dir='ltr'>iis,</span> <span class='ocrx_word' id='word_1_183' title='bbox 1062 1772 1133 1829; x_wconf 89' lang='lat' dir='ltr'>qui</span> <span class='ocrx_word' id='word_1_184' title='bbox 1167 1772 1275 1815; x_wconf 91' lang='lat' dir='ltr'>inter</span> <span class='ocrx_word' id='word_1_185' title='bbox 1313 1774 1585 1830; x_wconf 85' lang='lat' dir='ltr'>praestantis-</span> 
     </span>
     <span class='ocr_line' id='line_1_24' title="bbox 164 1839 892 1894; baseline 0.004 -14"><span class='ocrx_word' id='word_1_186' title='bbox 164 1839 299 1885; x_wconf 86' lang='lat' dir='ltr'>simos</span> <span class='ocrx_word' id='word_1_187' title='bbox 334 1853 620 1894; x_wconf 85' lang='lat' dir='ltr'>recensentur,</span> <span class='ocrx_word' id='word_1_188' title='bbox 655 1840 892 1884; x_wconf 81' lang='lat' dir='ltr'>afferamus.</span> 
     </span>
    </p>

    <p class='ocr_par' dir='ltr' id='par_1_3' title="bbox 166 1910 1584 2045">
     <span class='ocr_line' id='line_1_25' title="bbox 282 1910 1584 1972; baseline 0.005 -21"><span class='ocrx_word' id='word_1_189' title='bbox 282 1910 593 1953; x_wconf 58' lang='lat' dir='ltr'>ARisroi‘ELEs</span> <span class='ocrx_word' id='word_1_190' title='bbox 627 1910 698 1969; x_wconf 82' lang='lat'>(3)</span> <span class='ocrx_word' id='word_1_191' title='bbox 747 1910 848 1954; x_wconf 85' lang='lat' dir='ltr'>haec</span> <span class='ocrx_word' id='word_1_192' title='bbox 881 1910 1016 1955; x_wconf 86' lang='lat' dir='ltr'>habet:</span> <span class='ocrx_word' id='word_1_193' title='bbox 1069 1914 1225 1957; x_wconf 84' lang='lat' dir='ltr'>«Dico</span> <span class='ocrx_word' id='word_1_194' title='bbox 1269 1913 1411 1972; x_wconf 84' lang='lat' dir='ltr'>legem</span> <span class='ocrx_word' id='word_1_195' title='bbox 1459 1914 1584 1958; x_wconf 85' lang='lat' dir='ltr'>aliam</span> 
     </span>
     <span class='ocr_line' id='line_1_26' title="bbox 166 1980 1583 2045; baseline 0.005 -22"><span class='ocrx_word' id='word_1_196' title='bbox 166 1980 340 2037; x_wconf 89' lang='lat' dir='ltr'>quidem</span> <span class='ocrx_word' id='word_1_197' title='bbox 376 1984 611 2040; x_wconf 84' lang='lat' dir='ltr'>propriam,</span> <span class='ocrx_word' id='word_1_198' title='bbox 647 1983 769 2026; x_wconf 88' lang='lat' dir='ltr'>aliam</span> <span class='ocrx_word' id='word_1_199' title='bbox 803 1999 905 2026; x_wconf 80' lang='lat' dir='ltr'>vero</span> <span class='ocrx_word' id='word_1_200' title='bbox 944 1999 1241 2040; x_wconf 87' lang='lat' dir='ltr'>communem,</span> <span class='ocrx_word' id='word_1_201' title='bbox 1277 2010 1333 2020; x_wconf 88' lang='lat'>—</span> <span class='ocrx_word' id='word_1_202' title='bbox 1365 1987 1583 2045; x_wconf 78' lang='lat' dir='ltr'>propriam</span> 
     </span>
    </p>
   </div>
   <div class='ocr_carea' id='block_1_2' title="bbox 163 2202 1584 2545">
    <p class='ocr_par' dir='ltr' id='par_1_4' title="bbox 163 2202 1584 2487">
     <span class='ocr_line' id='line_1_27' title="bbox 258 2202 1583 2251; baseline 0.002 -15"><span class='ocrx_word' id='word_1_203' title='bbox 258 2204 314 2247; x_wconf 83' lang='lat'>(1)</span> <span class='ocrx_word' id='word_1_204' title='bbox 342 2202 454 2245; x_wconf 85' lang='lat' dir='ltr'>Quod</span> <span class='ocrx_word' id='word_1_205' title='bbox 482 2211 533 2237; x_wconf 88' lang='lat' dir='ltr'>est</span> <span class='ocrx_word' id='word_1_206' title='bbox 560 2203 779 2246; x_wconf 83' lang='lat' dir='ltr'>huiusmodi,</span> <span class='ocrx_word' id='word_1_207' title='bbox 807 2212 843 2238; x_wconf 88' lang='lat' dir='ltr'>ut</span> <span class='ocrx_word' id='word_1_208' title='bbox 871 2204 1031 2239; x_wconf 75' lang='lat' dir='ltr'>videatur</span> <span class='ocrx_word' id='word_1_209' title='bbox 1057 2205 1226 2239; x_wconf 90' lang='lat' dir='ltr'>omnibus</span> <span class='ocrx_word' id='word_1_210' title='bbox 1253 2214 1311 2239; x_wconf 85' lang='lat' dir='ltr'>aut</span> <span class='ocrx_word' id='word_1_211' title='bbox 1340 2204 1502 2251; x_wconf 87' lang='lat' dir='ltr'>plurimis</span> <span class='ocrx_word' id='word_1_212' title='bbox 1521 2213 1583 2239; x_wconf 89' lang='lat' dir='ltr'>aut</span> 
     </span>
     <span class='ocr_line' id='line_1_28' title="bbox 163 2262 1584 2310; baseline 0.003 -15"><span class='ocrx_word' id='word_1_213' title='bbox 163 2262 394 2307; x_wconf 81' lang='lat' dir='ltr'>sapientibus,</span> <span class='ocrx_word' id='word_1_214' title='bbox 422 2271 455 2296; x_wconf 90' lang='lat' dir='ltr'>et</span> <span class='ocrx_word' id='word_1_215' title='bbox 483 2272 525 2295; x_wconf 85' lang='lat' dir='ltr'>ex</span> <span class='ocrx_word' id='word_1_216' title='bbox 556 2262 610 2296; x_wconf 80' lang='lat' dir='ltr'>liis</span> <span class='ocrx_word' id='word_1_217' title='bbox 648 2271 706 2296; x_wconf 81' lang='lat' dir='ltr'>aut</span> <span class='ocrx_word' id='word_1_218' title='bbox 744 2263 914 2297; x_wconf 87' lang='lat' dir='ltr'>omnibus</span> <span class='ocrx_word' id='word_1_219' title='bbox 954 2271 1012 2298; x_wconf 86' lang='lat' dir='ltr'>aut</span> <span class='ocrx_word' id='word_1_220' title='bbox 1041 2264 1205 2310; x_wconf 86' lang='lat' dir='ltr'>plurimis</span> <span class='ocrx_word' id='word_1_221' title='bbox 1243 2272 1302 2299; x_wconf 84' lang='lat' dir='ltr'>aut</span> <span class='ocrx_word' id='word_1_222' title='bbox 1341 2264 1584 2299; x_wconf 87' lang='lat' dir='ltr'>celeberrimis</span> 
     </span>
     <span class='ocr_line' id='line_1_29' title="bbox 164 2320 1581 2370; baseline 0.003 -16"><span class='ocrx_word' id='word_1_223' title='bbox 164 2320 380 2365; x_wconf 87' lang='lat' dir='ltr'>(dummodo</span> <span class='ocrx_word' id='word_1_224' title='bbox 408 2332 426 2355; x_wconf 82' lang='lat' dir='ltr'>a</span> <span class='ocrx_word' id='word_1_225' title='bbox 453 2323 641 2356; x_wconf 88' lang='lat' dir='ltr'>communi</span> <span class='ocrx_word' id='word_1_226' title='bbox 668 2322 841 2367; x_wconf 88' lang='lat' dir='ltr'>opinione</span> <span class='ocrx_word' id='word_1_227' title='bbox 868 2334 943 2357; x_wconf 87' lang='lat' dir='ltr'>non</span> <span class='ocrx_word' id='word_1_228' title='bbox 969 2323 1013 2358; x_wconf 88' lang='lat' dir='ltr'>sit</span> <span class='ocrx_word' id='word_1_229' title='bbox 1040 2323 1268 2369; x_wconf 81' lang='lat' dir='ltr'>abhorrens),</span> <span class='ocrx_word' id='word_1_230' title='bbox 1296 2323 1405 2370; x_wconf 90' lang='lat' dir='ltr'>quod,</span> <span class='ocrx_word' id='word_1_231' title='bbox 1419 2324 1581 2370; x_wconf 86' lang='lat' dir='ltr'>inquam,</span> 
     </span>
     <span class='ocr_line' id='line_1_30' title="bbox 165 2379 1581 2423; baseline 0.004 -10"><span class='ocrx_word' id='word_1_232' title='bbox 165 2388 216 2413; x_wconf 89' lang='lat' dir='ltr'>est</span> <span class='ocrx_word' id='word_1_233' title='bbox 241 2379 460 2421; x_wconf 86' lang='lat' dir='ltr'>huiusmodi,</span> <span class='ocrx_word' id='word_1_234' title='bbox 489 2379 522 2413; x_wconf 87' lang='lat' dir='ltr'>id</span> <span class='ocrx_word' id='word_1_235' title='bbox 550 2381 592 2414; x_wconf 84' lang='lat' dir='ltr'>ab</span> <span class='ocrx_word' id='word_1_236' title='bbox 624 2380 820 2416; x_wconf 88' lang='lat' dir='ltr'>Aristotele</span> <span class='ocrx_word' id='word_1_237' title='bbox 846 2392 993 2417; x_wconf 80' lang='lat' dir='ltr'>vocatur</span> <span class='ocrx_word' id='word_1_238' title='bbox 1026 2381 1137 2417; x_wconf 90' lang='lat' dir='ltr'>modo</span> <span class='ocrx_word' id='word_1_239' title='bbox 1167 2380 1204 2415; x_wconf 63' lang='grc' dir='ltr'>τό</span> <span class='ocrx_word' id='word_1_240' title='bbox 1232 2381 1376 2423; x_wconf 57' lang='grc' dir='ltr'>δοκοῦν,</span> <span class='ocrx_word' id='word_1_241' title='bbox 1405 2382 1517 2417; x_wconf 90' lang='lat' dir='ltr'>modo</span> <span class='ocrx_word' id='word_1_242' title='bbox 1544 2386 1581 2418; x_wconf 80' lang='grc' dir='ltr'>τὸ</span> 
     </span>
     <span class='ocr_line' id='line_1_31' title="bbox 163 2435 1298 2487; baseline 0.008 -20"><span class='ocrx_word' id='word_1_243' title='bbox 163 2438 381 2481; x_wconf 50' lang='grc' dir='ltr'>ῳκινόμλνον,</span> <span class='ocrx_word' id='word_1_244' title='bbox 408 2435 445 2470; x_wconf 61' lang='grc' dir='ltr'>τ’)</span> <span class='ocrx_word' id='word_1_245' title='bbox 474 2438 602 2476; x_wconf 66' lang='grc' dir='ltr'>εὶωθός,</span> <span class='ocrx_word' id='word_1_246' title='bbox 629 2439 666 2472; x_wconf 65' lang='grc' dir='ltr'>τό</span> <span class='ocrx_word' id='word_1_247' title='bbox 699 2439 898 2485; x_wconf 64' lang='grc' dir='ltr'>λεγόμενον.</span> <span class='ocrx_word' id='word_1_248' title='bbox 936 2440 1030 2476; x_wconf 78' lang='lat' dir='ltr'>Vide</span> <span class='ocrx_word' id='word_1_249' title='bbox 1057 2440 1183 2487; x_wconf 78' lang='lat' dir='ltr'>TopiC.</span> <span class='ocrx_word' id='word_1_250' title='bbox 1212 2442 1238 2476; x_wconf 87' lang='lat' dir='ltr'>I.</span> <span class='ocrx_word' id='word_1_251' title='bbox 1266 2441 1298 2476; x_wconf 83' lang='lat'>8.</span> 
     </span>
    </p>

    <p class='ocr_par' dir='ltr' id='par_1_5' title="bbox 259 2495 866 2545">
     <span class='ocr_line' id='line_1_32' title="bbox 259 2495 866 2545; baseline 0.008 -17"><span class='ocrx_word' id='word_1_252' title='bbox 259 2495 314 2538; x_wconf 87' lang='lat'>(2)</span> <span class='ocrx_word' id='word_1_253' title='bbox 341 2495 433 2529; x_wconf 62' lang='lat' dir='ltr'>&#39;Vide</span> <span class='ocrx_word' id='word_1_254' title='bbox 461 2508 561 2531; x_wconf 86' lang='lat' dir='ltr'>num.</span> <span class='ocrx_word' id='word_1_255' title='bbox 587 2496 644 2533; x_wconf 87' lang='lat'>61.</span> <span class='ocrx_word' id='word_1_256' title='bbox 675 2510 755 2545; x_wconf 83' lang='lat' dir='ltr'>pag.</span> <span class='ocrx_word' id='word_1_257' title='bbox 792 2498 866 2534; x_wconf 82' lang='lat'>168.</span> 
     </span>
    </p>
   </div>
   <div class='ocr_carea' id='block_1_3' title="bbox 265 2554 1582 2605">
    <p class='ocr_par' dir='ltr' id='par_1_6' title="bbox 265 2554 1582 2605">
     <span class='ocr_line' id='line_1_33' title="bbox 265 2554 1582 2605; baseline 0.002 -17"><span class='ocrx_word' id='word_1_258' title='bbox 265 2554 321 2598; x_wconf 83' lang='lat'>(3)</span> <span class='ocrx_word' id='word_1_259' title='bbox 348 2555 450 2590; x_wconf 78' lang='lat' dir='ltr'>Rhet.</span> <span class='ocrx_word' id='word_1_260' title='bbox 478 2556 503 2589; x_wconf 87' lang='grc' dir='ltr'>Ι.</span> <span class='ocrx_word' id='word_1_261' title='bbox 536 2567 588 2601; x_wconf 81' lang='lat'>13.</span> <span class='ocrx_word' id='word_1_262' title='bbox 609 2558 708 2602; x_wconf 71' lang='grc' dir='ltr'>Λέγω</span> <span class='ocrx_word' id='word_1_263' title='bbox 733 2557 772 2590; x_wconf 64' lang='grc' dir='ltr'>δὲ</span> <span class='ocrx_word' id='word_1_264' title='bbox 794 2559 901 2603; x_wconf 68' lang='grc' dir='ltr'>νόμον</span> <span class='ocrx_word' id='word_1_265' title='bbox 923 2554 981 2591; x_wconf 60' lang='grc' dir='ltr'>τὸν</span> <span class='ocrx_word' id='word_1_266' title='bbox 1002 2559 1063 2605; x_wconf 74' lang='grc' dir='ltr'>μὲν</span> <span class='ocrx_word' id='word_1_267' title='bbox 1084 2558 1176 2592; x_wconf 58' lang='lat' dir='ltr'>Uim</span> <span class='ocrx_word' id='word_1_268' title='bbox 1196 2555 1254 2592; x_wconf 63' lang='grc' dir='ltr'>τὸν</span> <span class='ocrx_word' id='word_1_269' title='bbox 1279 2559 1317 2592; x_wconf 56' lang='grc' dir='ltr'>δὲ</span> <span class='ocrx_word' id='word_1_270' title='bbox 1339 2558 1468 2598; x_wconf 76' lang='grc' dir='ltr'><em>κοινόν,</em></span> <span class='ocrx_word' id='word_1_271' title='bbox 1489 2557 1582 2592; x_wconf 60' lang='grc' dir='ltr'>ἴδιον</span> 
     </span>
    </p>
   </div>
   <div class='ocr_carea' id='block_1_4' title="bbox 1696 0 1725 98">
    <p class='ocr_par' dir='ltr' id='par_1_7' title="bbox 1696 0 1725 98">
     <span class='ocr_line' id='line_1_34' title="bbox 1696 0 1725 98; textangle 90"><span class='ocrx_word' id='word_1_272' title='bbox 1712 91 1725 98; x_wconf 58' lang='lat'>-.„</span> <span class='ocrx_word' id='word_1_273' title='bbox 1696 0 1725 80; x_wconf 55' lang='lat'>..3³15</span> 
     </span>
    </p>
   </div>
   <div class='ocr_carea' id='block_1_5' title="bbox 1706 2552 1730 2723">
    <p class='ocr_par' dir='ltr' id='par_1_8' title="bbox 1706 2552 1730 2723">
     <span class='ocr_line' id='line_1_35' title="bbox 1706 2552 1730 2723; textangle 90"><span class='ocrx_word' id='word_1_274' title='bbox 1706 2552 1730 2723; x_wconf 48' lang='lat' dir='ltr'>§fiam-,avua</span> 
     </span>
    </p>
   </div>
  </div>
 </body>
</html>
