1734 2784
748 104 1011 157 -325—

179 199 245 242 illa
280 200 494 242 intrinseca
527 196 896 249 animadvertatur,
932 196 1051 239 cuius
1103 195 1219 239 vocis
1268 195 1370 239 haec
1420 208 1484 239 est
1533 197 1605 240 vis

179 285 224 311 ac
258 281 457 326 potestaS‚
479 268 690 310 a'ctionem
723 266 777 309 ob
811 267 1016 310 moralem
1052 266 1298 324 qualitatem
1325 268 1360 310 ei
1396 268 1597 311 essentia-

179 341 271 382 liter
305 339 593 382 inhaerentem
628 337 779 380 habere
803 339 845 381 in
879 354 923 382 se
946 338 1221 395 exigentiam,
1241 349 1287 380 ut
1311 353 1409 380 cum
1443 336 1598 382 ultimo

179 411 262 454 fine
296 423 584 462 connectatur,
620 422 660 452 et
693 409 790 452 hinc
824 425 921 452 cum
955 424 1006 452 eo
1051 424 1196 466 reapse
1245 409 1439 451 connecti
1473 425 1494 452 a
1531 424 1606 452 sa-

182 484 322 539 piente
356 481 599 524 ordinatore
633 497 706 538 per
739 493 878 524 actum
913 481 1158 537 voluntatis,
1192 495 1279 522 non
1302 479 1499 538 liberum,
1527 480 1600 524 sed

181 554 480 597 necessarium.
517 552 780 596 Huiusmodi
815 553 930 595 enim
971 554 1158 595 actiones
1206 552 1433 595 intrinsece
1467 551 1608 595 bonae*

180 626 246 668 vel
280 626 412 668 malae
445 637 543 667 sunt
578 625 802 682 proprium
835 624 942 681 legis
976 623 1176 666 naturalis
1221 623 1436 666 obiectum
1471 636 1607 682 atque

182 697 370 756 specialis
406 698 494 740 eius
529 697 717 753 materia,
752 709 796 739 ut
830 697 995 753 saepius
1031 695 1191 738 dictum
1225 707 1301 737 est.

304 783 397 824 117.
433 770 678 812 SCHOLION.
718 769 926 824 Quaeres,
950 782 1141 821 curnam,
1164 768 1306 824 posito
1330 766 1447 823 quod
1476 781 1603 810 mens¹

183 840 268 883 duo
291 839 358 882 illa
380 839 429 897 (i.
451 856 482 883 e.
504 840 570 896 agi
596 839 646 882 de
678 839 759 882 fine
785 838 973 881 absolute
997 838 1148 881 ultimo
1173 850 1214 880 et
1239 837 1289 881 de
1313 838 1476 881 actione
1500 852 1598 880 cum

183 927 234 954 eo
254 912 479 954 coniuncta
495 911 732 953 necessario
750 910 883 968 nexu)
903 910 1120 968 percipiat,
1140 924 1225 951 non
1247 908 1344 952 inde
1369 921 1508 952 tamen
1527 925 1606 952 vo-

182 980 318 1024 luntas
343 981 490 1024 evadat
524 981 697 1038 physice
731 982 978 1024 necessitata
1012 980 1062 1023 ad
1087 980 1302 1023 actionem
1327 978 1609 1037 ponendam?

185 1053 299 1095 Huic
347 1053 584 1109 quaestioni
620 1053 680 1095 sic
723 1051 979 1109 respondeo.
1030 1051 1219 1104 Quando
1265 1050 1456 1107 cognitio
1496 1051 1603 1093 circa

185 1125 327 1167 Deum
351 1123 479 1166 finem
508 1123 709 1166 ultimum
734 1136 774 1166 et
798 1124 904 1166 circa
927 1122 1006 1179 illa,
1028 1138 1135 1179 quae
1160 1137 1255 1164 cum
1281 1121 1496 1178 praedicto
1520 1120 1608 1164 fine·

185 1207 494 1238 connectuntur
513 1195 766 1245 necessario,
786 1194 838 1235 sit
867 1193 1058 1250 perfecta,
1078 1205 1122 1235 ut
1157 1192 1366 1247 contingit
1385 1192 1427 1234 in
1447 1192 1605 1248 Beatis,

185 1267 258 1324 qui
291 1267 434 1309 Deum
467 1266 662 1308 intuitive
695 1264 851 1318 vident;
876 1276 975 1310 tunc
999 1263 1205 1319 obligatio
1236 1261 1333 1305 inde
1368 1276 1599 1318 exsurgens

185 1351 247 1381 est
281 1338 543 1390 huiusmodi,
580 1349 624 1379 ut
657 1336 734 1379 sub
768 1352 814 1379 ea
846 1335 1042 1378 voluntas
1077 1334 1262 1377 humana
1300 1334 1383 1376 iarn
1428 1348 1514 1376 non
1548 1334 1601 1376 sit

179 1410 336 1468 physice
368 1408 508 1451 libera.
551 1409 599 1450 In
648 1407 855 1464 praesenti
904 1419 1045 1449 tamen
1095 1407 1178 1447 vita
1223 1405 1410 1461 cognitio
1458 1416 1604 1446 nostra

186 1481 294 1523 circa
326 1481 469 1523 Deum
504 1491 543 1522 et
575 1478 655 1536 illa,
684 1478 837 1536 quibus
873 1477 923 1520 ad
957 1479 1097 1520 Deum
1135 1475 1397 1532 ordinamur,
1418 1490 1504 1517 non
1537 1487 1601 1518 est

186 1550 383 1608 perfecta,
402 1549 475 1593 sed
507 1549 625 1592 valde
659 1547 916 1606 imperfecta3
942 1547 1038 1590 hinc
1070 1546 1129 1599 fit,
1155 1558 1200 1588 ut
1225 1545 1395 1588 moralis
1429 1543 1604 1602 quidem

185 1622 388 1679 obligatio
421 1620 518 1664 inde
553 1632 767 1677 exsurgat,
803 1618 875 1662 sed
909 1618 1015 1672 talis,
1049 1631 1095 1660 ut
1129 1617 1205 1660 sub
1240 1633 1286 1660 ea
1319 1616 1503 1659 humana
1531 1631 1613 1658 vo--

185 1692 323 1736 luntas
359 1705 524 1736 maneat
553 1693 705 1750 physice
730 1690 857 1733 libera
880 1703 920 1733 et
945 1689 1161 1732 moraliter
1185 1699 1352 1731 tantum
1375 1686 1497 1744 ligata
1514 1685 1600 1745 (1)

754 1894 912 1933 THESIS
946 1889 1039 1932 XL.

195 1987 264 2029 Vis
295 1985 529 2041 obligativa‚
578 2000 678 2043 qnae
713 1985 787 2041 legi
819 1983 1004 2027 naturali
1047 1985 1160 2036 inest,
1202 1981 1380 2040 procedit
1412 1980 1462 2023 ab
1497 1980 1616 2023 ordi-

307 2057 468 2099 natione
490 2056 618 2098 divini
638 2055 856 2099 intellectus
878 2055 1116 2112 divinaeque
1138 2054 1375 2106 voluntatis,
1400 2061 1610 2111 tamquam

309 2127 359 2170 ab
392 2127 621 2170 immediato
650 2127 867 2184 principio,

317 2235 410 2278 118.
463 2235 834 2278 PRAExoTtoNEs.
889 2232 1091 2276 Vidimus
1143 2231 1227 2289 legi
1280 2230 1457 2274 naturali
1508 2246 1613 2274 vere

194 2308 332 2350 inesse
364 2307 452 2349 vim
485 2306 776 2362 obligativam‚
813 2317 852 2348 et
885 2305 1062 2347 divisiva
1087 2303 1295 2347 methodo
1319 2302 1369 2346 ad
1392 2303 1454 2346 vis
1479 2302 1612 2345 huius

197 2376 488 2421 definitionem
520 2375 819 2420 inveniendam
854 2387 1020 2419 utentes
1055 2375 1309 2432 deteximus,
1333 2373 1535 2431 quidnam
1559 2388 1612 2415 ea

292 2579 348 2624 (1)
377 2578 430 2614 Cf.
455 2590 571 2625 super.
599 2589 696 2612 num.
724 2587 780 2620 42.
808 2589 889 2623 pag.
922 2585 998 2620 131.
