1734 2784
670 137 932 179 -115-

88 219 132 260 in
163 233 218 263 se.
241 219 346 272 Quo
380 219 422 261 in
456 219 653 277 exemplo
694 220 811 264 vides
846 220 1019 264 effectus
1053 221 1180 263 etiam
1214 220 1325 274 illos,
1356 221 1429 279 qui
1463 237 1513 264 ex

87 290 252 333 actione
284 303 449 334 remote
483 305 818 350 consequuntur,
851 293 886 335 si
921 308 1118 350 expresse
1152 293 1426 336 intendantur
1459 293 1507 336 ab

86 360 173 419 illo,
196 363 267 419 qui
303 362 428 405 talem
453 363 666 407 actionem
705 364 841 421 ponit,
880 379 972 407 esse
1011 363 1149 407 eidem
1190 364 1232 406 in
1275 380 1318 407 se
1357 364 1512 407 volun-

86 433 381 477 tarios.Porro
414 435 705 479 voluntarium
739 436 779 478 in
815 436 898 479 alio
936 452 1010 479 seu
1047 436 1088 478 in
1123 451 1246 478 causa
1279 449 1341 479 est
1381 436 1511 494 illud,

86 506 203 563 quod
220 523 242 550 a
259 505 476 550 voluntate
510 512 597 550 noi]
615 507 847 551 intenditur
865 508 905 550 iu
926 524 985 560 se,
1006 507 1080 551 sed
1109 520 1251 551 tamen
1278 508 1513 551 virtualiter

85 594 159 621 seu
194 578 411 622 moraliter
444 580 686 623 continetur
731 580 772 621 in
806 579 887 622 alio
908 616 917 633 ‚
950 579 1016 622 vel
1065 580 1259 637 sequitur
1301 596 1351 622 ex
1398 579 1480 622 alio
1501 617 1510 634 ‚

85 650 202 709 quod
234 650 468 694 intenditur
500 652 544 693 in
576 667 634 694 se.
660 651 730 695 Sic
752 667 785 695 e.
813 668 852 708 g.
880 652 953 709 qui
977 650 1078 694 ludo
1110 650 1332 708 indulgere
1358 652 1510 709 pergit,

85 722 331 780 praevidens
366 737 440 780 se,
474 724 508 766 si
541 722 685 766 ludere
720 735 880 781 pergat,
914 739 1003 766 non
1037 738 1163 781 posse
1212 738 1292 765 suo
1341 724 1510 766 muneri

84 794 339 848 satisfacere,
375 795 482 839 hanc
516 796 582 838 sui
618 797 810 839 muneris
846 796 1137 839 omissionem
1176 794 1266 838 vult
1300 796 1341 838 in
1376 811 1511 839 causa.

83 867 193 910 Item
227 868 341 911 rixae
390 880 489 911 sunt
535 868 799 911 voluntariae
846 868 887 910 in
938 883 1059 910 causa
1104 867 1166 910 illi
1216 867 1397 921 homini,
1439 870 1512 926 qui

82 937 270 982 ebrietati
304 937 513 996 indulget,
549 939 680 998 probe
714 940 850 982 sciens
886 955 930 981 36
965 939 1006 982 in
1040 938 1243 982 ebrietate
1295 940 1508 982 constitu-

84 1023 177 1053 tum
211 1026 413 1069 persaepe
446 1012 588 1068 rixari,
631 1012 827 1070 quamvis
876 1011 966 1053 eius
1001 1010 1202 1053 voluntas
1238 1011 1349 1069 ipsas
1383 1013 1425 1053 in
1468 1027 1511 1054 36

82 1083 189 1126 rixas
224 1084 404 1127 minime
437 1083 641 1127 intendat.
691 1084 749 1127 Ut
799 1095 941 1126 autem
979 1098 1070 1126 rem
1115 1082 1222 1125 hanc
1271 1083 1406 1140 magis
1440 1099 1511 1126 ac-

82 1167 223 1198 curate
256 1153 527 1208 definiamus,
563 1156 639 1198 tria
675 1155 855 1197 omnino
906 1154 1205 1211 requiruntur,
1260 1166 1304 1195 ut
1354 1153 1509 1211 aliquid

83 1227 135 1269 sit
169 1226 459 1270 voluntarium
492 1228 535 1269 in
569 1226 663 1270 alio.

199 1299 447 1357 Requiritur
475 1298 552 1357 1.⁰)
576 1311 622 1342 ut
645 1313 773 1356 agens
798 1309 1030 1355 cognoscat
1056 1296 1271 1340 eiusmodi
1301 1296 1499 1340 effectum

80 1384 426 1425 consecuturum,
481 1384 551 1414 aut
604 1370 754 1414 saltem
803 1382 849 1412 ut
898 1370 1084 1426 potquit
1134 1380 1258 1426 atque
1308 1368 1499 1411 humano

80 1441 212 1486 modo
247 1442 438 1486 debuerit
470 1442 592 1485 illum
627 1441 885 1501 praevidere.
922 1442 982 1484 Sit
1017 1457 1051 1483 e.
1077 1456 1114 1497 g
1151 1439 1400 1496 navarchus,
1427 1441 1503 1497 qui

80 1515 216 1559 debita
249 1531 347 1559 cum
381 1515 598 1573 diligentia
633 1530 811 1557 munere
846 1529 925 1556 suo
961 1512 1146 1570 fungens
1176 1528 1263 1555 non
1290 1511 1507 1569 praevidet

79 1585 274 1630 dolosam
307 1600 469 1645 system
502 1598 571 1629 aut
605 1585 847 1644 scopulum,
883 1586 924 1627 in
960 1600 1087 1642 quem
1114 1584 1230 1626 navis
1262 1584 1506 1641 impingens

79 1657 400 1716 submergetur:
435 1657 706 1715 naufragium
755 1669 794 1700 et
842 1672 959 1698 mors
1005 1657 1221 1698 viatorum
1271 1671 1358 1698 non
1408 1668 1506 1698 sunt

77 1730 286 1774 navarcho
320 1730 574 1783 voluntaria,
608 1745 660 1772 ne
696 1730 737 1771 in
773 1744 895 1771 eausa
947 1727 1138 1785 quidem.
1190 1728 1312 1772 Ratio
1362 1739 1505 1770 autem

78 1802 258 1860 petenda
289 1815 352 1846 est
385 1818 434 1846 ex
468 1805 558 1860 ipsa
591 1800 838 1844 definitione
872 1799 1118 1849 voluntarii,
1144 1798 1193 1841 ad
1226 1798 1342 1856 quod
1379 1799 1504 1839 ninii-

78 1889 173 1917 rum
207 1874 453 1932 praelucens
489 1874 679 1931 cognitio
715 1872 850 1916 debita
884 1872 1082 1927 exigitur.

197 1947 443 2004 Requiritur
480 1946 562 2004 2⁰)
597 1957 642 1988 ut
676 1960 804 2002 agens
850 1942 1048 1986 effectum
1097 1954 1347 1985 secuturum
1382 1958 1506 2000 prae-

76 2017 222 2061 videns
257 2019 391 2075 possit
425 2033 594 2061 causam
629 2016 739 2058 illius
774 2030 859 2057 non
895 2030 1066 2073 ponere,
1102 2026 1171 2057 aut
1206 2015 1392 2071 positam
1422 2014 1502 2056 tol-

77 2087 172 2132 lere.
208 2089 269 2131 Sit
304 2104 450 2132 rursus
484 2087 735 2141 navarchus,
771 2088 842 2144 qui
880 2087 919 2128 in
955 2100 1113 2128 munus
1169 2101 1297 2128 suum
1338 2085 1505 2143 perdili-

77 2172 224 2216 genter
273 2160 523 2203 incumbens
575 2158 794 2217 praevidet
844 2171 1004 2216 syrtem
1054 2169 1124 2201 aut
1172 2158 1414 2215 scopulum,
1463 2158 1502 2199 in

76 2247 204 2290 quem
248 2233 365 2275 navis
414 2233 580 2275 irruens
629 2230 743 2274 brevi
794 2229 1110 2287 submergetur,
1156 2230 1317 2286 quique
1361 2241 1503 2272 tamen

76 2302 405 2362 haudquaquam
440 2315 579 2361 potest
615 2303 731 2346 navis
766 2318 939 2345 cursum
992 2317 1267 2359 compescere
1315 2313 1386 2343 aut
1422 2299 1505 2342 alio

76 2372 310 2418 divertere:
345 2373 615 2430 naufragium
650 2386 690 2416 et
723 2374 936 2416 viatorum
984 2389 1100 2416 mors
1148 2389 1236 2415 non
1290 2383 1388 2414 sunt
1423 2387 1503 2413 na-

75 2444 230 2488 varcho
261 2445 512 2502 voluntaria,
546 2461 597 2488 ne
632 2445 671 2487 in
706 2444 787 2488 alio
822 2445 1010 2503 quidem.
1040 2446 1163 2490 Ratio
1190 2457 1253 2488 est
1280 2444 1378 2501 quia
1403 2458 1503 2485 cum

75 2516 379 2574 voluntarium,
414 2529 458 2560 ut
492 2533 541 2559 ex
575 2515 823 2560 deffinitione
859 2530 1038 2573 constat,
1075 2518 1126 2559 sit
1162 2516 1216 2569 id,
1252 2514 1368 2574 quod
1394 2530 1499 2571 pen-

77 2586 146 2632 det
180 2603 201 2631 a
232 2588 466 2646 voluntate,
509 2601 727 2648 tamquam
762 2605 783 2631 a
817 2605 968 2643 causa3
1014 2588 1283 2646 naufragium
1320 2585 1422 2629 illud
1456 2598 1497 2628 et
