1734 2784
213 202 345 258 Atqui
380 202 421 242 in
453 200 501 242 iis
536 197 772 241 actionibus
807 196 902 240 finis
937 197 1153 254 operantis
1188 207 1250 238 est
1282 203 1422 238 rectus.
1444 195 1559 252 Ergo
1583 210 1640 237 ex

216 272 297 315 fine
331 271 545 328 operantis
579 269 669 312 fluit
705 268 916 312 rectitudo
949 269 992 310 in
1025 267 1113 310 illas
1137 268 1338 311 actiones.
1365 267 1480 311 Cum
1520 282 1639 325 prae-

220 344 347 385 missa
381 343 516 384 maior
549 342 602 383 sit
638 339 883 393 manifesta,
932 340 1077 382 minor
1125 351 1291 382 tantum
1341 337 1559 396 probatur.
1593 339 1643 382 In

222 416 269 455 iis
302 412 537 456 actionibus
570 412 664 455 finis
700 413 914 469 operantis
949 424 1011 454 est
1062 412 1150 468 ipse
1199 411 1296 454 finis
1346 411 1505 468 operis,
1542 425 1641 453 cum

222 500 309 541 quo
341 483 634 526 identificatur.
670 483 801 540 Atqui
837 482 930 525 finis
975 483 1115 539 operis
1150 495 1212 525 est
1262 481 1356 524 finis
1409 481 1646 524 conformis

221 555 444 597 intentioni
479 555 559 596 Dei
595 555 792 596 creatoris
819 588 831 608 ,
867 554 940 611 qui
981 569 1126 596 revera
1176 569 1222 596 ea
1269 564 1397 610 opera
1445 552 1495 596 ad
1543 550 1648 594 illud

223 638 395 668 naturae
427 625 620 667 levamen
654 625 850 678 institnit,
886 623 1125 681 iisdemque
1150 624 1511 667 oblectamentum
1544 621 1648 665 illud

228 696 363 739 voluit
395 697 438 738 in
473 712 545 738 sua
581 696 785 753 sapientia
819 695 1052 749 adnectere,
1088 711 1138 739 ne
1172 695 1267 738 talia
1302 711 1430 753 opera
1455 694 1504 738 ad
1539 710 1649 737 con-

224 769 510 810 servationem
546 767 755 810 individui
788 768 1023 810 necessaria
1057 766 1110 810 ob
1145 767 1386 810 molestiam
1411 766 1458 809 ab
1493 766 1646 808 homi-

228 838 350 880 nibus
385 837 704 894 negligerentur
726 855 733 880 z
769 837 885 895 quod
919 851 1061 881 autem
1087 850 1148 880 est
1172 837 1393 880 conforme
1419 836 1649 880 intentioni

230 910 310 952 Dei
344 922 514 952 naturae
548 910 820 966 institutoris,
843 909 945 952 illud
979 925 1077 952 sane
1102 922 1165 952 est
1187 922 1366 953 rectum.
1386 910 1500 966 Ergo
1535 909 1577 951 in
1602 908 1651 950 iis

229 980 467 1023 actionibus
501 980 594 1023 finis
629 982 843 1037 operantis
877 994 939 1024 est
968 994 1121 1024 rectus,
1152 1006 1204 1012 —-
1230 982 1411 1038 Insuper
1439 979 1487 1039 β)
1520 980 1563 1022 111
1588 994 1656 1022 eas

232 1053 418 1095 actiones
452 1052 587 1109 aliqua
620 1068 717 1094 vera
750 1052 958 1095 rectitudo
995 1052 1179 1095 dimanat
1226 1069 1276 1095 ex
1308 1052 1436 1094 tertio
1486 1049 1661 1093 morali-

235 1124 328 1165 tatis
360 1122 489 1180 fonte‚
514 1139 667 1180 nempe
701 1140 750 1166 ex
775 1125 1100 1166 circumstantiis
1135 1140 1206 1167 seu
1232 1140 1281 1166 ex
1305 1123 1438 1166 modo
1463 1138 1550 1180 quo
1589 1137 1660 1164 eae

236 1195 423 1237 actiones
456 1192 575 1237 fiunt.
608 1195 723 1237 Nam
758 1210 936 1251 operans
972 1195 1127 1237 dicitur
1160 1211 1282 1251 agere
1328 1208 1522 1252 tempore
1557 1193 1658 1236 loco

239 1280 437 1307 mensura
471 1264 612 1307 aliisve
637 1266 677 1306 in
702 1264 910 1308 adiunctis
946 1265 1110 1323 debitis,
1135 1282 1209 1309 seu
1245 1282 1343 1309 cum
1380 1266 1662 1309 conveniente

240 1336 547 1379 moderatione.
582 1336 663 1380 Sed
697 1353 820 1393 agere
856 1338 897 1379 in
932 1338 1085 1381 debitis
1120 1338 1329 1381 adiunctis
1354 1350 1393 1380 et
1428 1353 1526 1380 cum
1561 1352 1663 1379 con-

242 1408 437 1450 veniente
473 1407 771 1450 moderatione
805 1409 1078 1466 (praesertim
1118 1411 1151 1451 si
1191 1409 1233 1452 id
1282 1422 1522 1452 constanter
1570 1407 1664 1467 fiat)

243 1491 305 1521 est
337 1494 460 1535 agere
504 1491 615 1522 recte
649 1492 688 1521 et
722 1479 929 1524 ordinate.
964 1481 1081 1537 Ergo
1130 1481 1172 1522 in
1222 1481 1272 1522 iis
1305 1479 1544 1522 actionibus
1593 1477 1667 1522 tali

244 1551 406 1593 ratione
435 1552 584 1608 positis
604 1567 731 1608 agens
757 1566 801 1594 se
835 1567 879 1594 se
912 1554 1021 1608 gerit
1057 1565 1170 1595 recte
1204 1564 1329 1609 atque
1363 1551 1568 1605 ordinate,
1592 1566 1666 1594 seu

247 1621 336 1663 illae
370 1623 556 1665 actiones
591 1637 689 1666 sunt
723 1636 857 1667 rectae
892 1640 942 1666 ex
977 1622 1126 1679 modo,
1161 1639 1247 1681 quo
1281 1622 1388 1666 fiunt
1421 1622 1504 1681 (Ι).

370 1697 438 1749 76.
475 1696 726 1738 SCHOLION.
760 1695 937 1753 Aliquot
969 1710 1086 1737 nunc
1134 1694 1352 1738 solvemus
1387 1693 1666 1748 difficultates,

253 1781 359 1822 quae
393 1766 476 1809 fere
510 1783 676 1818 omnes,
713 1769 746 1809 si
781 1767 883 1824 quid
917 1766 1160 1824 probarent,
1205 1781 1291 1809 non
1330 1765 1431 1809 illud
1476 1781 1575 1808 sane
1610 1764 1668 1808 ef·
1722 1760 1730 1774 ’

252 1836 424 1880 ficerent
446 1873 457 1891 ,
492 1838 607 1896 quod
642 1851 784 1882 tamen
817 1852 927 1881 esset
963 1851 1108 1881 contra
1161 1837 1267 1880 hanc
1314 1836 1471 1880 thesim
1520 1848 1672 1880 osten-

254 1907 457 1960 dendum,
492 1909 686 1952 videlicet
721 1911 907 1953 actiones
942 1908 1172 1967 praedictas
1223 1924 1314 1951 esse
1349 1907 1567 1951 moraliter
1601 1908 1670 1949 in-

253 1977 511 2032 differentes,
546 1981 619 2023 sed
654 1980 735 2023 1106
769 1980 817 2024 ad
851 1996 1074 2023 summum
1111 1980 1453 2024 demonstrarent
1486 1995 1552 2022 eas
1577 1993 1670 2022 esse

357 2152 413 2196 (1)
441 2151 539 2185 Haec
568 2163 594 2186 s.
621 2153 843 2197 Augustinus
871 2153 1027 2187 insinuat
1044 2152 1142 2187 hisce
1160 2153 1289 2193 verbis,
1309 2163 1413 2187 serm.
1436 2163 1469 2186 2.
1493 2151 1528 2185 in
1549 2162 1601 2197 ΡΞ.
1620 2160 1673 2195 34.

260 2221 363 2244 num.
396 2210 459 2244 16.:
504 2211 701 2256 «Suggero
742 2212 954 2252 remedium,
988 2212 1082 2246 unde
1121 2221 1195 2247 tota
1235 2212 1291 2246 die
1329 2211 1450 2246 laudes
1487 2212 1619 2254 Deum,
1647 2211 1679 2245 si

261 2269 327 2304 vis:
359 2270 530 2316 quidquid
558 2271 682 2316 egeris,
702 2272 792 2305 bene
821 2283 897 2316 age,
918 2280 951 2306 et
970 2271 1123 2306 laudasti
1139 2273 1268 2307 Deum.
1286 2271 1446 2312 Quando
1474 2279 1595 2305 cantas
1612 2270 1683 2316 hy-

264 2340 405 2370 mnum,
435 2328 556 2363 laudas
582 2331 748 2364 Deum...
790 2331 945 2365 Cessasti
974 2332 1017 2365 ab
1056 2331 1194 2376 hymno
1234 2330 1425 2372 cantando,
1453 2329 1604 2363 discedis
1643 2337 1680 2363 ut

266 2387 460 2421 reficiaris?
478 2388 563 2422 Noli
583 2388 762 2430 inebriari,
781 2397 814 2423 et
833 2389 983 2424 laudasti
1003 2391 1134 2424 Deum.
1154 2389 1318 2424 Discedis
1338 2397 1374 2423 ut
1392 2387 1576 2422 dormias?
1592 2386 1680 2421 Noli

264 2457 411 2491 surgere
438 2447 481 2480 ad
508 2447 601 2481 male
628 2447 846 2491 faciendum,
866 2457 900 2482 et
919 2448 1071 2484 laudasti
1099 2449 1229 2483 Deum.
1247 2447 1445 2493 Negotium
1465 2446 1564 2492 agis?
1590 2445 1679 2481 Noli

269 2502 430 2538 fraudem
459 2505 588 2548 facere,
618 2515 651 2541 et
678 2506 829 2541 laudasti
856 2509 986 2542 Deum.
1006 2508 1146 2554 Agrum
1173 2506 1287 2541 colis?
1307 2505 1393 2541 Noli
1418 2506 1518 2541 litem
1537 2515 1684 2540 movere

265 2571 302 2596 ct
329 2562 478 2599 laudasti
506 2566 637 2600 Deum.
657 2580 674 2598 >2
