1734 2784
786 129 1015 169 -16—

194 236 230 266 et
265 236 471 279 quatenus
491 222 677 265 divinam
696 221 929 264 bonitatem
952 222 1071 265 decet
1091 237 1134 264 se
1158 222 1489 269 communicare.
1512 223 1608 266 Dici

194 294 232 337 id
268 307 421 351 potest,
455 295 564 352 quia,
601 307 642 336 ut
677 292 781 336 bene
817 308 909 336 rem
948 292 1054 335 hanc
1088 291 1265 350 explicat
1298 291 1493 336 Palmieri
1530 294 1606 353 (Ι),
1667 282 1672 285 ’

202 384 219 404 (ι
244 366 346 409 rosio
382 367 419 407 iu
457 364 537 407 hoc
573 363 709 406 differt
743 379 764 405 a
797 378 935 420 causa,
969 363 1085 422 quod
1119 379 1241 406 causa
1265 364 1441 421 requirit
1464 363 1610 408 distin-

191 437 374 479 ctionem
411 437 515 479 inter
549 452 591 478 se
625 448 665 478 et
699 434 914 488 effectum,
949 434 1163 492 huiusque
1198 451 1219 478 a
1253 450 1298 479 se
1331 435 1422 492 ipsa
1454 434 1609 479 realem

192 507 545 566 dependentium:
583 507 622 550 id
657 519 794 551 autem
830 506 945 563 quod
980 519 1041 549 est
1081 521 1197 549 mera
1248 507 1354 550 ratio
1397 505 1609 551 sufficiens

192 592 330 637 potest
364 596 454 622 esse
489 579 601 622 idem
637 594 779 635 reapse
806 594 901 620 cum
927 578 1156 631 rationato,
1183 578 1293 621 sicut
1327 593 1361 621 e.
1384 593 1424 636 g.
1448 577 1611 622 infinita

192 651 392 709 perfectio
426 664 486 694 est
519 651 626 693 ratio
672 650 932 693 necessitatis
983 665 1082 693 suae
1134 649 1394 696 existentiae.
1444 649 1610 694 Scilicet

191 725 297 766 inter
334 724 543 765 rationem
577 735 616 765 et
665 722 925 764 rationatum
974 737 1062 764 non
1115 722 1344 779 requiritur
1391 720 1609 766 distinctio

190 797 325 852 realis,
349 794 421 837 sed
446 794 598 837 sufficit
623 792 950 837 fundamentum
975 792 1084 836 reale
1108 792 1401 837 distinctionis
1420 793 1611 852 rationis,

190 883 270 924 qua
303 866 488 910 adhibita
521 865 652 908 valeat
695 880 816 908 mens
852 865 1074 923 concipere
1108 881 1158 908 ex
1213 864 1375 909 duabus
1423 865 1611 910 formali-

188 938 342 980 tatibus
390 937 561 980 alteram
610 950 828 995 tamquam
863 937 1154 980 necessariam
1188 949 1232 979 ut
1280 936 1410 981 altera
1455 938 1536 991 sit,
1570 949 1610 982 et

189 1009 294 1051 lianc
327 1008 499 1052 alteram
531 1007 663 1051 valeat
696 1008 920 1066 concipere
943 1021 984 1051 et
1021 1007 1230 1055 affirmare
1262 1007 1328 1052 vel
1357 1009 1610 1053 existentem

185 1081 245 1124 vel
282 1079 530 1138 possibilem
563 1079 728 1136 saltem,
761 1081 794 1122 si
828 1079 954 1124 altera
985 1080 1065 1137 sit,
1099 1079 1379 1124 affirmatione
1429 1079 1607 1138 quidem

188 1151 406 1205 obiectiva,
440 1153 494 1195 ita
528 1163 573 1194 ut
608 1167 672 1195 res
707 1150 871 1194 dicatur
905 1166 996 1194 esse
1031 1167 1082 1194 eo
1117 1150 1236 1209 quod
1268 1163 1359 1205 est,
1393 1166 1481 1195 non
1513 1150 1610 1195 ideo

189 1224 241 1264 sit
277 1224 375 1279 quia
409 1223 674 1280 concipitur:
726 1222 779 1265 ita
812 1223 919 1265 ratio
953 1221 1166 1265 sufficiens
1199 1221 1400 1265 libertatis
1438 1234 1500 1266 est
1542 1221 1610 1266 in-

188 1293 431 1350 telligentia.
457 1311 478 1333 »
515 1292 581 1336 Ad
615 1292 736 1335 aliam
771 1308 884 1336 nunc
918 1294 1217 1351 quaestionem
1268 1292 1609 1351 progrediamur.

757 1411 925 1456 THEsts
960 1412 1033 1455 ΙΙΙ.

190 1510 303 1552 Isinis
338 1509 407 1565 qui
447 1508 615 1550 ultimas
649 1508 864 1551 creationis
888 1515 944 1550 est
977 1508 1201 1550 extrinseca
1233 1506 1397 1550 divinae
1420 1505 1610 1551 honitatis

302 1581 447 1634 glorio,
483 1594 596 1637 quiza,
630 1581 664 1622 si
700 1579 744 1622 dc
784 1580 977 1622 creaturis
1017 1579 1326 1623 irrationalibus
1373 1593 1500 1622 sermo
1533 1580 1608 1632 sit,

305 1661 356 1693 est
395 1667 495 1694 mere
528 1651 715 1694 obiecti-m
749 1665 814 1693 sen
840 1650 1197 1707 fmzdammztczlis:
1231 1653 1266 1694 si
1299 1666 1393 1694 vero
1426 1650 1470 1693 de
1501 1666 1609 1694 crea-

307 1732 401 1766 [ιιι-ιι
436 1724 631 1766 rationali
667 1731 826 1779 agatur,
860 1731 913 1765 est
947 1737 1026 1765 non
1061 1722 1173 1765 modo
1207 1721 1415 1779 obiectum,
1447 1721 1513 1764 sad
1538 1729 1609 1778 po-

305 1796 504 1837 lissimitm
527 1793 742 1851 formalis,
777 1794 856 1837 sita
891 1795 933 1836 in
966 1794 1200 1850 cognitione,
1233 1808 1368 1836 amore
1412 1800 1445 1835 et
1492 1791 1611 1836 laude

306 1867 429 1922 ipsius
467 1865 649 1923 infinitae
684 1865 888 1909 honitatis.

305 1988 342 2028 9.
378 1974 745 2017 PRAENOTtoNEs.
783 1973 933 2017 Soluta
969 1974 1220 2031 quaestione
1255 1972 1305 2016 de
1336 1971 1419 2017 fine
1451 1974 1517 2017 cni
1549 1971 1611 2016 ul-

186 2045 293 2086 timo
320 2059 477 2101 rerum⁷
502 2046 694 2101 quaestio
718 2044 928 2089 solvenda
949 2059 1060 2088 nunc
1084 2057 1146 2088 est
1171 2044 1221 2088 de
1246 2043 1328 2088 fine
1352 2045 1423 2102 qni
1455 2042 1608 2086 ultimo

279 2197 328 2239 (i)
356 2196 410 2229 De
436 2196 515 2228 Deo
546 2202 686 2228 creante
717 2203 748 2229 et
776 2194 863 2228 eleV.
896 2194 986 2228 thes.
1021 2194 1062 2228 X.
1087 2193 1144 2229 Cf.
1166 2205 1192 2228 s.
1212 2193 1282 2228 Th.
1315 2204 1342 2228 1.
1374 2204 1405 2238 p.
1435 2205 1466 2240 q.
1492 2201 1543 2237 19.
1573 2203 1604 2227 a.

190 2264 216 2295 ς.
245 2256 365 2300 Quem
393 2253 580 2287 articulum
610 2253 794 2299 angelicus
825 2253 962 2288 Doctor
989 2252 1143 2287 absolvit
1172 2252 1272 2287 hisce
1299 2252 1427 2287 verbis:
1457 2264 1476 2283 «
1511 2251 1608 2285 Deus

184 2314 257 2348 vult
283 2315 342 2348 hoc
369 2325 431 2347 esso
452 2318 598 2358 propter
616 2313 674 2347 boc
694 2314 838 2359 (nempe
864 2312 938 2347 vult
967 2312 1117 2347 effectus
1153 2323 1236 2347 suos
1256 2323 1332 2346 esse
1353 2310 1609 2346 convenienter

184 2373 367 2407 ordinatos
394 2373 428 2406 in
455 2371 593 2416 finem),
623 2372 683 2406 sed
709 2384 774 2406 non
797 2377 937 2419 propter
964 2371 1022 2406 hoc
1048 2371 1123 2405 vult
1153 2372 1214 2406 hoc
1241 2372 1392 2416 (nempe
1420 2368 1516 2404 nulla
1555 2377 1606 2403 est

183 2431 298 2466 finalis
325 2444 427 2466 causa
455 2441 553 2466 actus
581 2432 722 2466 divinae
750 2431 981 2475 voluntatis).
1010 2444 1028 2462 »
1073 2431 1190 2465 Simili
1227 2431 1367 2465 ratione
1404 2427 1606 2464 intellectus

185 2492 324 2525 divinus
351 2492 540 2538 cognoscit
584 2491 727 2538 quidem
757 2491 1011 2525 conclusiones
1049 2501 1124 2524 esse
1153 2502 1195 2524 ex
1222 2489 1416 2536 principiis,
1444 2487 1505 2522 sed
1532 2498 1606 2521 non

184 2551 370 2595 cognoscit
399 2550 651 2585 conclusiones
690 2562 751 2595 per
784 2550 1042 2595 principiorum
1081 2550 1343 2595 cognitionem,
1370 2556 1408 2582 ut
1441 2546 1476 2580 in
1504 2545 1606 2579 nobis

184 2610 371 2653 contingit.
403 2610 497 2655 Lege
526 2608 629 2643 Carti.
648 2608 817 2643 Toletum
837 2609 957 2643 Enarr.
979 2609 1011 2643 in
1034 2618 1214 2642 summam
1235 2618 1260 2640 s.
1281 2605 1349 2641 Th.
1370 2606 1404 2639 in
1423 2604 1456 2638 h.
1477 2604 1497 2639 l.
