1734 2784
717 111 980 152 —261--

130 205 267 251 cludit
297 205 564 249 voluntatem
597 204 812 262 obligandi
845 215 1096 260 creaturam,
1120 218 1250 261 quam
1283 201 1556 245 voluntatem

136 277 316 322 includit
349 277 429 321 lex.

256 348 514 406 Intelligitur
548 349 622 405 2.⁰)
650 347 875 405 quomodo
900 346 1219 403 distinguantur
1250 345 1363 388 inter
1396 360 1440 388 se
1459 352 1564 402 pro-

137 420 321 464 videntia
352 419 497 462 divina
531 431 572 463 et
605 420 669 462 lex
701 428 879 462 aeterna.
914 418 1003 461 Etsi
1036 416 1104 460 lex
1136 429 1304 460 aeterna
1334 431 1488 472 inagna
1514 431 1565 458 ex

137 504 253 550 parte
285 490 416 534 soleat
451 490 654 533 confundi
690 506 788 533 cum
822 489 1091 548 providentia
1114 488 1274 541 divina,
1299 499 1444 530 tamen
1479 488 1560 530 tri-

137 563 236 622 plici
269 563 548 621 potissimum
582 579 633 605 ex
666 563 801 619 capite
834 560 883 604 ab
907 577 954 604 ea
979 559 1130 604 differt.
1150 560 1394 617 —Nempe
1422 560 1458 615 7)
1493 557 1567 601 lex

135 647 306 678 aeterna
337 631 540 676 sehabet
574 632 624 676 ad
657 631 970 690 providentiam
1004 631 1192 675 divinam
1216 646 1267 673 eo
1291 629 1376 673 fere
1409 629 1559 683 modo,

138 721 225 763 quo
256 703 507 748 antecedens
542 704 593 747 ad
628 719 912 761 consequens,
948 703 1208 761 principium
1243 700 1295 744 ad
1329 701 1565 759 principia-

137 790 231 820 tum
254 775 339 835 (1).
358 802 414 808 —
432 777 546 818 Hinc
571 775 615 834 3)
648 774 714 819 lex
747 788 914 818 aeterna
948 774 1117 833 respicit
1140 785 1281 816 totum
1304 788 1441 830 genus
1476 771 1565 814 hu-

142 864 319 892 manum
363 860 595 905 totumque
644 848 907 903 universum,
955 845 1225 904 providentia
1271 860 1374 887 vero
1424 843 1568 887 divina

139 921 310 979 respicit
341 927 411 963 ‘res
445 919 633 977 singulas
658 920 699 961 in
724 918 962 962 individuo.
986 944 1037 949 —
1058 918 1236 974 Insuper
1264 916 1308 975 γ)
1332 915 1569 974 providen-

137 993 195 1035 tia
218 991 359 1034 divina
391 1007 479 1034 non
512 990 690 1034 includit
724 991 766 1033 in
791 1005 871 1032 suo
906 1001 1116 1047 conceptu
1149 988 1415 1031 voluntatem
1449 986 1567 1030 obli-

136 1062 269 1120 gandi
304 1075 558 1115 creaturam,
595 1078 724 1120 quam
759 1059 936 1103 includit
970 1060 1037 1103 lex
1070 1072 1252 1103 aeterna.

257 1133 512 1190 Intelligitur
561 1134 637 1191 3.⁰)
687 1133 833 1175 omnia
881 1131 1056 1190 quidem
1105 1144 1241 1174 creata
1285 1129 1434 1173 subiici
1478 1130 1567 1187 legi

139 1216 331 1248 aeternae
365 1219 545 1262 eamque
578 1203 758 1261 proinde
792 1203 1054 1261 participare,
1099 1201 1174 1245 sed
1218 1201 1339 1245 aliter
1372 1213 1413 1244 et
1446 1200 1567 1244 aliter

138 1291 218 1334 pro
243 1274 410 1318 diversa
426 1287 599 1317 naturae
620 1274 961 1331 uniuscuiusque
981 1272 1316 1316 conditione.—-
1342 1273 1381 1329 α)
1402 1272 1568 1317 Omnia

140 1358 275 1389 creata
307 1345 549 1389 subduntur
579 1345 664 1403 legi
698 1358 904 1388 aeternae.
940 1345 1111 1388 Etenim
1152 1363 1173 1385 «
1200 1343 1267 1387 lex
1300 1356 1469 1386 aeterna
1503 1354 1567 1385 est

139 1418 249 1460 ratio
283 1416 448 1460 divinae
491 1415 827 1474 gubernationis.
878 1416 1196 1472 Quaecumque
1241 1430 1347 1471 ergo
1370 1408 1380 1423 ³
1399 1413 1568 1457 divinae

136 1486 439 1545 gubernationi
474 1485 727 1540 subduntur,
763 1485 1046 1529 subiiciuntur
1079 1486 1206 1529 etiam
1239 1483 1323 1541 legi
1357 1496 1566 1527 aeternae:

139 1574 248 1617 quae
282 1574 384 1602 vero
417 1558 717 1616 gubernationi.
771 1571 965 1601 aeternae
1014 1571 1103 1600 non
1137 1554 1394 1604 subduntur,
1429 1570 1569 1613 neque

139 1629 225 1687 legi
258 1642 452 1672 aeternae
485 1627 727 1672 subduntur
759 1646 779 1668 »
819 1628 904 1686 (2).
954 1628 1084 1685 Atqui
1119 1626 1233 1669 nulla
1265 1638 1328 1669 est
1363 1638 1567 1679 creatura,

140 1715 251 1758 quae
298 1699 464 1743 divinae
513 1700 620 1742 sicut
667 1698 980 1756 providentiae,
1027 1699 1085 1740 ita
1132 1696 1434 1754 gubernationi
1478 1710 1566 1739 non

143 1770 348 1814 subdatur
380 1770 464 1829 (3).
499 1771 615 1828 Ergo
649 1770 762 1813 nulla
796 1782 859 1812 est
893 1782 1097 1822 creatura,
1123 1784 1230 1826 quae
1263 1780 1456 1811 aeternae
1479 1766 1566 1824 legi

142 1858 232 1886 non
266 1841 511 1885 subiiciatur
543 1854 585 1885 et
618 1853 929 1899 consequenter
977 1856 1070 1884 eam
1103 1839 1247 1898 aliquo
1292 1838 1428 1882 modo
1478 1853 1568 1881 non

239 2040 296 2086 (1)
324 2041 397 2086 Qq.
423 2039 515 2084 disp.
545 2051 576 2085 q.
606 2049 636 2082 5.
663 2038 706 2072 dc
734 2037 834 2071 verit.
862 2047 892 2070 a.
923 2046 953 2070 1.
984 2034 1039 2069 ad.
1067 2033 1100 2069 6.
1128 2033 1392 2069 «Providentia
1428 2033 1465 2066 in
1491 2032 1573 2066 Deo

144 2100 288 2146 proprie
314 2110 390 2133 non
417 2098 583 2132 nominat
612 2097 731 2143 legem
759 2104 954 2137 aeternam,
983 2093 1044 2128 sed
1072 2092 1208 2140 aliquid
1234 2092 1278 2127 ad
1304 2092 1423 2138 legem
1451 2098 1571 2125 aeter-

143 2171 230 2194 nam
257 2168 493 2205 consequens.
521 2157 595 2191 Lex
623 2156 720 2191 enim
749 2164 893 2190 aeterna
921 2162 973 2188 est
1002 2152 1261 2187 consideranda
1287 2151 1324 2186 in
1355 2152 1450 2193 Deo,
1480 2150 1575 2184 sicut

144 2219 368 2264 accipiuntur
394 2217 429 2250 in
457 2215 563 2251 nobis
590 2215 768 2261 principia
798 2213 1037 2260 operabilium
1064 2211 1275 2247 naturaliter
1293 2220 1395 2252 nota,
1426 2222 1469 2244 ex
1497 2208 1574 2256 qui·

144 2278 213 2311 bus
239 2275 472 2322 procedimus
498 2275 534 2308 in
563 2273 789 2308 consiliando
810 2281 842 2308 et
874 2271 1058 2318 eligendo,
1080 2270 1175 2317 quod
1196 2278 1250 2305 est
1268 2269 1480 2315 prudentiae
1500 2268 1575 2302 sive

145 2334 408 2382 providentiae.
435 2334 541 2369 Unde
575 2334 646 2367 hoc
685 2332 797 2368 modo
828 2343 864 2366 se
889 2330 998 2365 habet
1036 2330 1093 2364 lex
1131 2329 1334 2365 intellectus
1374 2327 1491 2362 nostri
1530 2326 1576 2361 ad

146 2394 389 2441 prudentiam,
414 2394 504 2429 sicut
530 2393 752 2440 principium
780 2392 816 2426 in
843 2389 1167 2425 demonstratione.
1194 2389 1238 2423 Et
1257 2387 1421 2422 similiter
1439 2387 1476 2420 in
1495 2386 1575 2421 Deo

144 2453 203 2489 lex
229 2463 372 2489 aeterna
400 2465 474 2488 non
502 2462 553 2487 est
571 2451 814 2499 providentia,
835 2450 895 2485 sed
915 2449 1166 2496 providentiae
1188 2448 1288 2495 quasi
1306 2447 1536 2494 principium.
1554 2461 1572 2479 »

244 2513 301 2559 (2)
329 2513 369 2547 In
402 2523 429 2547 1.
458 2522 489 2546 2.
517 2523 549 2558 q.
577 2520 633 2557 93.
661 2523 691 2546 a.
717 2521 751 2554 4.

243 2571 300 2618 (3)
330 2571 385 2607 Cf.
418 2582 446 2606 1.
473 2583 506 2618 p.
533 2582 564 2617 q.
598 2580 672 2616 103.
