<?xml version="1.0" encoding="UTF-8"?>
<!DOCTYPE html PUBLIC "-//W3C//DTD XHTML 1.0 Transitional//EN"
    "http://www.w3.org/TR/xhtml1/DTD/xhtml1-transitional.dtd">
<html xmlns="http://www.w3.org/1999/xhtml" xml:lang="en" lang="en">
 <head>
  <title>
</title>
<meta http-equiv="Content-Type" content="text/html;charset=utf-8" />
  <meta name='ocr-system' content='tesseract 3.04.00' />
  <meta name='ocr-capabilities' content='ocr_page ocr_carea ocr_par ocr_line ocrx_word'/>
</head>
<body>
  <div class='ocr_page' id='page_1' title='image "./institutionesphi01ferr_0283.png"; bbox 0 0 1734 2784; ppageno 0'>
   <div class='ocr_carea' id='block_1_1' title="bbox 714 80 977 133">
    <p class='ocr_par' dir='ltr' id='par_1_1' title="bbox 714 80 977 133">
     <span class='ocr_line' id='line_1_1' title="bbox 714 80 977 133; baseline -0.008 -23"><span class='ocrx_word' id='word_1_1' title='bbox 714 80 977 133; x_wconf 66' lang='lat'><em>-253-</em></span> 
     </span>
    </p>
   </div>
   <div class='ocr_carea' id='block_1_2' title="bbox 604 278 1071 326">
    <p class='ocr_par' dir='ltr' id='par_1_2' title="bbox 604 278 1071 326">
     <span class='ocr_line' id='line_1_2' title="bbox 604 278 1071 326; baseline -0.006 -2"><span class='ocrx_word' id='word_1_2' title='bbox 604 280 954 326; x_wconf 84' lang='lat' dir='ltr'>ARTICULUS</span> <span class='ocrx_word' id='word_1_3' title='bbox 997 278 1071 321; x_wconf 91' lang='lat' dir='ltr'>III.</span> 
     </span>
    </p>
   </div>
   <div class='ocr_carea' id='block_1_3' title="bbox 503 374 1185 431">
    <p class='ocr_par' dir='ltr' id='par_1_3' title="bbox 503 374 1185 431">
     <span class='ocr_line' id='line_1_3' title="bbox 503 374 1185 431; baseline -0.01 -9"><span class='ocrx_word' id='word_1_4' title='bbox 503 379 575 422; x_wconf 90' lang='lat' dir='ltr'>De</span> <span class='ocrx_word' id='word_1_5' title='bbox 605 379 715 431; x_wconf 90' lang='lat' dir='ltr'>lege</span> <span class='ocrx_word' id='word_1_6' title='bbox 747 377 920 420; x_wconf 83' lang='lat' dir='ltr'>divina</span> <span class='ocrx_word' id='word_1_7' title='bbox 956 374 1185 418; x_wconf 83' lang='lat' dir='ltr'>naturali.</span> 
     </span>
    </p>
   </div>
   <div class='ocr_carea' id='block_1_4' title="bbox 76 476 1555 1608">
    <p class='ocr_par' dir='ltr' id='par_1_4' title="bbox 76 476 1555 1608">
     <span class='ocr_line' id='line_1_4' title="bbox 251 476 1553 542; baseline -0.008 -13"><span class='ocrx_word' id='word_1_8' title='bbox 251 499 346 530; x_wconf 92' lang='lat'>100.</span> <span class='ocrx_word' id='word_1_9' title='bbox 379 484 446 529; x_wconf 86' lang='lat' dir='ltr'>Ad</span> <span class='ocrx_word' id='word_1_10' title='bbox 480 485 777 542; x_wconf 77' lang='lat' dir='ltr'>quaestionem</span> <span class='ocrx_word' id='word_1_11' title='bbox 817 481 1059 525; x_wconf 77' lang='lat' dir='ltr'>accedimus</span> <span class='ocrx_word' id='word_1_12' title='bbox 1105 480 1323 532; x_wconf 86' lang='lat' dir='ltr'>omnium,</span> <span class='ocrx_word' id='word_1_13' title='bbox 1369 492 1476 535; x_wconf 81' lang='lat' dir='ltr'>quae</span> <span class='ocrx_word' id='word_1_14' title='bbox 1510 476 1553 518; x_wconf 88' lang='lat' dir='ltr'>in</span> 
     </span>
     <span class='ocr_line' id='line_1_5' title="bbox 126 548 1551 613; baseline -0.008 -11"><span class='ocrx_word' id='word_1_15' title='bbox 126 559 206 603; x_wconf 83' lang='lat' dir='ltr'>hac</span> <span class='ocrx_word' id='word_1_16' title='bbox 237 573 412 601; x_wconf 85' lang='lat' dir='ltr'>morum</span> <span class='ocrx_word' id='word_1_17' title='bbox 446 555 668 613; x_wconf 79' lang='lat' dir='ltr'>disciplina</span> <span class='ocrx_word' id='word_1_18' title='bbox 700 567 1019 612; x_wconf 76' lang='lat' dir='ltr'>pertractantur,</span> <span class='ocrx_word' id='word_1_19' title='bbox 1043 552 1354 610; x_wconf 80' lang='lat' dir='ltr'>gravissimam,</span> <span class='ocrx_word' id='word_1_20' title='bbox 1389 549 1439 593; x_wconf 86' lang='lat' dir='ltr'>de</span> <span class='ocrx_word' id='word_1_21' title='bbox 1474 548 1551 605; x_wconf 69' lang='lat' dir='ltr'>lege</span> 
     </span>
     <span class='ocr_line' id='line_1_6' title="bbox 128 619 1553 684; baseline -0.008 -11"><span class='ocrx_word' id='word_1_22' title='bbox 128 627 503 673; x_wconf 77' lang='lat' dir='ltr'>divina-naturali.</span> <span class='ocrx_word' id='word_1_23' title='bbox 538 628 684 684; x_wconf 84' lang='lat' dir='ltr'>Atque</span> <span class='ocrx_word' id='word_1_24' title='bbox 713 624 816 668; x_wconf 85' lang='lat' dir='ltr'>illud</span> <span class='ocrx_word' id='word_1_25' title='bbox 850 625 1044 682; x_wconf 81' lang='lat' dir='ltr'>inprimis</span> <span class='ocrx_word' id='word_1_26' title='bbox 1079 635 1142 667; x_wconf 83' lang='lat' dir='ltr'>est</span> <span class='ocrx_word' id='word_1_27' title='bbox 1180 633 1371 666; x_wconf 84' lang='lat' dir='ltr'>accurate</span> <span class='ocrx_word' id='word_1_28' title='bbox 1408 619 1553 663; x_wconf 85' lang='lat' dir='ltr'>deter-</span> 
     </span>
     <span class='ocr_line' id='line_1_7' title="bbox 126 691 1552 757; baseline -0.006 -14"><span class='ocrx_word' id='word_1_29' title='bbox 126 699 397 752; x_wconf 67' lang='lat' dir='ltr'>minandum,</span> <span class='ocrx_word' id='word_1_30' title='bbox 432 697 536 757; x_wconf 86' lang='lat' dir='ltr'>quid</span> <span class='ocrx_word' id='word_1_31' title='bbox 568 696 874 753; x_wconf 75' lang='lat' dir='ltr'>intelligamus,</span> <span class='ocrx_word' id='word_1_32' title='bbox 911 712 1010 738; x_wconf 92' lang='lat' dir='ltr'>cum</span> <span class='ocrx_word' id='word_1_33' title='bbox 1044 694 1225 738; x_wconf 83' lang='lat' dir='ltr'>dicimus</span> <span class='ocrx_word' id='word_1_34' title='bbox 1264 693 1405 750; x_wconf 88' lang='lat' dir='ltr'>legem</span> <span class='ocrx_word' id='word_1_35' title='bbox 1439 691 1552 734; x_wconf 78' lang='lat' dir='ltr'>divi-</span> 
     </span>
     <span class='ocr_line' id='line_1_8' title="bbox 125 763 1547 824; baseline -0.007 -10"><span class='ocrx_word' id='word_1_36' title='bbox 125 769 493 814; x_wconf 65' lang='lat' dir='ltr'>nam-naturalem.</span> <span class='ocrx_word' id='word_1_37' title='bbox 534 769 593 812; x_wconf 86' lang='lat' dir='ltr'>Ut</span> <span class='ocrx_word' id='word_1_38' title='bbox 627 785 677 811; x_wconf 85' lang='lat' dir='ltr'>ex</span> <span class='ocrx_word' id='word_1_39' title='bbox 710 768 834 811; x_wconf 82' lang='lat' dir='ltr'>dictis</span> <span class='ocrx_word' id='word_1_40' title='bbox 869 779 1000 824; x_wconf 75' lang='lat' dir='ltr'>patet,</span> <span class='ocrx_word' id='word_1_41' title='bbox 1034 767 1212 809; x_wconf 85' lang='lat' dir='ltr'>nomine</span> <span class='ocrx_word' id='word_1_42' title='bbox 1244 764 1350 821; x_wconf 89' lang='lat' dir='ltr'>legis</span> <span class='ocrx_word' id='word_1_43' title='bbox 1383 763 1547 806; x_wconf 72' lang='lat' dir='ltr'>divinae</span> 
     </span>
     <span class='ocr_line' id='line_1_9' title="bbox 126 836 1551 899; baseline -0.005 -15"><span class='ocrx_word' id='word_1_44' title='bbox 126 841 406 899; x_wconf 83' lang='lat' dir='ltr'>intelligimus</span> <span class='ocrx_word' id='word_1_45' title='bbox 439 841 598 897; x_wconf 79' lang='lat' dir='ltr'>legem,</span> <span class='ocrx_word' id='word_1_46' title='bbox 633 855 740 897; x_wconf 74' lang='lat' dir='ltr'>quae</span> <span class='ocrx_word' id='word_1_47' title='bbox 773 838 975 897; x_wconf 71' lang='lat' dir='ltr'>procedat</span> <span class='ocrx_word' id='word_1_48' title='bbox 1001 837 1225 881; x_wconf 66' lang='lat' dir='ltr'>immediate</span> <span class='ocrx_word' id='word_1_49' title='bbox 1249 836 1297 879; x_wconf 82' lang='lat' dir='ltr'>ab</span> <span class='ocrx_word' id='word_1_50' title='bbox 1321 837 1416 894; x_wconf 91' lang='lat' dir='ltr'>ipso</span> <span class='ocrx_word' id='word_1_51' title='bbox 1440 836 1551 878; x_wconf 88' lang='lat' dir='ltr'>Deo.</span> 
     </span>
     <span class='ocr_line' id='line_1_10' title="bbox 128 906 1552 970; baseline -0.006 -15"><span class='ocrx_word' id='word_1_52' title='bbox 128 914 245 956; x_wconf 78' lang='lat' dir='ltr'>Haec</span> <span class='ocrx_word' id='word_1_53' title='bbox 279 928 409 970; x_wconf 89' lang='lat' dir='ltr'>porro</span> <span class='ocrx_word' id='word_1_54' title='bbox 443 911 585 955; x_wconf 73' lang='lat' dir='ltr'>divina</span> <span class='ocrx_word' id='word_1_55' title='bbox 618 910 683 953; x_wconf 83' lang='lat' dir='ltr'>lex</span> <span class='ocrx_word' id='word_1_56' title='bbox 707 924 807 953; x_wconf 91' lang='lat' dir='ltr'>tunc</span> <span class='ocrx_word' id='word_1_57' title='bbox 840 911 918 953; x_wconf 87' lang='lat' dir='ltr'>erit</span> <span class='ocrx_word' id='word_1_58' title='bbox 952 909 1172 965; x_wconf 71' lang='lat' dir='ltr'>naturalis,</span> <span class='ocrx_word' id='word_1_59' title='bbox 1195 906 1367 966; x_wconf 86' lang='lat' dir='ltr'>quando</span> <span class='ocrx_word' id='word_1_60' title='bbox 1392 906 1552 953; x_wconf 83' lang='lat' dir='ltr'>duabus</span> 
     </span>
     <span class='ocr_line' id='line_1_11' title="bbox 125 979 1555 1041; baseline -0.004 -15"><span class='ocrx_word' id='word_1_61' title='bbox 125 984 243 1026; x_wconf 85' lang='lat' dir='ltr'>hisce</span> <span class='ocrx_word' id='word_1_62' title='bbox 257 985 371 1026; x_wconf 89' lang='lat' dir='ltr'>notis</span> <span class='ocrx_word' id='word_1_63' title='bbox 393 984 447 1026; x_wconf 88' lang='lat' dir='ltr'>sit</span> <span class='ocrx_word' id='word_1_64' title='bbox 467 982 670 1041; x_wconf 81' lang='lat' dir='ltr'>praedita,</span> <span class='ocrx_word' id='word_1_65' title='bbox 687 981 885 1024; x_wconf 86' lang='lat' dir='ltr'>videlicet</span> <span class='ocrx_word' id='word_1_66' title='bbox 899 979 1166 1038; x_wconf 82' lang='lat' dir='ltr'>—procedat</span> <span class='ocrx_word' id='word_1_67' title='bbox 1187 980 1329 1032; x_wconf 82' lang='lat' dir='ltr'>aDeo,</span> <span class='ocrx_word' id='word_1_68' title='bbox 1343 987 1555 1036; x_wconf 79' lang='lat' dir='ltr'>tamqnam</span> 
     </span>
     <span class='ocr_line' id='line_1_12' title="bbox 126 1050 1550 1109; baseline -0.004 -11"><span class='ocrx_word' id='word_1_69' title='bbox 126 1064 288 1099; x_wconf 74' lang='lat' dir='ltr'>auctore</span> <span class='ocrx_word' id='word_1_70' title='bbox 321 1063 495 1098; x_wconf 71' lang='lat' dir='ltr'>naturae</span> <span class='ocrx_word' id='word_1_71' title='bbox 521 1078 578 1086; x_wconf 93' lang='lat'>—</span> <span class='ocrx_word' id='word_1_72' title='bbox 601 1053 650 1096; x_wconf 86' lang='lat' dir='ltr'>ab</span> <span class='ocrx_word' id='word_1_73' title='bbox 684 1053 859 1095; x_wconf 82' lang='lat' dir='ltr'>homine</span> <span class='ocrx_word' id='word_1_74' title='bbox 894 1052 1100 1109; x_wconf 78' lang='lat' dir='ltr'>cognosci</span> <span class='ocrx_word' id='word_1_75' title='bbox 1125 1051 1261 1109; x_wconf 86' lang='lat' dir='ltr'>possit</span> <span class='ocrx_word' id='word_1_76' title='bbox 1288 1050 1550 1107; x_wconf 75' lang='lat' dir='ltr'>naturaliter,</span> 
     </span>
     <span class='ocr_line' id='line_1_13' title="bbox 126 1123 1554 1180; baseline -0.002 -13"><span class='ocrx_word' id='word_1_77' title='bbox 126 1127 152 1169; x_wconf 90' lang='lat' dir='ltr'>i.</span> <span class='ocrx_word' id='word_1_78' title='bbox 187 1141 222 1168; x_wconf 82' lang='lat' dir='ltr'>e.</span> <span class='ocrx_word' id='word_1_79' title='bbox 256 1124 304 1167; x_wconf 86' lang='lat' dir='ltr'>ab</span> <span class='ocrx_word' id='word_1_80' title='bbox 339 1124 554 1168; x_wconf 87' lang='lat' dir='ltr'>intellectu</span> <span class='ocrx_word' id='word_1_81' title='bbox 590 1125 718 1167; x_wconf 76' lang='lat' dir='ltr'>etiam</span> <span class='ocrx_word' id='word_1_82' title='bbox 751 1124 830 1166; x_wconf 86' lang='lat' dir='ltr'>sibi</span> <span class='ocrx_word' id='word_1_83' title='bbox 866 1123 1013 1166; x_wconf 88' lang='lat' dir='ltr'>relicto</span> <span class='ocrx_word' id='word_1_84' title='bbox 1048 1123 1369 1180; x_wconf 83' lang='lat' dir='ltr'>(convenienter</span> <span class='ocrx_word' id='word_1_85' title='bbox 1408 1133 1554 1164; x_wconf 80' lang='lat' dir='ltr'>tamen</span> 
     </span>
     <span class='ocr_line' id='line_1_14' title="bbox 128 1192 1551 1239; baseline -0.004 0"><span class='ocrx_word' id='word_1_86' title='bbox 128 1196 304 1239; x_wconf 84' lang='lat' dir='ltr'>evoluto</span> <span class='ocrx_word' id='word_1_87' title='bbox 338 1195 577 1239; x_wconf 80' lang='lat' dir='ltr'>secundnm</span> <span class='ocrx_word' id='word_1_88' title='bbox 611 1208 785 1238; x_wconf 79' lang='lat' dir='ltr'>naturae</span> <span class='ocrx_word' id='word_1_89' title='bbox 821 1195 1115 1237; x_wconf 87' lang='lat' dir='ltr'>conditionem</span> <span class='ocrx_word' id='word_1_90' title='bbox 1150 1206 1190 1237; x_wconf 85' lang='lat' dir='ltr'>et</span> <span class='ocrx_word' id='word_1_91' title='bbox 1224 1192 1300 1235; x_wconf 90' lang='lat' dir='ltr'>sub</span> <span class='ocrx_word' id='word_1_92' title='bbox 1341 1207 1551 1235; x_wconf 87' lang='lat' dir='ltr'>concursu</span> 
     </span>
     <span class='ocr_line' id='line_1_15' title="bbox 127 1263 1549 1325; baseline -0.003 -16"><span class='ocrx_word' id='word_1_93' title='bbox 127 1267 209 1310; x_wconf 87' lang='lat' dir='ltr'>Dei</span> <span class='ocrx_word' id='word_1_94' title='bbox 245 1266 528 1325; x_wconf 83' lang='lat' dir='ltr'>connaturali)</span> <span class='ocrx_word' id='word_1_95' title='bbox 549 1282 600 1309; x_wconf 82' lang='lat' dir='ltr'>ex</span> <span class='ocrx_word' id='word_1_96' title='bbox 632 1264 892 1309; x_wconf 74' lang='lat' dir='ltr'>naturalibus</span> <span class='ocrx_word' id='word_1_97' title='bbox 927 1266 1144 1323; x_wconf 88' lang='lat' dir='ltr'>principiis</span> <span class='ocrx_word' id='word_1_98' title='bbox 1178 1277 1218 1308; x_wconf 87' lang='lat' dir='ltr'>et</span> <span class='ocrx_word' id='word_1_99' title='bbox 1252 1280 1325 1322; x_wconf 86' lang='lat' dir='ltr'>per</span> <span class='ocrx_word' id='word_1_100' title='bbox 1347 1263 1549 1306; x_wconf 76' lang='lat' dir='ltr'>naturalia</span> 
     </span>
     <span class='ocr_line' id='line_1_16' title="bbox 76 1334 1551 1394; baseline -0.001 -16"><span class='ocrx_word' id='word_1_101' title='bbox 76 1384 78 1386; x_wconf 17' lang='lat' dir='ltr'>v</span> <span class='ocrx_word' id='word_1_102' title='bbox 127 1335 269 1380; x_wconf 87' lang='lat' dir='ltr'>media</span> <span class='ocrx_word' id='word_1_103' title='bbox 303 1336 498 1394; x_wconf 90' lang='lat' dir='ltr'>dignosci</span> <span class='ocrx_word' id='word_1_104' title='bbox 532 1349 673 1394; x_wconf 83' lang='lat' dir='ltr'>queat.</span> <span class='ocrx_word' id='word_1_105' title='bbox 709 1337 754 1380; x_wconf 85' lang='lat' dir='ltr'>Si</span> <span class='ocrx_word' id='word_1_106' title='bbox 788 1352 870 1393; x_wconf 74' lang='lat' dir='ltr'>qua</span> <span class='ocrx_word' id='word_1_107' title='bbox 902 1352 1012 1379; x_wconf 49' lang='lat' dir='ltr'>sane*</span> <span class='ocrx_word' id='word_1_108' title='bbox 1035 1335 1248 1379; x_wconf 83' lang='lat' dir='ltr'>eiusmodi</span> <span class='ocrx_word' id='word_1_109' title='bbox 1290 1334 1356 1378; x_wconf 81' lang='lat' dir='ltr'>lex</span> <span class='ocrx_word' id='word_1_110' title='bbox 1387 1334 1551 1391; x_wconf 78' lang='lat' dir='ltr'>existat,</span> 
     </span>
     <span class='ocr_line' id='line_1_17' title="bbox 128 1406 1551 1466; baseline -0.002 -15"><span class='ocrx_word' id='word_1_111' title='bbox 128 1424 176 1451; x_wconf 85' lang='lat' dir='ltr'>ea</span> <span class='ocrx_word' id='word_1_112' title='bbox 197 1409 317 1451; x_wconf 90' lang='lat' dir='ltr'>omni</span> <span class='ocrx_word' id='word_1_113' title='bbox 335 1424 511 1466; x_wconf 88' lang='lat' dir='ltr'>prorsus</span> <span class='ocrx_word' id='word_1_114' title='bbox 530 1409 621 1451; x_wconf 84' lang='lat' dir='ltr'>iure</span> <span class='ocrx_word' id='word_1_115' title='bbox 641 1408 804 1451; x_wconf 85' lang='lat' dir='ltr'>dicetur</span> <span class='ocrx_word' id='word_1_116' title='bbox 824 1421 917 1450; x_wconf 87' lang='lat' dir='ltr'>tum</span> <span class='ocrx_word' id='word_1_117' title='bbox 937 1407 1079 1450; x_wconf 79' lang='lat' dir='ltr'>divina</span> <span class='ocrx_word' id='word_1_118' title='bbox 1101 1420 1194 1450; x_wconf 88' lang='lat' dir='ltr'>tum</span> <span class='ocrx_word' id='word_1_119' title='bbox 1219 1406 1432 1450; x_wconf 77' lang='lat' dir='ltr'>naturalis.</span> <span class='ocrx_word' id='word_1_120' title='bbox 1452 1407 1551 1449; x_wconf 91' lang='lat' dir='ltr'>Hoc</span> 
     </span>
     <span class='ocr_line' id='line_1_18' title="bbox 126 1477 1555 1538; baseline -0.001 -17"><span class='ocrx_word' id='word_1_121' title='bbox 126 1479 260 1537; x_wconf 85' lang='lat' dir='ltr'>igitur</span> <span class='ocrx_word' id='word_1_122' title='bbox 293 1480 435 1538; x_wconf 89' lang='lat' dir='ltr'>primo</span> <span class='ocrx_word' id='word_1_123' title='bbox 483 1479 581 1523; x_wconf 91' lang='lat' dir='ltr'>loco</span> <span class='ocrx_word' id='word_1_124' title='bbox 633 1479 956 1538; x_wconf 82' lang='lat' dir='ltr'>inquirendum,</span> <span class='ocrx_word' id='word_1_125' title='bbox 1007 1492 1152 1522; x_wconf 88' lang='lat' dir='ltr'>utrum</span> <span class='ocrx_word' id='word_1_126' title='bbox 1202 1478 1268 1521; x_wconf 85' lang='lat' dir='ltr'>lex</span> <span class='ocrx_word' id='word_1_127' title='bbox 1300 1477 1453 1521; x_wconf 83' lang='lat' dir='ltr'>talibus</span> <span class='ocrx_word' id='word_1_128' title='bbox 1487 1478 1555 1520; x_wconf 90' lang='lat' dir='ltr'>in-</span> 
     </span>
     <span class='ocr_line' id='line_1_19' title="bbox 127 1550 1002 1608; baseline 0.001 -15"><span class='ocrx_word' id='word_1_129' title='bbox 127 1563 288 1594; x_wconf 86' lang='lat' dir='ltr'>structa</span> <span class='ocrx_word' id='word_1_130' title='bbox 320 1550 626 1595; x_wconf 81' lang='lat' dir='ltr'>characteribus</span> <span class='ocrx_word' id='word_1_131' title='bbox 660 1567 806 1608; x_wconf 70' lang='lat' dir='ltr'>reapse</span> <span class='ocrx_word' id='word_1_132' title='bbox 840 1552 1002 1594; x_wconf 73' lang='lat' dir='ltr'>existat.</span> 
     </span>
    </p>
   </div>
   <div class='ocr_carea' id='block_1_5' title="bbox 461 1718 1206 1765">
    <p class='ocr_par' dir='ltr' id='par_1_5' title="bbox 461 1718 1206 1765">
     <span class='ocr_line' id='line_1_20' title="bbox 461 1718 1206 1765; baseline 0 -12"><span class='ocrx_word' id='word_1_133' title='bbox 461 1719 530 1765; x_wconf 72' lang='lat' dir='ltr'>§L</span> <span class='ocrx_word' id='word_1_134' title='bbox 557 1719 626 1753; x_wconf 90' lang='lat' dir='ltr'>An</span> <span class='ocrx_word' id='word_1_135' title='bbox 652 1719 706 1753; x_wconf 85' lang='lat' dir='ltr'>sit</span> <span class='ocrx_word' id='word_1_136' title='bbox 732 1719 799 1752; x_wconf 85' lang='lat' dir='ltr'>lex</span> <span class='ocrx_word' id='word_1_137' title='bbox 828 1718 969 1752; x_wconf 85' lang='lat' dir='ltr'>divina</span> <span class='ocrx_word' id='word_1_138' title='bbox 994 1719 1206 1753; x_wconf 81' lang='lat' dir='ltr'>naturalis.</span> 
     </span>
    </p>
   </div>
   <div class='ocr_carea' id='block_1_6' title="bbox 634 1874 1048 1917">
    <p class='ocr_par' dir='ltr' id='par_1_6' title="bbox 634 1874 1048 1917">
     <span class='ocr_line' id='line_1_21' title="bbox 634 1874 1048 1917; baseline 0.002 -1"><span class='ocrx_word' id='word_1_139' title='bbox 634 1874 801 1917; x_wconf 73' lang='lat' dir='ltr'>THEsis</span> <span class='ocrx_word' id='word_1_140' title='bbox 837 1875 1048 1917; x_wconf 82' lang='lat' dir='ltr'>XXXIII.</span> 
     </span>
    </p>
   </div>
   <div class='ocr_carea' id='block_1_7' title="bbox 102 1981 1556 2167">
    <p class='ocr_par' dir='ltr' id='par_1_7' title="bbox 102 1981 1556 2167">
     <span class='ocr_line' id='line_1_22' title="bbox 102 1981 1556 2041; baseline 0.001 -16"><span class='ocrx_word' id='word_1_141' title='bbox 102 1982 284 2025; x_wconf 80' lang='lat' dir='ltr'>-Existit</span> <span class='ocrx_word' id='word_1_142' title='bbox 332 1983 375 2025; x_wconf 83' lang='lat' dir='ltr'>in</span> <span class='ocrx_word' id='word_1_143' title='bbox 425 1982 582 2024; x_wconf 70' lang='lat' dir='ltr'>homine</span> <span class='ocrx_word' id='word_1_144' title='bbox 632 1981 694 2024; x_wconf 77' lang='lat' dir='ltr'>lex</span> <span class='ocrx_word' id='word_1_145' title='bbox 742 1982 889 2024; x_wconf 75' lang='lat' dir='ltr'>divina</span> <span class='ocrx_word' id='word_1_146' title='bbox 935 1981 1159 2036; x_wconf 73' lang='lat' dir='ltr'>naturalis,</span> <span class='ocrx_word' id='word_1_147' title='bbox 1207 1998 1307 2041; x_wconf 79' lang='lat' dir='ltr'>qnae</span> <span class='ocrx_word' id='word_1_148' title='bbox 1356 1984 1493 2027; x_wconf 79' lang='lat' dir='ltr'>merito</span> <span class='ocrx_word' id='word_1_149' title='bbox 1530 1999 1556 2027; x_wconf 81' lang='lat' dir='ltr'><em>a</em></span> 
     </span>
     <span class='ocr_line' id='line_1_23' title="bbox 246 2052 1554 2113; baseline 0.001 -17"><span class='ocrx_word' id='word_1_150' title='bbox 246 2067 276 2096; x_wconf 83' lang='lat'>5.</span> <span class='ocrx_word' id='word_1_151' title='bbox 305 2052 461 2096; x_wconf 67' lang='lat' dir='ltr'>leoma</span> <span class='ocrx_word' id='word_1_152' title='bbox 484 2053 691 2107; x_wconf 70' lang='lat' dir='ltr'>definitur,</span> <span class='ocrx_word' id='word_1_153' title='bbox 711 2054 850 2110; x_wconf 66' lang='lat' dir='ltr'>prima</span> <span class='ocrx_word' id='word_1_154' title='bbox 885 2053 978 2110; x_wconf 76' lang='lat' dir='ltr'>legis</span> <span class='ocrx_word' id='word_1_155' title='bbox 1009 2063 1192 2098; x_wconf 71' lang='lat' dir='ltr'>aeternae</span> <span class='ocrx_word' id='word_1_156' title='bbox 1217 2056 1477 2113; x_wconf 79' lang='lat' dir='ltr'>participatio</span> <span class='ocrx_word' id='word_1_157' title='bbox 1512 2056 1554 2098; x_wconf 78' lang='lat' dir='ltr'>in</span> 
     </span>
     <span class='ocr_line' id='line_1_24' title="bbox 248 2122 674 2167; baseline -0.005 0"><span class='ocrx_word' id='word_1_158' title='bbox 248 2131 434 2167; x_wconf 73' lang='lat' dir='ltr'>creatura</span> <span class='ocrx_word' id='word_1_159' title='bbox 468 2122 674 2166; x_wconf 73' lang='lat' dir='ltr'>rationali.</span> 
     </span>
    </p>
   </div>
   <div class='ocr_carea' id='block_1_8' title="bbox 127 2252 1620 2598">
    <p class='ocr_par' dir='ltr' id='par_1_8' title="bbox 127 2252 1620 2598">
     <span class='ocr_line' id='line_1_25' title="bbox 253 2252 1620 2314; baseline 0.005 -20"><span class='ocrx_word' id='word_1_160' title='bbox 253 2264 347 2294; x_wconf 88' lang='lat'>101.</span> <span class='ocrx_word' id='word_1_161' title='bbox 384 2252 772 2296; x_wconf 56' lang='lat' dir='ltr'>DExioNs&#39;rRATm.</span> <span class='ocrx_word' id='word_1_162' title='bbox 811 2254 990 2311; x_wconf 79' lang='lat' dir='ltr'>Triplex</span> <span class='ocrx_word' id='word_1_163' title='bbox 1022 2254 1157 2298; x_wconf 82' lang='lat' dir='ltr'>afferri</span> <span class='ocrx_word' id='word_1_164' title='bbox 1190 2255 1299 2298; x_wconf 85' lang='lat' dir='ltr'>solet</span> <span class='ocrx_word' id='word_1_165' title='bbox 1331 2256 1555 2314; x_wconf 81' lang='lat' dir='ltr'>probatio·</span> <span class='ocrx_word' id='word_1_166' title='bbox 1618 2277 1620 2280; x_wconf 50' lang='lat'>&gt;</span> 
     </span>
     <span class='ocr_line' id='line_1_26' title="bbox 128 2321 1546 2380; baseline 0.006 -16"><span class='ocrx_word' id='word_1_167' title='bbox 128 2336 234 2364; x_wconf 87' lang='lat' dir='ltr'>num</span> <span class='ocrx_word' id='word_1_168' title='bbox 269 2337 404 2380; x_wconf 87' lang='lat' dir='ltr'>genus</span> <span class='ocrx_word' id='word_1_169' title='bbox 440 2323 489 2365; x_wconf 81' lang='lat' dir='ltr'>ad</span> <span class='ocrx_word' id='word_1_170' title='bbox 523 2321 628 2380; x_wconf 79' lang='lat' dir='ltr'>legis</span> <span class='ocrx_word' id='word_1_171' title='bbox 667 2324 868 2367; x_wconf 74' lang='lat' dir='ltr'>naturalis</span> <span class='ocrx_word' id='word_1_172' title='bbox 917 2327 1186 2370; x_wconf 80' lang='lat' dir='ltr'>existentiam</span> <span class='ocrx_word' id='word_1_173' title='bbox 1235 2327 1546 2372; x_wconf 66' lang='lat' dir='ltr'>vindicandam:</span> 
     </span>
     <span class='ocr_line' id='line_1_27' title="bbox 127 2393 1554 2456; baseline 0.006 -21"><span class='ocrx_word' id='word_1_174' title='bbox 127 2393 250 2450; x_wconf 85' lang='lat' dir='ltr'>argui</span> <span class='ocrx_word' id='word_1_175' title='bbox 282 2394 492 2436; x_wconf 85' lang='lat' dir='ltr'>nimirum</span> <span class='ocrx_word' id='word_1_176' title='bbox 525 2395 633 2438; x_wconf 85' lang='lat' dir='ltr'>solet</span> <span class='ocrx_word' id='word_1_177' title='bbox 655 2422 705 2426; x_wconf 93' lang='lat'>—</span> <span class='ocrx_word' id='word_1_178' title='bbox 742 2413 792 2439; x_wconf 77' lang='lat' dir='ltr'>ex</span> <span class='ocrx_word' id='word_1_179' title='bbox 814 2398 968 2440; x_wconf 88' lang='lat' dir='ltr'>intimo</span> <span class='ocrx_word' id='word_1_180' title='bbox 1003 2398 1135 2456; x_wconf 86' lang='lat' dir='ltr'>ipsius</span> <span class='ocrx_word' id='word_1_181' title='bbox 1170 2400 1454 2443; x_wconf 79' lang='lat' dir='ltr'>conscientiae</span> <span class='ocrx_word' id='word_1_182' title='bbox 1487 2412 1554 2443; x_wconf 87' lang='lat' dir='ltr'>te-</span> 
     </span>
     <span class='ocr_line' id='line_1_28' title="bbox 127 2464 1552 2527; baseline 0.006 -21"><span class='ocrx_word' id='word_1_183' title='bbox 127 2464 337 2508; x_wconf 87' lang='lat' dir='ltr'>stimonio</span> <span class='ocrx_word' id='word_1_184' title='bbox 371 2491 430 2497; x_wconf 93' lang='lat'><strong>—</strong></span> <span class='ocrx_word' id='word_1_185' title='bbox 453 2482 503 2508; x_wconf 83' lang='lat' dir='ltr'>ex</span> <span class='ocrx_word' id='word_1_186' title='bbox 535 2465 801 2509; x_wconf 67' lang='lat' dir='ltr'>evidentibus</span> <span class='ocrx_word' id='word_1_187' title='bbox 836 2469 1012 2511; x_wconf 75' lang='lat' dir='ltr'>rationis</span> <span class='ocrx_word' id='word_1_188' title='bbox 1047 2470 1267 2527; x_wconf 89' lang='lat' dir='ltr'>principiis</span> <span class='ocrx_word' id='word_1_189' title='bbox 1291 2495 1347 2504; x_wconf 89' lang='lat'>—</span> <span class='ocrx_word' id='word_1_190' title='bbox 1369 2487 1420 2514; x_wconf 88' lang='lat' dir='ltr'>ex</span> <span class='ocrx_word' id='word_1_191' title='bbox 1443 2487 1552 2514; x_wconf 84' lang='lat' dir='ltr'>una-</span> 
     </span>
     <span class='ocr_line' id='line_1_29' title="bbox 131 2535 994 2598; baseline 0.006 -20"><span class='ocrx_word' id='word_1_192' title='bbox 131 2535 241 2579; x_wconf 86' lang='lat' dir='ltr'>nimi</span> <span class='ocrx_word' id='word_1_193' title='bbox 274 2537 482 2580; x_wconf 89' lang='lat' dir='ltr'>omnium</span> <span class='ocrx_word' id='word_1_194' title='bbox 517 2536 745 2581; x_wconf 89' lang='lat' dir='ltr'>hominum</span> <span class='ocrx_word' id='word_1_195' title='bbox 780 2538 994 2598; x_wconf 79' lang='lat' dir='ltr'>suffragio.</span> 
     </span>
    </p>
   </div>
  </div>
 </body>
</html>
