1734 2784
172 239 411 298 formaliter
436 238 642 295 competit
667 251 758 279 esse
783 236 1054 293 adeptionem
1082 233 1161 276 Dei
1187 248 1231 275 ac
1255 230 1434 289 proinde
1457 247 1602 275 essen-

174 312 275 353 tiam
311 308 585 352 beatitudinis
636 306 838 350 formalis.
883 310 985 350 Tres
1034 318 1173 347 autem
1223 315 1322 346 sunt
1369 304 1602 347 sententiae

175 381 439 439 praecipuae.

293 450 435 507 Aliqui
470 450 712 492 existimant
759 447 987 490 essentiam
1020 445 1292 488 beatitudinis
1341 445 1463 488 sitam
1507 460 1602 489 esse

175 523 216 564 in
249 534 341 563 actu
368 520 695 576 intelligentiae,
730 531 871 560 actum
896 533 997 560 vero
1022 516 1251 559 Voluntatis
1275 532 1368 559 esse
1402 517 1599 575 proprie-

172 605 301 635 tatem
337 591 399 634 vel
435 590 683 632 attributum
718 589 957 631 necessario
993 587 1200 630 resultans
1235 603 1284 630 ex
1317 600 1411 630 actu
1445 586 1599 630 intelli·

173 663 352 718 gentiae.
374 663 433 704 Ita
452 677 484 704 s,
505 660 703 704 Thomas
722 659 807 717 (Ι),
828 675 955 716 quem
978 658 1236 702 Thomistae
1271 658 1423 716 aliique
1447 674 1599 716 graves

172 748 367 776 auctores
400 744 653 789 sequuntur.
680 756 736 763 —
761 730 844 773 Alii
880 742 1027 787 putant
1062 731 1288 772 essentiam
1322 729 1597 773 beatitudinis

173 806 322 861 reponi
356 803 507 846 debere
542 804 581 845 in
617 815 799 860 utroque
833 815 924 844 actu
949 814 1040 843 turn
1067 800 1318 854 intellectuS,
1351 814 1444 844 tum
1468 802 1599 845 etiam

171 875 418 918 voluntatis
454 876 514 918 Ita
547 892 578 917 s.
600 876 896 917 Bonaventura
913 873 1002 931 (2),
1025 873 1180 916 Suarez
1204 873 1288 931 (3),
1312 874 1486 916 Lessius
1504 872 1592 931 (4),

172 946 326 1003 aliique
362 947 507 1002 magni
531 946 720 988 nominis
745 945 954 987 doctores.
982 970 1039 975 —-
1062 944 1146 987 Alii
1171 944 1423 987 arbitrantur
1445 959 1596 987 essen-

171 1019 271 1059 tiam
305 1017 576 1060 beatitudinis
627 1016 915 1060 collocandam
965 1032 1056 1059 esse
1106 1017 1148 1059 in
1193 1029 1285 1059 actu
1334 1015 1599 1073 voluntatis,

171 1102 313 1131 actum
348 1104 451 1132 vero
486 1088 726 1132 intellectus
761 1102 934 1131 censent
975 1105 1066 1131 esse
1105 1089 1397 1131 conditionem
1450 1103 1594 1132 neces-

170 1162 321 1202 sariam
377 1173 416 1203 et
469 1159 737 1203 essentialem
781 1159 831 1202 ad
875 1160 1179 1203 beatitudinem
1235 1159 1482 1203 habendam.
1533 1160 1595 1202 Ita

170 1232 324 1273 Scottis
358 1231 443 1289 (ς),
480 1247 608 1288 quem
643 1232 852 1274 Scotistae
885 1231 1041 1289 aliique
1075 1232 1263 1287 insignes
1298 1243 1490 1273 auctores
1524 1245 1595 1273 se-

170 1314 373 1358 quuntur.
411 1303 538 1354 Nota,
573 1301 689 1359 quod
726 1301 766 1343 hi
802 1314 1014 1354 auctores,
1050 1301 1153 1344 facta
1189 1302 1462 1345 distinctione
1485 1302 1594 1344 inter

170 1389 363 1416 amorem
398 1389 443 1415 ac
477 1373 687 1430 gaudium
723 1372 774 1415 de
809 1372 922 1415 borio
958 1374 1054 1426 Dei,
1089 1386 1134 1415 ut
1177 1374 1257 1416 Dei
1306 1372 1468 1415 bonum
1501 1385 1594 1425 est,

169 1456 209 1485 et
243 1459 435 1485 amorem
470 1459 516 1486 ac
549 1443 753 1499 gaudium
789 1443 839 1486 de
873 1443 988 1485 bono
1024 1444 1120 1499 Dei,
1156 1456 1200 1486 ut
1236 1456 1298 1486 est
1321 1443 1482 1486 bonum
1516 1458 1595 1485 no-

170 1527 306 1556 strum
341 1514 428 1572 (6),
461 1515 647 1572 priorem
682 1514 915 1557 voluntatis
941 1527 1082 1556 actum
1107 1527 1280 1557 censent
1307 1515 1518 1572 pertinere
1540 1512 1595 1556 ad

169 1588 397 1628 essentiam
432 1586 704 1629 beatitudinis
739 1586 943 1643 formaliS,
978 1586 1109 1629 alium
1144 1602 1245 1630 vero
1270 1599 1410 1629 actum
1439 1597 1593 1628 vocant

168 1655 415 1698 attributum
452 1656 517 1699 vel
551 1658 875 1714 proprietatem,
911 1673 1017 1714 quae
1052 1658 1292 1699 necessario
1326 1672 1376 1699 ex
1413 1655 1595 1698 beatitu-

169 1724 269 1768 dine
304 1725 493 1769 resultat.

287 1798 411 1839 Prior
445 1799 653 1840 sententia
686 1797 873 1840 validum
911 1797 1239 1840 fundamentum
1274 1796 1395 1839 habet
1425 1796 1594 1854 praeci-

170 1883 251 1924 pue
276 1868 315 1908 in
340 1867 422 1910 hoc
445 1882 717 1924 argumento,
753 1884 839 1926 quo
874 1870 1005 1911 utitur
1029 1886 1060 1911 s.
1082 1869 1293 1911 Thomas.
1318 1893 1375 1900 —
1398 1867 1593 1910 Essentia

260 2065 316 2108 (1)
343 2065 382 2097 In
414 2075 440 2098 1.
470 2074 500 2097 2.
529 2076 559 2110 q.
590 2073 618 2107 3.
645 2076 674 2098 a.
703 2075 752 2107 4.,
780 2075 811 2099 et
839 2075 955 2100 contr.
998 2075 1095 2111 gent.
1124 2065 1147 2100 l.
1178 2077 1208 2110 3.
1243 2076 1270 2099 e.
1300 2064 1356 2100 26.
1398 2063 1454 2100 Cf.
1481 2064 1588 2099 etiam

171 2134 197 2157 1.
226 2133 256 2156 2.
282 2135 313 2168 q.
340 2133 373 2164 4.
403 2135 432 2156 a.
467 2134 504 2164 1.,
532 2124 589 2156 ubi
620 2123 704 2157 haec
732 2125 850 2158 habet:
885 2140 901 2155 «
923 2125 1123 2159 Delectatio
1151 2133 1315 2159 causatur
1336 2136 1378 2158 ex
1403 2124 1473 2158 hoc
1493 2123 1587 2170 quod

164 2182 341 2227 appetitus
369 2182 557 2227 requiescit
585 2183 620 2215 in
650 2184 746 2217 bono
774 2184 916 2229 adepto.
944 2184 1059 2224 Unde,
1079 2195 1161 2218 cum
1181 2184 1365 2218 beatitudo
1387 2183 1475 2217 nihil
1493 2182 1592 2216 aliud

166 2243 223 2283 sit,
253 2253 359 2288 quarn
387 2242 530 2287 adeptio
559 2244 689 2276 summi
718 2244 820 2285 Boni,
849 2255 921 2277 non
949 2254 1067 2289 potest
1097 2255 1173 2277 esse
1202 2243 1383 2278 beatitudo
1411 2243 1486 2277 sine
1524 2242 1589 2277 de-

167 2302 361 2335 lectatione
388 2302 704 2335 concomitante.»

261 2359 318 2402 (2)
348 2360 386 2393 In
414 2359 472 2393 IV.
501 2367 591 2394 sent.
619 2359 696 2394 dist.
725 2361 853 2395 XLIX.
880 2373 913 2407 q.
947 2371 978 2403 ς.

262 2419 319 2462 (3)
348 2419 402 2452 De
429 2419 492 2453 ult.
523 2417 594 2453 fine
621 2419 719 2453 hom.
747 2421 835 2465 disp,
864 2422 924 2456 XI.

261 2479 316 2521 (4)
344 2479 399 2512 De
425 2489 569 2511 summo
597 2479 694 2513 bono
725 2480 743 2514 l.
777 2481 817 2513 II.
846 2492 875 2514 c.
909 2489 938 2521 5.

262 2538 315 2579 (5)
344 2538 380 2570 In
410 2537 472 2571 IV.
502 2546 589 2570 sent.
617 2538 698 2571 dist.
730 2539 855 2573 XLIX.
886 2551 915 2584 q.
950 2548 975 2581 ς.

263 2595 318 2639 (6)
346 2597 440 2630 Vide
467 2595 594 2630 thesim
623 2597 715 2631 hanc
742 2599 839 2632 VIII.
871 2608 991 2643 punct.
1023 2599 1049 2632 Ι.
