1734 2784
198 188 364 244 magnis
400 201 527 242 parvo
561 185 717 228 scilicet
751 197 947 242 tempore
981 186 1400 243 perpet1·atiS‚poena
1431 187 1613 244 quisque

196 259 419 301 damnetur
452 269 634 312 aeterna3
668 256 786 313 quasi
822 255 946 298 ullius
981 255 1022 298 id
1061 271 1267 313 umquam
1306 256 1463 298 iustitia
1508 255 1615 313 legis

196 328 398 379 attendat,
426 340 469 369 ut
493 340 605 370 tanta
630 342 751 370 mora
774 327 980 384 temporis
1004 327 1186 385 quisque
1220 327 1437 385 puniatur,
1462 339 1617 386 quanta

195 414 314 441 mora
347 399 554 455 temporis
589 398 703 441 unde
737 398 961 456 puniretur
993 397 1224 442 admisit....
1260 398 1397 452 Quid,
1439 399 1483 442 in
1525 400 1615 442 vin-

196 470 297 513 culis
321 485 559 527 numquam
584 469 747 513 tamdiu
772 471 952 527 quisque
976 469 1229 513 iudicandus
1253 483 1315 513 est
1334 487 1426 514 esse
1449 470 1616 529 debere,

192 541 397 599 quamdiu
432 541 527 584 fecit
562 541 673 584 unde
707 541 863 584 meruit
897 540 1076 599 alligari3
1113 556 1210 584 cum
1260 542 1492 598 iuqtissime
1538 557 1615 586 an-

195 627 322 655 nosas
358 628 514 669 poenas
567 627 717 655 servus
753 612 794 654 in
845 610 1126 670 compedibus
1159 605 1330 669 pendat,
1368 613 1440 670 qui
1485 611 1616 656 verbo

198 696 267 725 aut
302 685 386 725 ictu
422 684 639 726 celerrime
673 695 917 726 transeunte
951 682 1017 726 vel
1047 682 1260 726 lacessivit
1294 682 1521 726 dominum
1549 683 1616 728 vel

196 755 426 811 plagavit.»
468 755 518 797 Et
552 772 583 798 s.
619 754 817 797 Thomas
841 753 925 813 (1):
954 755 1097 798 «Non
1131 767 1194 797 est
1227 766 1373 797 contra
1405 755 1614 798 rationem

193 825 358 869 divinae
392 826 591 882 iustitiae,
623 840 668 868 ut
702 825 852 883 aliquis
887 841 1071 883 poenam
1120 837 1369 883 perpetuam
1416 826 1615 883 patiatur,

193 897 291 954 quia
323 913 399 939 nec
433 896 671 940 secundum
695 896 811 954 leges
846 896 1052 938 humanas
1076 896 1161 939 hoc
1184 896 1381 953 exigitur,
1405 907 1451 938 ut
1476 911 1616 954 poena

194 982 569 1011 commensuretur
619 967 766 1025 culpae
813 968 855 1010 in
903 979 1112 1025 tempore.
1151 968 1269 1012 Nam
1317 983 1395 1024 pro
1443 980 1615 1024 peccato

192 1039 385 1082 adulterii
419 1040 483 1082 vel
517 1039 758 1095 homicidii,
793 1038 911 1097 quod
945 1039 987 1082 in
1021 1051 1218 1096 tempore
1251 1037 1367 1081 brevi
1410 1039 1616 1082 commit-

192 1111 308 1164 titur,
342 1110 407 1154 lex
440 1110 625 1154 humana
660 1110 784 1154 infert
833 1110 1090 1169 quandoque
1140 1123 1395 1168 perpetuum
1443 1109 1615 1167 exilium

193 1194 264 1224 aut
297 1183 422 1225 etiam
458 1195 660 1238 mortem,
694 1197 767 1238 per
800 1197 907 1238 quae
940 1181 1091 1239 aliquis
1126 1181 1167 1224 in
1201 1193 1459 1239 perpetuum
1493 1196 1514 1223 a
1545 1196 1616 1224 so-

191 1253 338 1295 cietate
372 1253 550 1295 civitatis
586 1251 836 1295 excluditur:
870 1264 909 1295 et
943 1251 1060 1309 quod
1092 1249 1267 1294 exilium
1310 1265 1398 1294 non
1429 1251 1470 1292 in
1513 1265 1613 1308 per-

193 1335 373 1380 petuum
409 1322 547 1378 duret,
582 1322 663 1364 hoc
697 1338 771 1380 per
804 1321 997 1365 accidens
1031 1322 1256 1378 contingit,
1290 1322 1389 1379 quia
1420 1321 1505 1364 vita
1536 1320 1613 1364 ho-

192 1395 320 1437 minis
353 1410 440 1437 nou
475 1407 537 1436 est
573 1406 788 1451 perpetua:
825 1392 899 1436 sed
931 1394 1111 1436 intentio
1145 1392 1295 1436 iudicis
1329 1391 1379 1435 ad
1413 1391 1496 1434 hoc
1522 1407 1614 1435 esse

189 1463 370 1516 videtur,
405 1477 452 1506 ut
485 1480 583 1506 eum
618 1464 726 1505 sicut
759 1475 900 1520 potest
934 1475 1141 1520 perpetuo
1175 1463 1373 1520 puniat.»
1412 1486 1470 1493 ——
1491 1460 1614 1506 Alla—

190 1549 283 1578 tum
318 1535 448 1591 igitur
481 1547 782 1590 argumentum
817 1546 959 1592 potest
991 1534 1034 1576 in
1066 1532 1330 1577 adversarios
1364 1532 1613 1590 retorqueri.

191 1607 265 1649 Est
288 1606 391 1649 recti
414 1605 565 1648 iudicis
601 1620 758 1662 poenas
792 1606 923 1647 iustas
957 1604 1162 1661 infligere.
1186 1605 1317 1662 Atqui
1351 1619 1514 1662 poenae
1547 1619 1612 1647 ae-

188 1689 331 1720 ternae
364 1688 462 1719 sunt
486 1677 636 1719 iustae:
661 1674 874 1732 siquidem
900 1673 1048 1732 culpae
1073 1673 1400 1732 quodammodo
1423 1672 1613 1716 infinitae

193 1760 293 1790 sunt
327 1748 678 1805 proportionatae
712 1761 873 1804 poenae
920 1745 1108 1788 infinitae
1157 1744 1484 1803 quodammodo
1516 1744 1542 1787 i.
1575 1759 1610 1787 e.

190 1821 391 1862 extensive
426 1834 500 1861 seu
534 1818 675 1876 quoad
710 1817 997 1861 durationem.
1022 1818 1137 1874 Ergo
1171 1817 1288 1860 Deus
1312 1815 1439 1859 iudex
1466 1816 1612 1859 rectis-

189 1891 325 1934 simus
362 1905 519 1947 poenas
554 1890 716 1946 irrogat
753 1901 956 1932 aeternas.

311 1961 537 2005 OBIECTIO
569 1961 621 2003 ΙΙ.
657 1961 772 2003 Finis
807 1975 969 2017 poenae
1004 1971 1067 2002 est
1099 1958 1322 2002 hominem
1350 1957 1567 2001 retrahere
1589 1971 1612 1998 a

188 2031 420 2074 violatione
453 2032 573 2088 legiS.
608 2032 740 2088 Atqui
774 2046 910 2089 poena
943 2042 1110 2073 aeterna
1142 2045 1230 2073 non
1262 2029 1436 2072 retrahit
1469 2028 1610 2073 homi-

190 2118 289 2145 nem
324 2119 344 2145 a
376 2102 609 2145 violatione
640 2101 760 2159 legis.
796 2102 909 2158 Ergo
944 2116 1079 2159 poena
1107 2112 1276 2144 aeterna
1299 2113 1407 2143 caret
1428 2098 1513 2143 fine
1536 2115 1610 2142 seu

190 2175 353 2216 ratione
386 2173 606 2217 existendi.
642 2174 757 2230 Ergo
791 2189 878 2216 non
912 2174 1065 2216 existit.
1100 2197 1158 2205 —
1190 2171 1463 2230 Respondeo.
1501 2171 1610 2216 Dist.

190 2246 285 2287 mai.
320 2245 433 2287 Finis
469 2245 619 2287 unicus
651 2245 719 2287 vel
752 2245 978 2301 primarius
1012 2259 1174 2302 poenae
1197 2255 1260 2286 est
1284 2242 1507 2286 hominem
1541 2257 1610 2286 re-

191 2315 358 2357 trahere
392 2332 412 2358 a
445 2314 677 2358 violatione
723 2314 830 2372 legis
879 2331 992 2372 nego,
1042 2313 1316 2358 secundarius
1358 2329 1464 2358 conc.
1499 2314 1607 2358 Dist.

284 2545 339 2589 (ι)
367 2544 500 2590 Opusc.
528 2545 588 2579 cit.
616 2545 764 2580 XXXII.
792 2545 929 2579 volum.
960 2545 1019 2579 111.
1048 2545 1130 2580 edit.
1158 2556 1190 2590 p.
1212 2546 1267 2580 De
1292 2544 1418 2579 Maria.
