1734 2784
753 105 808 113 —
847 82 928 137 378
962 106 1016 114 -

171 176 282 218 natio
308 175 424 218 modi
450 175 647 218 tendendi
669 176 710 217 in
732 175 862 220 finem
886 177 919 218 si
944 176 1193 234 obligatoria
1217 180 1287 235 sit,
1306 191 1369 221 est
1392 178 1468 235 lex,
1486 190 1526 221 et
1551 179 1585 221 si

170 248 362 304 proxime
396 246 576 304 pendeat
610 246 658 290 ab
694 247 879 292 humana
911 250 1143 306 voluntate,
1179 262 1241 293 est
1286 250 1349 293 lex
1391 251 1587 295 humana.

171 319 282 375 Ergo
306 334 391 362 non
415 318 557 362 solum
592 319 656 363 lex
680 319 802 364 datur
824 322 1009 379 positiva
1042 321 1195 375 divina,
1215 321 1287 365 sed
1311 337 1431 366 verae
1459 324 1586 367 etiam

170 390 352 433 existunt
384 389 499 448 leges
534 391 762 445 humanae,
801 405 892 435 tum
919 393 1061 437 civiles
1096 407 1187 437 tum
1212 394 1529 438 ecclesiasticae.

288 463 428 517 Dices,
463 462 644 507 modum
679 463 882 508 tendendi
921 466 962 508 in
996 464 1123 508 finem
1162 480 1240 523 pro
1274 466 1474 509 societate
1508 465 1590 509 do·-

168 534 345 577 mestica
378 545 417 577 et
452 535 561 578 civili
595 534 864 579 determinari
892 553 913 580 a
936 536 1029 594 lege
1055 537 1247 591 naturali,
1273 553 1351 596 pro
1385 539 1589 582 societate

168 604 447 649 ecclesiastica
479 623 500 650 a
533 606 625 664 lege
659 607 819 652 Christi
848 608 1119 653 institutoris.
1144 609 1403 668 Respondeo
1443 609 1585 667 legem

168 678 424 731 naturalem,
459 694 565 736 quae
609 691 671 722 est
718 679 782 723 lex
822 681 959 738 prima
1007 692 1047 723 et
1082 680 1181 723 hinc
1213 680 1332 725 valde
1365 681 1588 740 generalis,

168 762 256 791 non
290 750 436 793 onmia
469 751 512 793 in
544 750 785 808 particulari
820 750 1099 796 determinare
1133 752 1258 796 relate
1293 752 1343 797 ad
1377 752 1588 797 domesti-

168 835 259 862 cam
283 832 323 864 et
346 820 514 865 civilem
546 823 815 877 societatem,
842 822 1210 882 quemadmodum
1239 838 1314 868 nec
1338 823 1402 868 lex
1426 824 1590 869 Christi

170 892 313 935 omnia
347 892 595 951 singillatim
630 894 882 938 determinat
917 895 1042 939 relate
1075 894 1127 939 ad
1160 895 1485 940 ecclesiasticam
1519 912 1586 940 so-

169 964 380 1023 cietatem,
414 965 488 1010 sed
522 967 730 1025 quaedam
764 979 947 1011 statuere
981 966 1256 1026 generaliora,
1282 984 1388 1027 qnae
1417 983 1439 1011 a
1461 969 1587 1012 variis

169 1036 477 1096 cuiuscumque
511 1038 723 1082 societatis
759 1039 992 1083 rectoribus
1018 1052 1115 1083 sunt
1141 1040 1274 1097 magis
1299 1041 1338 1083 in
1364 1038 1585 1084 individuo

167 1124 241 1166 per
273 1109 473 1166 speciales
516 1110 632 1168 leges
679 1122 719 1154 et
752 1126 831 1169 pro
880 1111 1079 1155 varietate
1132 1110 1428 1155 adiunctorum
1479 1110 1587 1156 defi-

169 1179 324 1223 nienda
357 1179 441 1240 (1).

291 1253 445 1306 Quum
478 1253 620 1312 itaque
653 1252 721 1297 lex
757 1254 947 1312 positiva
980 1267 1072 1298 tum
1107 1254 1247 1298 divina
1279 1268 1371 1298 tum
1406 1255 1592 1298 humana

169 1323 330 1367 nedum
364 1324 580 1382 possibilis
629 1326 697 1382 sit,
730 1341 881 1369 verum
931 1328 1057 1370 etiam
1092 1342 1237 1385 reapse
1286 1328 1447 1382 existat3
1482 1327 1589 1371 duae

173 1408 271 1439 sunt
304 1398 558 1455 praecipuae
591 1398 862 1456 quaestiones
888 1398 939 1442 de
961 1398 1109 1442 eadem
1143 1398 1439 1444 instituendae.
1464 1399 1588 1445 Prior

170 1468 272 1512 haec
296 1482 370 1513 est:
397 1485 447 1513 an
471 1482 511 1514 et
544 1468 768 1528 quomodo
802 1469 852 1514 ad
885 1471 1024 1528 legem
1056 1484 1271 1515 aeternam
1304 1471 1418 1515 etad
1450 1471 1589 1530 legem

173 1539 408 1584 naturalem
441 1540 507 1585 lex
539 1543 723 1600 positiva
742 1542 958 1587 referatur.
982 1543 1123 1586 Altera
1157 1557 1259 1586 vero
1294 1543 1396 1587 haec
1428 1554 1503 1588 est:
1539 1560 1589 1588 an

169 1612 252 1654 sint
275 1624 315 1656 et
340 1628 550 1671 quaenam
575 1614 658 1658 sint
677 1615 920 1658 essentiales
944 1613 1050 1672 legis
1075 1614 1281 1672 positivae
1300 1613 1586 1669 conditiones,

172 1683 326 1741 quibus
361 1685 396 1727 si
429 1684 495 1729 lex
528 1687 582 1729 sit
617 1686 831 1744 destituta,
854 1688 935 1730 iam
971 1687 1022 1730 sit
1056 1686 1122 1730 lex
1148 1687 1315 1740 iniusta,
1339 1701 1383 1729 ac
1407 1687 1587 1745 proinde

170 1754 285 1799 nulla
317 1768 356 1800 et
390 1757 517 1801 irrita.

265 1906 322 1951 (1)
348 1906 405 1941 Ad
432 1918 507 1942 rem
534 1907 677 1951 Suarez,
701 1908 742 1942 de
772 1908 840 1955 leg.
869 1907 889 1943 1.
915 1918 940 1943 1.
961 1920 989 1943 c.
1013 1920 1040 1953 3.
1062 1920 1096 1942 11.
1117 1917 1189 1943 20.:
1224 1908 1356 1943 «Deus
1383 1909 1437 1953 (ut
1456 1920 1588 1956 suppo-

170 1966 307 2011 nimus)
327 1966 520 2012 specialem
541 1968 863 2014 congregationem
883 1967 1054 2010 fidelium,
1076 1979 1164 2014 quae
1191 1977 1283 2002 esset
1312 1979 1422 2002 unum
1445 1980 1587 2014 corpus,

169 2024 265 2071 quod
292 2037 387 2060 nunc
414 2026 611 2061 Ecclesiam
638 2037 823 2069 vocamus,
854 2028 1016 2062 instituit:
1046 2036 1078 2062 et
1108 2039 1167 2072 per
1194 2027 1312 2073 legem
1341 2039 1358 2061 a
1378 2030 1435 2061 'se
1478 2028 1587 2062 latam

169 2095 242 2119 non
270 2084 445 2131 disposuit
472 2085 507 2118 in
535 2085 736 2131 particulari
757 2086 799 2120 de
826 2086 1009 2129 omnibus,
1033 2096 1121 2131 quae
1149 2085 1191 2119 ad
1211 2084 1395 2131 spirituale
1422 2086 1587 2132 regimen

169 2144 348 2179 Ecclesiae
377 2145 630 2180 convenientia
658 2156 736 2180 esse
762 2154 940 2191 poterant,
967 2146 1027 2180 sed
1054 2145 1173 2180 solum
1201 2145 1376 2191 quaedam
1416 2147 1586 2181 substan-

169 2204 267 2238 tialia
294 2204 528 2240 fundamenta
553 2206 657 2240 huius
685 2206 876 2251 spiritualis
904 2205 1117 2252 reipublicae
1145 2206 1309 2247 instituit,
1337 2206 1473 2253 reliqua
1500 2218 1585 2242 vero

170 2274 232 2309 per
259 2274 341 2299 suos
369 2264 554 2299 ministros
581 2273 614 2299 et
643 2265 817 2300 ecclesiae
846 2275 1006 2311 pastores
1033 2265 1256 2311 disponenda
1276 2265 1431 2312 reliquit,
1454 2275 1529 2301 tum
1549 2276 1586 2302 ut

169 2324 322 2358 suaviter
341 2332 372 2358 et
393 2324 504 2359 modo
530 2325 738 2359 hominibus
765 2325 1044 2360 accommodato
1073 2326 1194 2359 omnia
1215 2324 1478 2368 ordinarentur,
1508 2334 1584 2360 tum

171 2383 249 2428 quia
277 2394 348 2416 non
378 2393 543 2428 poterant
583 2386 705 2419 omnia
732 2385 767 2419 in
808 2386 1010 2430 particulari
1050 2385 1095 2419 ita
1124 2384 1354 2419 determinari
1394 2396 1431 2420 ut
1469 2395 1588 2420 6556111

170 2441 416 2476 immutabilia.
436 2444 531 2477 Haec
559 2455 643 2490 crgo
673 2445 924 2480 determinatio
952 2445 988 2479 fit
1018 2456 1081 2489 per
1108 2445 1205 2490 leges
1233 2446 1422 2480 canonicas
1443 2454 1475 2480 et
1502 2445 1586 2479 ideo

170 2494 242 2534 tam
271 2499 408 2536 suerunt
434 2503 657 2537 necessariae
698 2505 732 2537 111
758 2504 934 2549 spirituali
960 2503 1140 2549 republica
1168 2504 1360 2546 Ecclesiae,
1401 2505 1491 2539 sicut
1531 2504 1584 2537 ci-

171 2560 256 2594 viles
285 2562 318 2595 in
346 2563 579 2608 temporali.»
610 2563 700 2598 Vide
730 2575 844 2609 super,
874 2575 971 2598 num.
1005 2573 1076 2607 107.
1112 2574 1193 2609 pag.
1223 2573 1301 2608 297.

1689 2569 1731 2784 Α
