1734 2784
671 78 903 120 ,φ-

35 174 40 177 ’
69 177 293 208 ostensum
328 176 389 206 est
423 178 549 220 supra
581 161 667 220 (1),
699 160 885 204 nitur-„ile
920 160 1111 203 hominis
1148 160 1411 205 desiderium
1445 161 1496 206 ad

16 234 20 237 ’
67 235 313 280 felicitatem
336 234 521 278 tendere.
541 233 734 277 Felicitas
761 244 904 276 autem
930 244 993 276 est
1016 233 1165 276 ultima
1189 233 1378 276 hominis
1402 250 1494 292 per-

68 308 207 352 fectio.
228 307 500 364 Cuicumque
519 306 647 363 igitur
665 304 781 349 deest
801 304 960 363 aliquid
978 303 1029 348 ad
1048 304 1370 363 perfectionem,
1387 321 1495 349 non-

68 381 171 425 dum
195 379 319 423 habet
342 378 583 422 felicitatem
608 377 856 435 perfectam,
878 378 976 436 quia
999 376 1195 420 nondum
1219 378 1307 420 eius
1332 377 1496 422 deside-

67 453 179 495 rium
197 451 383 494 totaliter
403 450 630 508 quietatur:
657 465 787 492 omne
806 450 920 492 enim
944 449 1246 506 imperfectum
1268 448 1494 507 perfectio-

66 539 166 567 nem
201 523 402 580 consequi
436 521 681 565 naturaliter
716 522 842 579 cupit.
879 522 1035 564 Anima
1067 533 1211 564 autem
1256 537 1278 565 a
1312 537 1494 580 corpore

67 607 254 654 separata
288 607 351 638 est
386 593 529 651 aliquo
564 593 698 636 modo
740 592 1016 652 imperfecta,
1051 593 1160 636 sicut
1207 595 1349 637 omnis
1398 610 1493 652 pars

67 680 180 711 extra
213 682 341 710 suum
375 677 517 709 totum
552 666 766 718 existens3
803 665 939 707 anima
978 666 1092 708 enim
1135 665 1384 709 naturaliter
1430 679 1494 710 est

66 755 159 798 pars
194 738 405 781 humanae
438 750 627 779 naturae.
664 738 766 780 Non
799 738 929 794 igitur
963 736 1097 780 homo
1121 749 1265 795 potest
1298 737 1492 782 ultimam

64 810 304 855 felicitatem
326 809 543 867 consequi,
561 810 643 851 nisi
668 809 809 851 anima
831 809 980 851 iterato
999 810 1171 866 corpori
1194 810 1491 867 coniungatur,

63 883 310 941 praesertim
346 897 480 940 quum
515 893 738 924 ostensum
775 882 843 938 sit,
876 880 991 938 quod
1041 880 1175 924 homo
1210 883 1253 925 in
1287 882 1364 926 hac
1406 884 1491 928 vita

63 969 150 998 non
185 965 327 1013 potest
351 952 401 996 ad
432 944 678 997 felicitatem
703 952 897 996 ultimam
932 953 1154 1010 pervenire
1187 953 1270 1012 (2).
1291 956 1493 1014 —Item,

63 1027 172 1070 sicut
206 1039 431 1070 ostensum
465 1037 527 1069 est
551 1026 635 1085 (3),
670 1042 718 1068 ex
747 1025 887 1069 divina
917 1025 1185 1084 providentia
1219 1028 1489 1084 peccantibus

64 1114 201 1157 poena
235 1098 410 1142 debetur
443 1111 483 1142 et
514 1098 620 1141 bene
644 1098 866 1155 agentibus
893 1099 1146 1156 praemium.
1171 1099 1218 1142 In
1248 1099 1323 1143 hac
1346 1112 1488 1144 autem

62 1173 146 1214 vita
194 1170 392 1214 homines
442 1187 492 1214 ex
540 1172 681 1213 anima
731 1183 771 1214 et
821 1185 1000 1227 corpore
1050 1172 1280 1229 compositi
1313 1185 1488 1230 peccant

62 1242 129 1286 vel
161 1255 272 1287 recte
306 1255 451 1300 agunt.
488 1242 679 1286 Debetur
713 1243 842 1300 igitur
876 1242 1125 1286 hominibus
1176 1255 1215 1287 et
1250 1244 1487 1289 secundum

61 1316 249 1358 animam
283 1326 323 1358 et
357 1314 595 1359 secundum
631 1330 800 1373 corpus,
836 1315 1075 1372 praemium
1110 1315 1175 1358 vel
1208 1331 1357 1373 poena.
1393 1318 1487 1361 Ma-

61 1385 264 1430 nifestum
299 1399 360 1430 est
395 1399 553 1440 autem,
589 1385 705 1444 quod
739 1387 780 1429 in
815 1386 891 1429 hac
924 1387 1007 1429 vita
1042 1389 1281 1444 praemium
1314 1389 1485 1433 ultimae

64 1457 276 1501 felicitatis
312 1460 516 1516 consequi
540 1474 627 1501 non
653 1470 852 1517 possunt,
877 1475 927 1501 ex
962 1458 1025 1501 his
1060 1475 1164 1517 quae
1199 1473 1298 1503 sunt
1332 1473 1482 1506 osten-

58 1545 102 1572 sa
134 1530 225 1589 (4);
260 1531 479 1575 multoties
514 1532 641 1574 etiam
676 1532 717 1573 in
752 1530 829 1574 hac
853 1532 937 1573 vita
970 1546 1057 1574 non
1093 1533 1343 1589 puniuntur3
1378 1535 1481 1592 quin

58 1603 166 1656 imo,
201 1615 246 1646 ut
280 1602 436 1647 dicitur
469 1603 556 1662 (5),
598 1604 739 1659 Quare
789 1618 876 1661 ergo
912 1605 1027 1661 impii
1076 1606 1245 1658 vivunt,
1281 1606 1484 1651 sublevati

56 1684 151 1720 siml?
173 1675 471 1735 confortatique
505 1676 695 1720 divitiis?
728 1676 1033 1720 Necessarium
1070 1677 1201 1734 igitur
1226 1690 1288 1720 est
1323 1694 1482 1736 ponere

10 1894 14 1898 ·
57 1882 216 1909 versatur
241 1885 281 1908 ac
309 1874 507 1910 violentum
535 1884 600 1918 est,
621 1875 832 1910 diuturnum
853 1887 928 1909 esse
948 1886 1019 1909 non
1043 1884 1175 1921 potest,
1199 1884 1481 1911 consentaneum

58 1933 134 1968 fore
162 1934 312 1978 videtur,
339 1944 376 1970 ut
403 1935 521 1970 denuo
552 1947 633 1970 cum
662 1936 870 1981 corporibus
898 1936 1132 1980 iungantur.»
1164 1935 1260 1970 Tum
1288 1936 1374 1971 duas
1393 1936 1481 1971 alias

6 1993 9 1996 ⁴
57 1995 213 2029 rationes
239 1995 370 2040 pariter
397 1994 542 2030 evolvit.

151 2054 207 2099 (1)
236 2055 287 2090 Ib.
317 2054 337 2089 l.
364 2055 423 2089 III.
451 2067 482 2090 c.
513 2064 567 2098 24.
596 2055 648 2089 Cf.
678 2056 787 2090 etiam
816 2055 947 2090 thesim
976 2057 1021 2092 V.

151 2114 208 2159 (2)
235 2114 328 2150 Hinc
355 2115 452 2150 Beati
483 2114 532 2148 sic
561 2126 578 2148 a
608 2115 738 2149 Dante.
767 2117 848 2150 Par.
877 2116 988 2157 XIV„
1019 2116 1235 2152 inducuntur
1266 2117 1474 2163 loquentes:

330 2185 444 2220 Corne
473 2185 505 2219 la
533 2197 638 2220 carne
666 2186 827 2232 gloriosa
857 2198 875 2221 e
903 2195 1007 2222 santa

423 2234 483 2268 Fia
510 2233 683 2275 rivesffla,
710 2234 741 2268 la
770 2244 891 2270 nostra
918 2246 1073 2280 persona

424 2281 489 2316 Piu
516 2289 615 2325 grata
642 2281 698 2320 fia.
730 2293 790 2328 per
817 2294 912 2317 esser
938 2291 1029 2317 tutta
1056 2291 1198 2330 quanta.

132 2351 206 2396 ,(3)
235 2352 285 2386 Ib.
313 2352 334 2387 l.
363 2353 424 2387 111.
457 2364 483 2387 c.
517 2351 594 2397 136.

148 2411 204 2456 (4)
233 2411 282 2446 Ib.
310 2411 329 2446 l.
361 2412 416 2446 III.
447 2423 478 2445 c.
510 2410 567 2446 26.
597 2420 630 2447 ct
656 2424 751 2459 seqq.
782 2413 838 2449 Cf.
864 2415 973 2449 ctiam
1002 2414 1136 2450 thesim
1165 2416 1209 2451 X.

148 2471 205 2515 (5)
232 2472 308 2506 Iob.
340 2471 436 2505 XXI.
468 2481 497 2515 7.
