1734 2784
711 113 948 154 -71„

112 197 328 241 facultates
362 195 627 254 appetitivas,
663 193 907 238 cuiusmodi
957 207 1019 237 est
1051 193 1265 247 voluntas,
1315 210 1406 237 esse
1440 210 1545 252 pro-

111 269 376 328 portionatas
409 265 674 310 facultatibus
709 265 1046 323 apprehensivis.

228 341 394 384 Verum
427 337 615 394 obiicies,
649 338 944 394 cognitionem
980 337 1086 380 hanc
1119 336 1422 380 abstractivam
1457 352 1545 380 non

111 411 306 456 sufficere
339 411 389 454 ad
422 411 587 454 animae
620 408 943 460 beatitudinem,
980 408 1108 467 idque
1157 408 1315 467 duplici
1363 410 1538 467 potissi-

112 499 235 526 mum
259 482 309 526 de
343 497 478 526 causa.
502 507 560 513 ——-
588 480 666 539 1⁰.)
700 482 872 533 Anima,
893 493 938 523 ut
972 482 1024 523 sit
1057 480 1189 536 beata,
1210 481 1354 523 Deum
1380 497 1540 538 cogno-

109 570 226 598 scere
259 553 383 597 debet
415 569 463 595 ea
496 553 758 609 cognitione,
796 553 913 594 cuius
949 564 1010 594 est
1046 567 1187 609 capax
1223 553 1355 609 Atqui
1388 564 1450 594 est
1475 568 1542 595 ca-

110 641 190 683 pax
237 624 500 682 cognitionis
549 624 785 666 intuitivae.
835 624 966 679 Ergo,
1017 636 1063 665 ut
1112 624 1165 666 sit
1213 623 1344 676 beata,
1397 624 1542 665 Deum

108 695 233 739 debet
266 695 462 738 intuitive
495 693 656 749 videre,
692 710 769 736 nec
804 694 983 751 proinde
1016 693 1229 736 sufficiens
1280 695 1317 736 ei
1361 706 1423 736 est
1458 709 1535 736 co·-

107 767 245 823 gnitio
279 766 523 809 discursiva.
559 766 610 808 Et
644 781 742 808 sane
778 767 854 820 2⁰.)
889 765 1029 807 anima
1077 777 1357 822 cognosceret
1405 764 1541 806 intui-

108 838 274 880 tionem
308 837 391 880 Dei
423 852 514 880 esse
565 835 791 879 meliorem
842 848 881 878 et
916 835 1183 894 possibilem,
1220 848 1342 893 atque
1395 850 1543 878 conse-

108 921 290 966 quenter
321 909 536 951 visionem
586 908 667 950 Dei
702 919 931 965 appeteret.
967 932 1023 939 —
1065 906 1325 964 Respondeo
1359 906 1409 949 ad
1449 906 1541 963 1¹¹¹.)

109 979 227 1038 quod
261 980 403 1022 anima
436 992 482 1022 ut
515 980 569 1021 sit
603 978 722 1021 beata
755 979 942 1021 ntztlirali
972 977 1250 1034 beatitudine,
1283 980 1427 1021 Deum
1461 993 1540 1020 co-

108 1066 317 1109 gnoscere
352 1050 473 1094 debet
508 1067 554 1093 ea
590 1050 851 1106 cognitione,
888 1050 1007 1092 cuius
1043 1062 1104 1092 est
1128 1049 1368 1092 naturaliter
1390 1065 1534 1106 capax,

109 1139 182 1166 seu
216 1122 267 1166 ad
291 1137 421 1180 quam
445 1121 566 1165 habet
591 1121 825 1164 naturalem
850 1123 1069 1177 exigentiae
1094 1120 1290 1163 ordinem
1310 1122 1382 1179 (t).
1408 1121 1539 1178 Atqui

109 1210 196 1237 non
230 1193 354 1236 habet
386 1192 621 1236 naturalem
657 1193 854 1235 ordinem
889 1193 1123 1249 exigentiae
1157 1193 1206 1235 ad
1229 1194 1443 1235 visionem
1466 1193 1535 1235 in—

108 1266 332 1308 tuitivam:
383 1265 456 1308 sed
503 1264 554 1307 ad
604 1264 710 1306 hanc
761 1265 1058 1307 immediatam
1109 1266 1189 1307 Dei
1245 1265 1542 1321 cognitionem

109 1336 233 1380 habet
264 1335 574 1379 tantummodo
610 1337 847 1393 potentiam
882 1352 955 1378 seu
991 1337 1263 1393 capacitatem
1297 1336 1539 1378 ohedientia-

106 1408 197 1463 Iem,
232 1409 256 1450 i.
292 1423 325 1451 e.
363 1408 638 1465 capacitatem
690 1407 813 1450 habet
863 1407 1093 1465 recipiendi
1129 1424 1148 1450 a
1183 1409 1280 1450 Deo
1328 1408 1531 1450 virtutem

105 1478 475 1536 supernaturalem
510 1477 673 1533 (lumen
708 1478 903 1535 gloriae),
931 1495 1004 1535 per
1028 1495 1153 1536 quam
1192 1492 1341 1536 potens
1380 1478 1450 1520 fiat
1484 1477 1534 1520 ad

106 1549 421 1607 assurgendum
472 1549 522 1592 ad
573 1550 851 1592 intuitionem
901 1551 997 1602 Dei,
1048 1565 1153 1606 quae
1202 1550 1287 1591 vim
1338 1548 1536 1591 naturalis

106 1619 410 1677 intelligentiae
443 1621 621 1664 excedit.
658 1620 917 1678 Respondeo
953 1620 1002 1664 ad
1039 1622 1131 1676 2.¹¹¹)
1166 1621 1283 1678 quod
1316 1621 1470 1672 anima,
1495 1620 1530 1661 si

106 1704 389 1748 cognosceret
422 1693 700 1735 intuitionem
737 1693 817 1735 Dei
853 1708 942 1734 esse
994 1691 1262 1750 possibilem,
1313 1691 1442 1733 simul
1474 1692 1534 1733 vi-

107 1763 224 1807 deret
259 1778 354 1806 eam
387 1779 477 1806 esse
511 1764 878 1821 supernaturalem
916 1777 955 1806 et
989 1764 1106 1806 nullo
1158 1763 1290 1806 modo
1335 1763 1536 1806 debitam:

105 1849 151 1878 ac
169 1835 348 1892 proinde
371 1851 464 1878 eam
506 1851 644 1893 neque
668 1849 885 1893 appeteret
910 1838 1097 1893 appetitu
1123 1837 1320 1892 naturali,
1339 1849 1383 1878 ut
1406 1847 1532 1893 patet,

103 1921 242 1962 neque
275 1919 491 1964 appeteret
525 1908 712 1965 appetitu
748 1908 889 1959 elicito,
922 1908 1019 1965 quia
1043 1908 1134 1951 talis
1169 1909 1397 1966 appetitus,
1430 1920 1539 1950 esset

104 1978 370 2021 inordinatus
405 1991 445 2022 et
479 1980 521 2021 in
554 1980 709 2032 anima,
745 1995 851 2036 quae
886 1992 948 2022 est
982 1981 1021 2022 in
1056 1981 1242 2022 termino
1267 1980 1399 2036 beata,
1424 1981 1537 2021 inor-

105 2049 266 2093 dinatio
316 2066 406 2093 esse
455 2053 615 2109 nequit.
660 2078 717 2082 -—
753 2053 880 2104 Quae
932 2064 975 2093 ut
1025 2051 1173 2093 elarius
1224 2051 1530 2107 intelligantur,

104 2120 259 2164 iuverit
307 2122 640 2165 animadvertere
677 2123 777 2165 liaec
827 2124 929 2165 tria:
978 2125 1014 2180 α)
1065 2136 1303 2166 creaturam
1354 2124 1533 2165 rationa-

102 2190 187 2234 lem
221 2208 309 2235 non
343 2209 434 2236 esse
468 2194 715 2237 naturaliter
760 2196 837 2237 nisi
885 2211 1052 2237 servam
1088 2197 1194 2238 Dei:
1231 2199 1270 2252 ἐ)
1305 2195 1531 2252 perfectio-

102 2277 201 2306 nem
236 2265 415 2307 visionis
451 2266 531 2308 Dei
566 2266 838 2309 immediatae
883 2266 1007 2309 talem
1062 2282 1152 2309 esse
1202 2282 1246 2308 ac
1280 2280 1453 2322 tantam,
1488 2279 1532 2308 ut

112 2351 132 2373 «
166 2333 248 2376 hoc
282 2335 375 2392 ipso
409 2336 558 2379 videns
595 2338 635 2379 in
671 2338 955 2380 arctissimam
1006 2339 1233 2380 amicitiam
1289 2352 1328 2382 et
1364 2338 1538 2381 familia-

202 2518 258 2562 (1)
286 2518 380 2552 Vide
407 2531 503 2553 mun
540 2530 588 2563 17.
617 2529 792 2565 punctum
822 2521 875 2561 H„
906 2521 964 2555 ubi
995 2521 1164 2554 nimirum
1197 2521 1423 2556 distinximus
1445 2522 1537 2557 inter

105 2576 272 2611 ordinem
299 2588 418 2612 merae
446 2579 654 2624 capacitatis
681 2588 714 2613 et
742 2580 909 2614 ordinem
940 2581 1084 2614 strictae
1112 2581 1325 2627 exigentiae.
