1734 2784
754 124 1016 164 —166—

177 217 394 261 secundum
426 216 522 274 qnid
553 229 593 259 et
624 231 714 259 cnm
745 215 897 259 addito.
933 216 1022 269 Qui
1058 214 1242 273 aliquam
1276 216 1494 259 scientiam
1518 228 1599 260 auti

178 301 310 332 artem
344 287 500 341 calleat,
535 301 637 345 puta
668 286 986 344 philosophiam
1020 300 1090 330 aut
1122 288 1348 344 picturam,
1376 288 1408 330 is
1433 287 1587 331 dicitur

178 360 351 417 quidem
384 359 535 415 bonus,
568 359 641 402 sed
673 374 763 402 cum
799 358 953 414 addito,
1001 374 1157 416 nempe
1206 358 1344 402 bonus
1393 358 1599 417 philoso-

180 432 307 488 phus,
342 430 479 473 bonus
524 431 678 487 pictor:
723 430 842 482 item,
891 430 961 486 qui
1005 430 1091 472 acie
1139 429 1374 473 intellectus
1414 428 1590 487 polleat,

178 502 243 545 vel
277 503 426 545 mitem
458 518 480 544 a
510 515 658 545 natura
689 501 952 544 voluntatem
989 501 1042 543 sit
1075 502 1271 555 sortitus,
1298 502 1332 543 is
1356 500 1594 559 appellatur

179 574 351 631 quidem
386 573 536 626 bonus,
570 572 643 616 sed
676 588 765 616 cum
798 572 950 625 addito,
998 587 1153 629 nempe
1201 573 1263 615 vir
1295 571 1397 614 boni
1432 572 1593 629 ingenii

177 645 243 689 vel
275 645 410 688 bonae
441 645 608 688 indolis.
653 646 684 687 E
719 660 926 687 converso
975 659 1062 687 non
1106 643 1280 701 quidem
1329 643 1468 686 bonus
1501 659 1591 687 cum

181 717 335 773 addito,
352 716 425 759 sed
449 716 586 759 bonus
605 716 672 759 vel
695 729 832 759 rectus
855 716 1085 773 simpliciter
1114 728 1288 758 vocatur
1311 715 1394 769 ille,
1414 716 1486 773 qui
1519 730 1589 758 eas

181 800 309 845 ponat
341 788 526 830 actiones
560 786 777 830 reverendi
812 787 956 829 Deum
980 798 1074 841 etc„
1100 802 1203 843 quas
1238 785 1372 829 modo
1408 801 1589 828 enume-

181 857 388 915 rabamus,
422 874 613 916 quaeque
646 857 694 900 ab
729 856 929 899 omnibus
964 856 1170 899 habentur
1194 870 1412 914 tamquam
1446 872 1601 899 mora-⁷

178 930 272 973 liter
304 929 450 973 bonae.
485 931 598 972 Hinc
630 942 773 972 autem
812 930 1052 986 generiem]
1101 928 1298 971 bonitatis
1332 944 1378 971 ac
1412 928 1604 971 malitiae·

180 1002 354 1045 moralis
386 1003 610 1045 notionem
644 1017 789 1045 eruere
822 1016 1072 1058 possumus,
1116 1013 1364 1053 statuente5‚
1392 999 1599 1042 moralem

180 1073 415 1117 bonitatem
449 1090 541 1117 esse
564 1073 679 1116 illam
703 1073 947 1130 qualitatem
982 1074 1104 1115 certis
1140 1072 1338 1114 humanis
1363 1070 1598 1114 actionibus

180 1146 485 1200 inhaerentem,
520 1163 601 1204 qua
633 1145 694 1202 fit,
727 1158 773 1188 ut
806 1146 955 1202 homo,
989 1146 1062 1203 qui
1112 1160 1179 1188 eas
1213 1145 1401 1187 actiones
1436 1144 1598 1201 posuit,

183 1218 338 1276 dignus
372 1220 445 1271 sit,
481 1232 526 1261 ut
559 1231 731 1261 vocetur
766 1217 902 1260 bonus
952 1230 1077 1274 atque
1112 1229 1252 1259 rectus
1302 1216 1391 1258 sine
1439 1214 1599 1268 addito,

183 1289 376 1333 videlicet
407 1305 488 1347 qua
523 1290 635 1332 homo
669 1298 756 1332 est:
790 1302 829 1332 et
863 1306 883 1331 e
918 1289 1127 1331 contrario
1154 1286 1359 1330 malitiam
1383 1286 1588 1329 moralem

182 1377 274 1405 esse
306 1361 409 1404 illud
442 1361 601 1418 aliquid
650 1362 772 1403 certis
820 1360 1018 1402 humanis
1065 1358 1302 1402 actionibus
1349 1358 1589 1410 inhaerens,

183 1448 269 1490 quo
301 1432 362 1490 fit,
386 1445 430 1475 ut
454 1432 589 1475 homo
622 1432 702 1488 ille,
726 1432 797 1489 qui
831 1447 898 1474 eas
933 1432 1117 1473 actiones
1152 1431 1309 1487 posuit,
1334 1429 1487 1486 dignus
1521 1430 1590 1486 sit,

184 1517 231 1548 ut
263 1505 423 1548 dicatur
455 1504 591 1546 malus
623 1503 872 1561 simpliciter
905 1516 944 1545 et
978 1503 1069 1544 sine
1102 1500 1260 1554 addito,
1293 1500 1486 1543 videlicet
1509 1515 1598 1558 qna<

183 1577 297 1620 homo
331 1586 399 1621 cst.

305 1663 371 1704 59.
406 1650 521 1691 Haec
554 1649 674 1691 notio
708 1646 956 1690 moralitatis
1004 1657 1066 1689 est
1111 1644 1287 1702 quidem
1339 1642 1607 1693 incompleta

183 1720 343 1778 (neque
377 1721 491 1763 enim
525 1719 602 1761 alia
634 1720 678 1761 in
711 1719 806 1775 ipso
851 1717 1112 1760 tractationis
1163 1714 1339 1758 exordio
1373 1713 1480 1756 tradi
1513 1729 1602 1770 po-

183 1791 287 1849 test)
319 1803 443 1848 atque
476 1789 524 1832 ab
558 1789 721 1842 effectu:
756 1788 829 1832 sed
862 1800 925 1831 est
968 1800 1061 1831 tum
1117 1802 1232 1842 vera,
1272 1798 1365 1828 tum
1413 1783 1599 1841 generali

186 1863 327 1921 aliquo
362 1861 495 1905 modo
528 1861 741 1904 sufficiens
789 1860 840 1904 ad
885 1873 1001 1903 actus
1050 1857 1234 1901 morales
1269 1873 1290 1899 a
1323 1858 1471 1900 ceteris
1506 1871 1601 1898 om-

184 1934 308 1978 nibus
342 1932 684 1990 distinguendos,
717 1948 856 1990 neque
906 1930 953 1973 ab
987 1930 1082 1983 illis,
1124 1928 1380 1987 quibuscum
1432 1927 1609 1984 discep-

185 2005 363 2049 tandum
395 2018 469 2058 est,
503 2005 644 2061 negari
679 2016 749 2046 aut
783 2005 825 2046 in
855 2002 1032 2046 dubium
1058 2002 1246 2044 revocari
1270 2012 1428 2057 potest,
1452 2011 1610 2056 utpote

186 2095 294 2138 quae
341 2094 391 2121 ex
437 2077 659 2119 communi
706 2075 936 2118 hominum
987 2072 1256 2130 concipiendi
1308 2070 1598 2129 loquendique

190 2149 324 2193 modo
357 2148 549 2192 deducta.
599 2147 827 2204 Completa
875 2158 1015 2188 autem
1069 2143 1318 2186 moralitatis
1366 2142 1487 2184 notio
1521 2142 1602 2183 erit

189 2221 350 2265 fructus
393 2220 519 2263 huius
565 2219 838 2274 tractationis,
882 2232 986 2275 quae
1032 2231 1083 2258 eo
1122 2214 1293 2258 tandem
1336 2225 1510 2270 spectat,
1558 2224 1604 2254 ut

191 2294 385 2335 intimam
418 2290 631 2349 qualitatis
665 2289 805 2342 huius,
840 2303 968 2346 quam
992 2286 1277 2330 moralitatem
1301 2285 1498 2339 dicimus,
1523 2299 1612 2326 na-

190 2376 330 2407 turam
362 2374 665 2421 perscrutetur.

311 2437 380 2478 60.
418 2435 547 2477 Hisce
579 2433 839 2491 praemissis,
874 2447 925 2474 en
958 2432 1248 2489 quaestiones,
1297 2444 1400 2487 quas
1448 2427 1530 2470 hoc
1561 2428 1609 2470 in·

193 2507 326 2565 capite
358 2506 582 2564 praecipue
614 2503 964 2562 pertractabimus
998 2527 1054 2535 —
1089 2501 1139 2545 de
1172 2501 1394 2544 existentia
1426 2497 1612 2541 morali·
