1734 2784
682 123 948 168 —127—

101 207 291 257 tati.'Ad
324 208 666 269 priorem'quod
698 209 860 262 attinet,
895 223 960 251 res
994 219 1057 250 est
1092 207 1225 250 'nimis
1276 206 1527 251 manifesta:

102 299 195 328 eam
220 298 272 326 ne
295 281 536 326 Manichaei
560 279 737 339 quidem
761 278 1017 337 reiiciebant,
1042 280 1114 337 qui
1135 279 1293 323 scilicet
1316 279 1528 324 humanae

101 353 314 399 voluntati
348 352 612 410 denegabant
644 351 883 395 libertatem
917 366 1004 395 non
1038 350 1214 410 quidem
1237 368 1259 395 a
1295 354 1529 408 coactione,

102 425 175 471 sed
207 442 229 469 a
260 426 526 469 necessitate.
560 427 615 469 At
647 426 821 483 insuper
853 425 1059 468 voluntati
1105 425 1314 483 competit
1362 425 1538 470 libertas·

102 497 424 542 indifferentiae.

220 570 342 612 Hanc
357 568 594 612 libertatern
614 569 690 628 15²)
710 569 880 627 propria
904 569 1137 627 unicuique
1162 570 1347 614 ostendit
1367 572 1531 616 interna

101 643 373 701 experientia.
401 641 567 698 «Nam,
600 653 646 684 ut
680 640 787 684 bene
827 641 882 684 ait
918 641 1108 684 Becanus
1143 641 1228 700 (Ι),
1277 643 1457 702 quisque
1490 646 1531 687 in

102 730 146 758 se
179 715 408 773 experitur,
448 713 565 772 quod
599 729 678 772 pro
713 713 912 757 arbitratu
948 730 1026 758 suo
1060 716 1195 773 possit
1238 731 1413 773 surgere
1461 729 1531 760 aut

102 785 265 839 sedere,
301 785 513 829 ambulare
547 798 617 829 aut
652 786 885 844 quiescere,
920 799 1056 830 tacere
1090 799 1160 830 aut
1204 787 1355 846 loqui,
1389 805 1531 832 emere

101 871 172 902 aut
204 873 292 902 non
326 874 480 903 emere.
517 859 632 902 Haec
666 858 922 916 experientia
957 871 1044 902 tam
1079 872 1193 903 certa
1240 872 1303 903 est
1352 872 1397 903 ut
1445 876 1533 905 non

101 932 154 974 sit
186 946 295 989 opus
330 930 411 974 alio
445 942 704 988 argumento
739 930 788 973 ad
823 929 1087 988 probandam
1124 931 1286 975 arbitrii
1319 934 1455 976 nostri
1485 933 1532 976 li-

100 1001 318 1046 bertatem.
354 1002 479 1046 Unde
513 1014 623 1046 recte
658 1001 763 1045 dixit
808 1003 962 1046 Scotus
986 1039 996 1056 ,
1046 1019 1133 1047 non
1177 1004 1413 1048 rationibus
1459 1006 1532 1049 sed

102 1073 354 1118 cruciatibus
389 1074 604 1132 agendum
638 1090 729 1118 esse
763 1087 909 1118 contra
953 1088 1152 1132 negantes
1202 1075 1383 1119 liberum
1417 1076 1531 1121 arbi-

101 1147 246 1190 trium.
285 1146 474 1190 Tamdiu
509 1148 623 1190 enim
678 1147 925 1191 verberibus
976 1147 1171 1205 pulsandi
1207 1162 1363 1206 essent,
1397 1148 1533 1193 donec

102 1218 409 1263 confiterentur
441 1220 483 1261 in
516 1233 660 1263 nostra
695 1232 903 1278 potestate
937 1236 1063 1277 esse,
1099 1236 1171 1264 eos
1218 1236 1303 1265 non
1347 1222 1532 1281 amplius

196 1417 249 1463 (1)
278 1418 331 1452 De
359 1418 476 1453 beatit.
507 1427 541 1452 et
566 1427 634 1452 act.
661 1417 760 1453 hum.
792 1430 817 1452 c.
848 1419 891 1453 ll.
924 1432 953 1465 q.
984 1420 1043 1455 IX.
1074 1420 1201 1455 Cicero
1245 1420 1279 1455 in
1309 1420 1417 1455 Tusc.
1442 1421 1530 1468 disp.

100 1478 162 1513 ait:
195 1478 342 1514 «Sentit
370 1479 512 1513 animus
539 1490 576 1513 se
603 1480 751 1522 moveri,
780 1480 874 1526 quod
903 1492 985 1514 cum
1014 1481 1132 1523 sentit,
1154 1481 1239 1515 illud
1267 1493 1335 1516 una
1364 1483 1470 1518 sentit
1489 1494 1526 1517 se

100 1538 135 1572 vi
161 1549 223 1572 sua
249 1543 301 1580 (sc
328 1537 588 1573 determinante
616 1538 659 1572 ad
687 1540 826 1583 actum)
854 1552 928 1573 non
958 1540 1075 1575 aliena
1095 1541 1248 1575 moveri.
1268 1556 1285 1573 »
1316 1542 1417 1576 idem
1437 1542 1528 1577 Tul-

101 1595 178 1645 lius‚
208 1600 243 1633 in
270 1598 333 1634 lib.
364 1597 406 1633 de
444 1598 577 1633 divinat
619 1609 651 1634 et
678 1599 713 1632 in
741 1599 800 1634 lib.
831 1600 872 1634 de
912 1610 980 1635 nat.
1011 1602 1137 1638 Deos„
1171 1601 1214 1635 ad
1256 1600 1522 1636 defendendam

102 1661 306 1696 libertatem
334 1659 514 1693 humanae
541 1659 748 1697 voluntatis,
777 1671 883 1704 quam
911 1659 967 1693 vel
997 1660 1073 1705 ipsa
1102 1661 1325 1707 experientia
1345 1661 1431 1696 vidit
1452 1673 1528 1696 esse

99 1721 208 1754 nimis
235 1718 440 1754 evidentem
467 1729 507 1751 ac
536 1718 659 1763 negari
678 1718 882 1753 nullatenus
910 1730 1030 1764 posse,
1052 1720 1196 1765 negavit
1224 1720 1346 1765 potius
1365 1721 1523 1755 divinam

101 1781 144 1815 de
170 1778 296 1815 futuris
323 1778 445 1814 liberis
474 1778 675 1813 actionibus
704 1779 1004 1824 praescientiam:
1030 1778 1123 1813 hanc
1169 1779 1306 1815 scilicet
1344 1779 1530 1815 existima-

99 1840 149 1874 vit
175 1849 336 1886 pugnare
362 1849 442 1872 cum
469 1837 626 1872 humana
647 1838 820 1872 libertate.
851 1839 942 1872 Hinc
962 1839 1004 1872 de
1024 1838 1146 1873 Tullio
1176 1840 1221 1873 ait
1245 1851 1271 1873 s.
1289 1840 1528 1885 Augustinus,

102 1898 144 1933 de
164 1900 234 1933 civ.
252 1899 322 1933 Dei
349 1897 371 1932 l.
389 1897 431 1932 V.
457 1909 487 1932 e.
509 1909 559 1944 9.:
585 1898 679 1939 «Ita,
710 1898 794 1931 dum
823 1898 896 1932 vult
925 1897 1038 1932 faeere
1066 1899 1273 1944 (homines)
1302 1899 1432 1942 liberos,
1453 1898 1535 1935 fecit

99 1958 288 2004 sacrilegos.
310 1971 327 1990 »
355 1958 403 1992 At
430 1968 555 1994 neutra
582 1958 712 1991 veritas
741 1958 902 2003 neganda
932 1967 995 1992 est:
1041 1958 1271 2005 «religiosus
1312 1960 1465 2003 animus,
1496 1968 1533 1994 ut

100 2017 196 2052 idem
225 2018 339 2063 pergit
366 2029 392 2051 s.
422 2017 572 2056 Doctor,
601 2026 791 2063 utrumque
833 2018 942 2063 eligit,
972 2028 1167 2065 utrumque
1208 2019 1412 2054 confitetur.
1433 2034 1449 2052 >)
1492 2021 1533 2055 Et

102 2087 186 2112 sane
213 2089 255 2111 ex
283 2076 400 2111 divina
439 2078 672 2123 praescientia
701 2077 788 2111 nihil
818 2078 964 2123 periculi
994 2078 1160 2112 imminet
1188 2088 1328 2114 creatae
1358 2080 1526 2114 libertati:

101 2135 277 2182 siquidem
305 2135 423 2170 divina
453 2137 631 2181 praevisio
660 2148 733 2170 non
763 2135 867 2171 insert
897 2138 1078 2172 voluntati
1106 2139 1363 2173 necessitatem
1407 2144 1532 2173 antece-

100 2193 241 2238 dentem,
270 2195 330 2229 sed
357 2201 613 2242 consequentem,
643 2197 828 2241 supposita
857 2197 968 2232 libera
998 2197 1179 2232 electione
1208 2198 1420 2241 voluntatis,
1448 2199 1482 2233 h.
1500 2213 1530 2233 e.

102 2265 182 2289 eam
207 2255 470 2297 necessitatem,
501 2267 607 2302 qnam
634 2255 740 2290 insert
771 2257 900 2291 electio
929 2258 1005 2302 ipsa
1046 2257 1263 2292 voluntatis.
1291 2273 1306 2287 «
1325 2258 1409 2292 Non
1448 2269 1534 2304 pro-

102 2323 235 2360 pterea,
265 2314 354 2349 dixit
373 2314 566 2361 Origenes,
589 2315 623 2348 in
645 2315 744 2361 epist.
778 2316 819 2349 ad
849 2317 972 2356 Rom.‚
996 2316 1130 2363 aliquid
1151 2318 1228 2359 erit,
1248 2317 1330 2363 quia
1351 2318 1417 2351 scit
1435 2317 1534 2351 Deus

102 2371 273 2414 futurum,
301 2372 361 2407 sed
389 2374 469 2419 quia
499 2374 658 2408 futurum
687 2384 751 2416 est,
782 2374 860 2409 ideo
890 2375 1000 2409 scitur
1029 2388 1047 2409 a
1088 2377 1169 2409 Deo
1203 2385 1395 2421 antequam
1424 2376 1495 2411 fiat.
1514 2390 1531 2409 »

102 2431 200 2466 Haec
225 2419 384 2467 innuisse
410 2432 576 2467 sufficiat:
606 2432 648 2466 de
675 2432 741 2467 liae
769 2435 864 2468 enim
894 2435 1103 2480 quaestione
1126 2435 1242 2479 agitur
1262 2435 1298 2469 in
1319 2435 1527 2481 'l'lieologia

101 2491 267 2529 naturali.
295 2492 387 2527 Vide
416 2504 455 2526 ea
484 2504 574 2538 quae
613 2493 812 2538 Taparelli⁷
855 2495 971 2539 saggio
1000 2500 1087 2529 teor.
1132 2494 1267 2529 dissert.
1302 2507 1328 2529 1.
1369 2506 1441 2541 cap.
1472 2495 1530 2530 III.

102 2559 187 2586 nota
218 2560 284 2594 14,
313 2551 420 2586 habet
447 2551 491 2585 de
518 2552 737 2593 discrimine,
768 2552 864 2599 quod
893 2554 1080 2588 intercedit
1102 2554 1192 2588 inter
1210 2554 1296 2588 haec
1316 2554 1398 2597 duo,
1419 2555 1522 2589 obie-

103 2611 261 2646 ctionem
287 2611 518 2647 insolubilem
545 2622 579 2648 et
607 2613 855 2660 quaestionem
884 2613 1132 2650 insolubilem.
