1734 2784
752 106 1017 158 „450-

268 211 298 234 2.
326 200 532 244 Conceptus
572 199 656 232 boni
700 199 735 232 in
774 209 919 244 genere:
956 217 999 223 —
1029 195 1191 231 definitio
1234 197 1477 241 Aristotelica‚

363 258 447 304 qnod
473 258 585 291 onmia
615 263 792 303 appetunt.
819 277 863 283 —
890 257 989 298 Quid
1016 257 1153 290 bonum
1180 256 1287 291 finale
1305 268 1367 292 seu
1386 257 1478 301 finis,

361 318 443 363 quid
471 318 607 351 bonum
635 316 720 350 utile
765 327 826 351 seu
865 316 1038 350 medium.
1072 337 1102 341 --
1134 316 1278 351 Divisio
1318 316 1401 351 finis
1440 317 1475 351 in

360 375 628 408 non-ultimum
657 382 690 408 et
719 374 903 409 ultimum.
924 395 967 399 -—
996 374 1092 408 Finis
1118 373 1372 409 non-ultimus
1398 376 1479 410 sub-

361 435 525 469 dividitur
552 436 584 468 in
616 435 823 480 proximum
851 443 885 469 et
912 443 1093 469 remotum
1120 446 1182 469 seu
1209 435 1475 471 intermedium.

361 513 401 518 —
432 494 526 527 Finis
553 494 668 528 ultimi
698 494 894 528 subdivisio
916 496 950 528 in
973 493 1141 528 ultimum
1171 494 1368 528 secundum
1396 494 1479 541 quid

361 562 392 588 et
420 554 589 588 ultimum
617 554 840 599 simpliciter.
860 574 905 579 —
924 553 1133 599 Adaequata
1162 553 1243 588 finis
1270 553 1479 600 simpliciter

362 615 477 648 ultimi
506 615 621 648 notio:
647 616 705 661 qui
734 626 807 649 non
829 624 879 648 est
900 614 1012 660 gratia
1032 613 1177 648 alterius
1196 624 1229 649 et
1248 615 1348 649 cuius
1366 614 1481 660 gratia

360 683 438 707 sunt
470 682 589 708 cetera
616 675 751 708 omnia.
782 695 817 699 -—
849 675 954 708 Ratio
994 672 1074 708 finis
1114 674 1322 720 simpliciter
1360 674 1480 708 ultimi

363 732 487 778 nequit
515 733 673 777 pluribus
701 732 851 766 seorsim
879 733 984 766 bonis
1013 732 1208 778 adaequate
1237 740 1270 766 et
1290 744 1331 766 ex
1349 732 1399 766 rei
1418 742 1479 766 ve-

364 791 467 825 ritate
493 801 710 837 competere.
741 813 772 816 -
811 790 910 833 Quid
949 791 1172 838 intelligatur
1210 791 1359 825 nomine
1399 790 1480 825 finis

363 851 417 885 cm?
444 860 476 884 et
504 851 582 885 finis
611 851 677 897 qui:
709 871 751 876 -
779 851 813 884 in
842 850 912 885 fine
940 852 996 897 qui
1021 850 1151 896 duplex
1177 851 1267 885 ratio
1303 850 1477 896 distingui

358 910 473 944 debet:
504 910 682 944 obiectiva
710 919 742 944 et
772 909 947 944 formalis.
1011 938 1017 944 .
1079 938 1494 944 ........

268 980 296 1013 3.
325 969 568 1011 Quaestiones
595 970 665 1003 hoc
694 970 729 1003 in
757 969 909 1003 articulo
937 968 1220 1014 pertractandae.

173 1037 349 1082 Thesis
381 1040 413 1082 I.
449 1065 504 1072 —-
539 1039 613 1082 Est
637 1039 744 1096 finis,
766 1039 821 1082 ad
843 1055 960 1097 quem
982 1039 1096 1083 Dens
1121 1039 1321 1082 hominem
1343 1039 1476 1082 alias-

350 1126 421 1168 que
453 1119 661 1154 creaturas
693 1111 870 1154 ordinat.

266 1203 297 1234 4.
324 1194 634 1228 Praenotiones.
653 1214 696 1219 —
715 1193 885 1228 Ordinari
904 1194 938 1227 in
960 1194 1068 1228 finem
1089 1203 1141 1228 est
1160 1193 1334 1239 perfectio
1366 1193 1479 1228 mixta

362 1253 483 1287 dicens
512 1253 804 1298 dependentiam:
832 1274 865 1278 -—
897 1265 971 1287 non
1001 1254 1087 1288 item
1115 1252 1280 1287 ordinare
1301 1253 1336 1286 in
1357 1252 1478 1287 finem.

360 1331 406 1337 --
434 1312 624 1355 Quasnam
651 1313 817 1346 veritates
844 1323 886 1346 ex
912 1312 1119 1357 Tlieologia
1156 1311 1308 1346 naturali
1347 1322 1481 1357 suppo-

302 1406 304 1409 >
364 1372 493 1405 nimus.
568 1398 1473 1406 ................

271 1439 298 1473 5.
326 1431 633 1465 Demonstratio
661 1451 703 1455 -ἡ
731 1442 772 1464 ex
799 1431 867 1464 Dei
895 1431 1066 1476 sapientia
1097 1450 1140 1456 —
1170 1441 1212 1464 ex
1237 1430 1395 1464 hominis
1423 1429 1476 1463 in-

358 1499 411 1524 ter
438 1490 596 1524 visibiles
640 1499 816 1524 creaturas
855 1490 1072 1535 praestantia
1117 1509 1154 1515 -
1195 1501 1237 1524 ex
1276 1489 1471 1535 principio:

359 1561 469 1584 omne
496 1560 606 1595 agens
634 1549 707 1596 agit
736 1558 880 1595 propter
908 1550 1027 1584 finem.
1103 1576 1466 1585 .......

164 1622 355 1666 ‘Thesis
379 1622 435 1665 H.
471 1646 529 1653 ——
562 1621 677 1665 Finis
711 1635 785 1664 CUt
826 1621 993 1664 ultimus
1040 1622 1213 1665 hominis
1260 1635 1474 1679 rerumque

351 1696 532 1736 omnium
564 1702 620 1736 est
656 1693 811 1736 bonitas
850 1693 1030 1752 infinita·

268 1775 300 1810 6.
328 1777 637 1810 Praenotiones.
659 1795 700 1800 -—
737 1776 883 1820 Duplex
903 1774 1157 1821 distinguenda
1178 1775 1350 1822 quaestio:
1375 1795 1417 1799 -
1438 1773 1481 1808 de

362 1835 431 1869 fine
458 1836 511 1869 cni
536 1835 677 1877 ultimo,
706 1834 747 1869 de
775 1835 846 1869 fine
873 1836 930 1881 qui
956 1835 1096 1870 ultimo.
1124 1855 1168 1861 —
1196 1834 1398 1877 Quomodo
1427 1833 1477 1867 di·

362 1895 445 1928 vina
472 1895 614 1929 bonitas
642 1894 707 1928 hac
736 1896 771 1928 in
798 1894 890 1928 thesi
919 1895 1116 1940 accipiatur
1119 1921 1473 1929 .......

271 1965 301 1999 7.
329 1955 634 1989 Demonstratio
671 1974 714 1980 —-
744 1966 785 1988 ex
813 1966 855 1989 eo
885 1954 980 2000 quod
1020 1955 1109 1989 ratio
1152 1953 1234 1988 finis
1274 1953 1392 1987 ultimi
1426 1961 1480 1988 est

366 2012 541 2059 perfectio
569 2013 734 2059 simplex:
764 2033 808 2039 ——
835 2014 916 2059 quia
942 2015 1042 2048 Deus
1068 2022 1120 2048 est
1149 2024 1213 2047 ens
1239 2023 1382 2046 summe
1407 2012 1479 2046 bo-

362 2084 464 2114 num,
493 2084 562 2118 quo
591 2072 704 2106 maius
743 2073 800 2107 vel
839 2073 967 2106 melius
1003 2072 1157 2119 cogitari
1191 2072 1325 2117 nequit,
1361 2071 1480 2105 omnis

362 2132 448 2165 boni
475 2133 624 2166 bonum:
655 2151 697 2157 --
725 2131 957 2166 confirmatio
985 2132 1028 2165 ab
1056 2130 1226 2165 absurdo.

273 2190 304 2224 8.
335 2191 544 2226 Scholion.
574 2212 612 2216 —-
647 2202 671 2225 1.
689 2191 905 2233 Necessitas,
933 2203 1039 2238 quam
1065 2191 1102 2224 in
1130 2191 1209 2225 Deo
1236 2190 1361 2224 omnia
1380 2189 1422 2224 ad
1441 2200 1480 2224 se

364 2249 551 2284 ordinante
569 2250 807 2295 concipimus,
827 2262 902 2284 non
930 2259 981 2284 est
1008 2249 1174 2284 absoluta
1196 2258 1230 2284 et
1249 2248 1479 2291 antecedens,

363 2310 424 2343 sed
451 2310 686 2355 hypothetica
714 2318 748 2344 et
774 2320 1011 2356 consequens:
1038 2329 1082 2335 -
1109 2321 1185 2344 non
1213 2309 1326 2343 oritur
1351 2309 1393 2342 ab
1422 2319 1482 2342 ex-

362 2369 530 2410 trinseco,
558 2368 617 2403 sed
656 2368 800 2414 profluit
827 2369 869 2403 ab
897 2369 1105 2403 intrinseco.
1131 2388 1176 2394 -
1203 2378 1235 2402 2.
1253 2367 1382 2402 Utrum
1413 2366 1480 2401 dici

365 2437 468 2473 queat
496 2427 653 2462 divinam
680 2428 882 2462 bonitatem
901 2439 980 2463 esse
1000 2439 1144 2462 causam
1163 2426 1312 2461 finalem
1339 2425 1480 2460 divinae

364 2486 570 2521 voluntatis:
602 2507 646 2512 —
675 2498 751 2523 esse
778 2488 956 2522 rationem
978 2499 1039 2521 cur
1065 2486 1185 2521 divina
1204 2486 1369 2520 voluntas
1394 2484 1480 2520 velit

353 2545 433 2580 *alia
460 2557 478 2579 a
505 2557 553 2580 se.
632 2571 1478 2582 ...............

1549 1370 1596 1405 ib.

1549 1548 1596 1583 ib.

1547 1705 1598 1734 10

1548 1893 1594 1927 ib.

1557 2140 1592 2165 11
