1734 2784
186 230 371 272 prem-ae,
410 213 562 271 quibus
596 212 756 256 scilicet
789 212 890 257 aliae
923 213 1225 256 subordinatae
1257 224 1372 270 sunt,
1412 229 1605 272 quaeque

185 286 301 328 alteri
351 300 437 327 non
487 283 830 327 subordinantur.
866 309 923 317 —
957 284 1118 328 Classis
1165 293 1223 328 2.·“·
1255 285 1445 329 continet
1494 286 1610 329 rela-

183 357 337 412 tiones,
371 354 522 413 quibus
556 355 690 398 homo
724 355 905 398 refertur
938 355 987 398 ad
1020 355 1120 399 alias
1155 355 1282 398 huius
1326 372 1470 399 rerum
1503 358 1607 400 uni-

184 428 391 470 versitatis
428 438 682 483 compartes,
713 441 869 483 nempe
902 425 1153 469 relationem
1189 425 1353 469 domini
1388 427 1430 469 in
1453 426 1605 470 ordine

186 498 235 541 ad
271 511 481 541 creaturas
529 495 804 549 irrationales,
853 508 893 538 et
927 497 1033 539 socii
1067 495 1138 555 (1)
1172 496 1297 540 relate
1345 496 1396 539 ad
1440 509 1603 540 ceteros

185 569 396 611 homines.
429 595 487 600 —-
521 568 678 611 Classis
715 576 771 622 3.³
819 568 1008 610 continet
1053 567 1294 625 relationes,
1335 567 1488 625 quibus
1538 567 1603 611 fa—

189 639 362 683 cultates
396 641 546 692 variae,
581 654 683 695 quas
718 638 852 681 homo
876 639 918 680 in
942 654 986 681 se
1020 638 1159 692 habet,
1186 651 1430 693 nectuntur,
1448 655 1608 696 nempe

187 711 585 754 subordinationem
617 709 863 752 facultatum
912 710 1111 753 omnium
1160 709 1415 753 inferiorum
1451 710 1501 753 ad
1534 711 1607 753 in-

183 783 398 826 tellectum
435 796 473 825 et
505 783 785 838 voluntatem,
819 794 942 839 atque
977 782 1103 824 etiam
1138 782 1507 825 coordinationem
1548 782 1610 839 ip-

185 870 328 897 sarum
364 853 611 896 facultatum
648 853 901 896 inferiorum
938 854 1047 895 inter
1081 870 1125 895 se
1158 853 1244 911 (2).

309 927 398 968 Hae
432 925 658 967 relationes
692 923 922 966 fundantur
957 925 999 966 in
1034 924 1136 981 ipsis
1162 925 1356 966 essentiis
1381 939 1426 966 ac
1449 924 1609 966 naturis

187 1012 328 1039 rerum
365 1009 404 1038 et
438 995 683 1038 immediate
707 995 944 1052 procedunt
967 994 1014 1038 ab
1050 996 1171 1052 ipsiS,
1213 1011 1259 1038 ac
1299 994 1478 1053 proinde
1511 1007 1611 1038 sunt

187 1067 461 1110 immutabiles
498 1080 537 1110 et
562 1067 820 1118 necessariae,
847 1065 1217 1123 quemadmodum
1250 1065 1538 1109 immutabiles
1572 1077 1613 1109 et

186 1140 443 1181 necessariae
477 1151 576 1181 sunt
610 1139 817 1181 essentiae
850 1153 896 1180 ac
928 1150 1102 1180 naturae
1126 1137 1213 1196 (3),
1242 1154 1263 1180 a
1287 1137 1440 1196 quibus
1472 1137 1612 1181 fluunt

195 1226 383 1268 quasque
406 1211 616 1267 potuisset
633 1211 752 1252 Deus
776 1225 863 1251 uon
884 1208 1067 1251 condere
1091 1224 1165 1251 seu
1189 1209 1406 1251 existentia
1424 1223 1512 1251 non
1537 1208 1612 1251 do-

188 1297 302 1335 nare,
327 1281 399 1324 sed
423 1282 455 1323 si
479 1298 499 1323 e
523 1293 629 1323 statu
655 1279 948 1338 possibilitatis
983 1280 1024 1321 in
1058 1280 1328 1322 existentiam
1356 1291 1497 1334 vocet,
1525 1280 1611 1322 iam

186 1355 334 1410 nequit
368 1352 546 1409 efficere,
580 1364 625 1394 ut
660 1352 782 1394 certis
815 1350 895 1393 illis
930 1351 1043 1393 notis
1077 1350 1249 1393 eaedem
1284 1366 1372 1393 non
1408 1362 1608 1393 constent

189 1441 267 1468 nec
301 1425 423 1467 certis
457 1425 507 1466 iis
542 1422 818 1466 relationibus
852 1423 960 1465 inter
993 1437 1037 1464 se
1071 1421 1374 1465 devinciamur.

306 1498 504 1539 Iamvero
537 1495 689 1537 harum
714 1495 913 1537 omnium
939 1493 1197 1536 relationum
1220 1493 1495 1551 complexum
1520 1509 1608 1536 uno

187 1567 397 1610 vocabulo
434 1566 693 1624 appellamus
739 1565 918 1608 ordinem
961 1565 1208 1621 naturalem,
1249 1577 1288 1608 et
1328 1563 1611 1608 conformita-

189 1653 277 1682 tem
313 1654 408 1681 cum
441 1639 566 1680 variis
600 1637 714 1680 hisce
747 1635 1021 1680 relationibus
1047 1635 1308 1693 appellamus
1335 1635 1615 1679 conformita-

191 1724 277 1754 tem
313 1726 386 1753 seu
421 1709 760 1752 convenientiam
796 1707 866 1766 (4)
892 1723 989 1750 cum
1015 1707 1152 1750 ordina
1176 1707 1371 1750 naturali.
1396 1706 1613 1764 Appellari

192 1783 318 1824 etiam
353 1780 459 1823 solet
482 1780 777 1822 convenientia
801 1795 898 1821 cum
924 1787 1077 1820 natura
1107 1778 1326 1821 rationali:
1350 1777 1465 1821 idem
1498 1778 1614 1820 enim

196 1853 463 1910 exprimitur,
497 1865 542 1894 ut
576 1853 658 1894 iam
694 1851 895 1907 diximus,
938 1865 1011 1907 per
1051 1862 1246 1892 naturam
1290 1850 1539 1894 rationalem
1575 1861 1616 1892 et

290 2061 345 2104 (ι)
375 2061 435 2094 Est
464 2060 560 2094 enim
588 2059 718 2097 homo,
747 2067 784 2093 ut
812 2070 877 2092 suo
905 2057 987 2091 loco
1017 2057 1360 2099 demonstrabimus,
1389 2065 1515 2091 natura
1552 2068 1615 2092 sua

191 2120 340 2161 socialis,
369 2119 391 2153 i.
419 2131 447 2154 e.
475 2118 682 2152 naturaliter
700 2117 813 2151 factus
840 2117 882 2150 ad
905 2116 1075 2151 socialem
1096 2127 1177 2149 curn
1196 2116 1275 2149 aliis
1292 2116 1401 2150 vitam
1421 2115 1613 2161 agendam.

291 2180 348 2224 (2)
378 2180 471 2214 Cum
499 2187 623 2212 natura
650 2178 807 2211 humana
833 2178 877 2210 sit
903 2188 985 2218 una,
1012 2184 1046 2210 et
1073 2186 1162 2221 opus
1188 2176 1232 2209 sit
1259 2175 1515 2221 sapientissimi
1541 2175 1615 2210 Ar-

196 2238 315 2281 tificis,
341 2239 425 2272 hinc
451 2236 682 2282 multiplices,
712 2246 801 2281 quae
828 2235 863 2268 in
902 2229 1055 2269 homine
1082 2242 1174 2276 sunt,
1203 2233 1406 2276 facultates,
1434 2241 1618 2279 nequeunt

197 2312 272 2335 non
301 2310 377 2333 esse
407 2298 450 2331 ad
477 2298 633 2331 invicem
662 2295 858 2330 ordinatae.

295 2359 351 2402 (3)
379 2357 473 2392 Vide
501 2367 591 2402 quae
618 2355 653 2388 in
681 2355 883 2399 Ontologia
911 2353 1098 2388 traduntur
1125 2352 1168 2387 de
1194 2352 1358 2387 essentiis
1384 2361 1517 2393 rerum,
1536 2360 1621 2397 quo-

197 2415 308 2454 modo
336 2429 398 2451 eae
424 2417 496 2451 sint
523 2414 780 2455 immutabiles,
809 2412 1057 2455 indivisibiles,
1083 2411 1306 2445 necessariae
1333 2420 1367 2446 et
1392 2419 1569 2444 aeternae.

295 2479 348 2521 (4)
376 2476 433 2512 Cf.
460 2477 601 2517 SuareZ,
628 2475 664 2508 in
697 2487 726 2511 1.
745 2485 778 2509 2.
797 2482 898 2508 tract.
927 2473 990 2507 III.
1013 2472 1094 2507 dist.
1126 2481 1156 2506 2.
1178 2480 1264 2506 sect.
1283 2481 1316 2507 2.
1337 2482 1372 2505 n.
1397 2479 1461 2514 13„
1481 2461 1542 2505 ubi
1558 2480 1618 2504 ex-

197 2537 307 2583 plicat
341 2536 523 2581 duplicem
558 2545 717 2576 sensum,
751 2544 823 2578 quo
858 2531 952 2566 sumi
985 2538 1100 2577 potest
1137 2529 1352 2565 vocabulum
1385 2528 1455 2562 hoc
1491 2538 1619 2563 conve-

194 2597 338 2630 nientia.

1697 2624 1731 2784 nessae-„2
1716 2551 1718 2554 -
