1734 2784
149 187 295 234 potest
328 174 503 233 quidem
537 174 672 218 facere
718 173 857 231 aliqua
900 181 1116 231 praecepta
1164 172 1230 216 vel
1272 180 1444 226 statuta,
1487 186 1575 215 non

146 259 297 290 tamen
328 261 434 304 quae
461 247 624 304 proprie
657 245 803 288 habent
850 246 1050 288 rationem
1092 244 1198 302 Iegis,
1229 261 1250 284 »
1289 258 1426 301 neque
1459 243 1573 286 enim

148 318 324 376 proprie
356 329 455 360 sunt
486 315 647 374 aliquid
679 331 886 359 commune
921 327 961 359 et
993 315 1146 359 stabile.

270 388 440 431 Dicitur
475 387 551 443 5.⁰)
576 387 853 445 promulgata.
877 411 934 420 —
956 387 1087 432 Recte
1120 398 1268 430 monet
1302 387 1459 430 Suarez
1482 386 1573 445 (1),

146 458 269 516 -quod
309 476 329 499 «
361 457 669 516 promulgatio,
703 470 750 500 ut
784 474 834 500 ex
865 458 906 500 vi
940 458 1073 515 ipsius
1119 458 1237 500 vocis
1281 469 1461 511 constat,
1506 458 1573 501 di-

148 531 260 573 citur
291 542 485 587 respectu
519 528 626 586 legis
660 538 850 572 externae
884 528 968 587 (2):
1004 543 1102 572 nam
1147 528 1439 586 promulgatio
1472 528 1573 573 dicit

140 600 460 658 publicationem
482 599 592 657 legis,
611 608 830 658 perquam
848 601 978 658 possit
1000 614 1026 642 a
1048 599 1221 644 subditis
1242 602 1456 658 cognosci»
1485 599 1570 659 (3).

151 672 298 729 Itaque
344 671 638 729 promulgatio
687 683 750 714 est
787 684 897 714 certe
949 670 1000 714 de
1049 672 1212 715 ratione
1258 671 1365 729 legis
1407 673 1572 730 passive

150 744 365 800 inspectae
399 744 440 786 in
473 755 584 785 statu
619 758 697 785 suo
731 744 928 786 exteriori.

271 814 407 866 Quod
453 829 555 857 vero
603 815 750 857 attinet
799 814 850 857 ad
897 814 1035 872 legem
1083 817 1214 859 active
1259 815 1494 872 inspectam
1529 815 1572 857 in

147 898 262 929 statu
296 902 375 928 suo
409 887 606 943 interiori,
654 898 717 928 est
762 885 995 929 differentia
1044 888 1152 931 inter
1200 887 1340 944 legem
1390 888 1574 932 divinam

150 966 355 1000 aeternam
389 969 429 1000 et
461 957 601 1013 legem
649 957 876 1000 humanam
926 959 1197 1016 temporalem.
1248 957 1322 1002 Illa
1361 960 1494 1017 prior,
1529 972 1574 1002 ut

148 1029 277 1072 -docet
310 1029 425 1072 idem
460 1030 618 1072 Suarez
642 1028 728 1086 (4),
769 1048 788 1070 «
822 1041 1017 1072 censetur
1061 1043 1359 1075 consummata
1402 1043 1443 1074 et
1480 1046 1576 1089 per-

150 1101 257 1145 fecta
292 1117 342 1144 eo
386 1102 482 1158 ipso
531 1101 647 1158 quod
697 1102 739 1143 in
785 1115 927 1144 mente
975 1101 1234 1158 legislatoris
1282 1102 1460 1146 stabilita
1497 1116 1575 1161 est,

148 1173 253 1216 aliae
287 1188 389 1216 vero
422 1172 538 1228 leges
571 1187 657 1214 non
693 1185 1051 1215 consummantur
1088 1173 1223 1217 donec
1256 1187 1348 1218 actu
1382 1174 1574 1232 promul-

146 1257 318 1300 gentur.
353 1261 372 1283 »
415 1244 540 1296 Quae
574 1243 726 1285 melius
760 1255 800 1285 et
835 1242 997 1286 facilius
1031 1244 1328 1302 intelligentur
1371 1246 1412 1288 in
1447 1261 1573 1303 quae-

150 1317 304 1373 stione,
351 1329 478 1372 quam
528 1316 670 1357 statim
719 1314 1033 1372 aggrediemur,
1083 1316 1133 1358 de
1181 1316 1274 1373 lege
1322 1326 1486 1361 aeterna
1529 1318 1573 1360 in

146 1388 304 1444 specie.
333 1388 479 1432 Restat
512 1387 640 1443 igitur
665 1386 1069 1443 promulgationem
1093 1403 1184 1431 esse
1208 1387 1260 1430 de
1282 1389 1446 1432 ratione
1468 1388 1574 1446 legis

147 1460 277 1501 etiam
312 1460 442 1502 active
476 1471 699 1515 spectatae,
734 1458 767 1500 si
801 1456 909 1501 forte
942 1474 1124 1515 seponas
1175 1459 1315 1517 legem
1359 1472 1574 1504 aeternam

156 1550 177 1572 «
212 1532 253 1573 in
285 1545 382 1587 qna,
418 1539 458 1572 ut
489 1539 651 1573 aeterna
684 1538 750 1585 est,
786 1545 864 1571 non
900 1529 1017 1572 habet
1050 1531 1179 1574 Iocum
1210 1534 1376 1589 propria
1392 1533 1574 1590 promul-

146 1604 257 1660 gatio
291 1602 362 1660 (5)
394 1619 435 1659 »,
470 1603 571 1660 quin
613 1614 754 1644 tamen
798 1602 839 1642 in
873 1617 919 1643 ea
953 1600 1114 1645 deficiat
1148 1604 1255 1646 ratio
1302 1619 1424 1647 verae
1464 1604 1573 1662 legis

246 1787 302 1831 (1)
330 1788 386 1821 De
412 1786 481 1831 leg.
510 1786 531 1820 1.
565 1797 589 1820 1.
619 1797 644 1819 c⁴
679 1798 727 1820 11.
756 1798 853 1820 num.
888 1797 913 1821 1.

243 1846 299 1891 (2)
324 1846 377 1880 De
405 1845 539 1891 duplici
578 1846 642 1879 hac
670 1846 759 1890 legis
798 1846 1088 1881 consideratione
1125 1849 1243 1883 statim
1283 1860 1404 1885 sermo
1431 1851 1497 1885 erit
1536 1852 1572 1886 in

146 1905 242 1940 thesi
269 1914 450 1951 sequente.

247 1965 303 2010 (3)
332 1965 536 2000 Adnotetur
563 1965 648 1998 haec
680 1965 844 1999 definitio
866 1967 1164 2013 promulgationis.
1193 1968 1249 2001 Ab
1277 1967 1354 2002 aliis
1389 1968 1570 2005 definitur:

146 2022 292 2069 publica
316 2023 408 2070 legis
434 2023 667 2058 denunciatio
696 2024 786 2058 facta
815 2024 1029 2059 auctoritate
1056 2025 1247 2070 superioris
1266 2025 1301 2061 in
1324 2026 1404 2062 loco
1424 2028 1572 2074 publico

145 2083 224 2116 sive
251 2093 338 2117 voce
366 2083 556 2127 praeconis
584 2082 657 2115 sive
700 2082 768 2116 alia
804 2083 926 2128 quavis
966 2082 1107 2127 publica
1135 2085 1272 2119 ratione
1297 2096 1360 2119 scu
1402 2086 1576 2121 solemni-

152 2151 233 2177 tate.
260 2141 356 2176 Nota
384 2142 716 2187 promulgationem
746 2141 887 2175 differre
915 2154 933 2175 a
960 2141 1205 2187 divulgatione.
1250 2143 1462 2190 Divulgatio
1500 2154 1573 2180 non

153 2209 204 2235 est
230 2201 430 2234 necessaria
459 2201 501 2234 ad
528 2201 687 2234 valorem
718 2200 820 2244 legis,
850 2200 1163 2245 quemadmodum
1192 2202 1393 2236 necessaria
1412 2211 1464 2237 est
1491 2201 1574 2249 pro-

152 2258 330 2304 mulgatio
359 2259 454 2294 iuxta
483 2271 629 2294 sensum
661 2261 692 2292 in
721 2259 812 2293 tlicsi
833 2259 1067 2304 explicatum.
1091 2260 1188 2306 Quin
1216 2261 1305 2304 imo,
1326 2263 1573 2309 promulgatio

152 2318 292 2352 videtur
318 2330 394 2353 esse
421 2319 463 2353 dc
491 2319 644 2353 essentia
673 2319 773 2364 legis,
802 2330 874 2352 non
905 2327 1025 2353 autem
1054 2319 1130 2353 sola
1160 2322 1360 2365 proprietas
1391 2321 1504 2356 fluens
1529 2323 1572 2357 ab

153 2378 314 2412 eiusdem
342 2378 506 2420 essentia,
538 2387 574 2412 ut
602 2378 718 2422 plures
747 2378 877 2412 docent
909 2387 1085 2412 auctores.
1116 2379 1191 2413 Hac
1218 2380 1312 2414 enim
1340 2380 1383 2415 de
1402 2392 1438 2415 re
1457 2381 1574 2428 aliqua

151 2437 253 2484 viget
280 2439 535 2479 controversia,
563 2437 782 2483 speculativa
811 2439 943 2482 potius,
969 2447 1005 2472 ut
1033 2438 1182 2482 videtur,
1209 2450 1315 2485 quam
1342 2441 1507 2486 practica.

250 2496 307 2541 (4)
331 2496 386 2531 De
414 2496 484 2542 leg.
512 2496 533 2529 l.
563 2497 603 2530 IL
633 2508 661 2531 c.
694 2507 721 2531 1.
750 2509 783 2531 n.
818 2507 869 2531 11.

248 2555 305 2600 (5)
333 2554 470 2589 Ibidem
500 2555 568 2588 loc.
598 2566 680 2601 nup.
707 2557 763 2590 cit.
