1734 2784
789 157 1024 198 ,24-

207 239 351 295 [taque
383 254 404 279 (c
423 237 516 280 finis
547 238 745 280 omnium
779 237 1022 281 divinorum
1056 252 1237 295 operum
1271 248 1333 280 est
1365 238 1612 280 manifesta-

199 310 265 351 tio
300 308 464 352 divinae
498 308 730 352 bonitatis»
769 309 842 365 (1).

329 394 389 423 11.
427 380 676 423 ScitottoN.
710 379 927 423 Nonnulla
959 378 1166 422 addemus
1198 377 1248 421 ad
1272 377 1510 435 pleniorem
1543 393 1613 421 ex-

200 450 473 507 plicationem
506 465 676 502 eorum,
711 449 761 492 de
794 449 947 508 qnibus
973 449 1124 493 hac‘in
1148 449 1257 500 thesi
1285 448 1611 506 disputavimus,

320 522 351 564 Ι.
388 523 433 564 In
485 523 615 579 priori
664 533 780 579 parte
828 521 952 564 huius
994 521 1166 565 theseos
1208 521 1269 563 sic
1315 520 1610 577 arguebamus:

201 592 362 635 bonum
397 594 696 646 extrinsecum,
730 591 847 650 quod
879 593 997 635 Deus
1021 608 1072 635 ex
1094 592 1294 635 creaturis
1326 591 1523 645 intendit,
1545 590 1613 634 vel

207 676 304 706 sunt
338 664 521 717 divitiae,
553 663 619 706 vel
651 675 713 706 est
745 662 892 719 gloria.
928 664 1044 707 Haec
1090 663 1244 706 divisio
1295 662 1430 707 videri
1458 674 1613 721 potest

194 736 480 793 inadaequata.
528 736 639 779 Nam
673 736 804 788 Deus,
838 736 958 791 argui
1005 735 1066 778 sic
1114 746 1274 792 posset,
1306 733 1464 777 idcirco
1501 745 1613 776 creat

198 807 408 859 homines,
442 819 487 849 ut
522 806 667 849 habeat
700 805 909 859 subditos,
943 806 1015 863 qui
1050 804 1128 848 sibi
1174 805 1499 863 obtemperent,
1547 805 1613 848 vel

200 880 323 921 etiam
360 891 402 920 ut
427 879 587 921 amicos
605 877 683 920 sibi
702 878 916 935 adiungat.
934 877 1089 921 —Sed
1119 876 1340 920 manifeste
1363 877 1612 920 exercitium

195 950 431 1007 potestatis,
464 950 646 992 amicitia
678 962 749 992 aut
781 948 859 992 alia
890 947 1105 992 eiusmodi
1138 947 1260 1002 bona,
1298 963 1405 1006 quae
1438 959 1636 1010 possent:

195 1021 443 1077 excogitari,
479 1020 739 1063 reducuntur
772 1020 943 1064 tandem
993 1021 1043 1064 ad
1089 1021 1270 1078 gloriam
1320 1021 1611 1063 extrinsecam.

204 1091 324 1144 Quid
358 1092 470 1134 enim
505 1091 724 1149 significat,
758 1094 900 1136 Deum
936 1092 1134 1136 homines
1168 1092 1368 1144 condere,
1388 1104 1435 1135 ut
1466 1090 1614 1134 habeat

198 1162 406 1218 subditos,
438 1164 518 1205 nisi
553 1179 626 1206 eos
660 1180 814 1221 creare,
849 1176 894 1207 ut
927 1163 1074 1207 habeat
1108 1165 1219 1207 entia
1249 1163 1485 1221 rationalia,
1508 1179 1614 1221 qnae

198 1235 293 1277 eius
329 1234 534 1277 infinitam
569 1236 802 1292 potentiam
852 1252 898 1279 ac
931 1237 1195 1280 maiestatem
1241 1247 1516 1292 cognoscant,
1556 1236 1615 1278 ti-

205 1319 360 1359 meant,
394 1319 664 1350 revereantur
698 1308 825 1365 eique
856 1324 899 1351 se
922 1308 1207 1351 submittant?
1241 1307 1363 1360 Quid
1395 1305 1618 1364 significat,

203 1379 346 1421 Deum
372 1378 569 1421 homines
595 1378 792 1437 condere,
810 1392 856 1422 ut
889 1379 1041 1423 habeat
1063 1380 1331 1436 amicos,nisi
1359 1395 1433 1422 eos
1461 1393 1614 1435 creare,

197 1463 244 1493 ut
294 1449 439 1493 habeat
487 1452 596 1494 entia
646 1451 878 1508 rationalia,
911 1467 1019 1509 quae
1053 1463 1313 1509 cognoscant
1361 1452 1450 1494 eius
1478 1466 1614 1493 vsum-

200 1538 313 1564 mam
347 1521 593 1579 bonitatem,
611 1538 790 1581 eamque
813 1523 1092 1576 admirentur,
1121 1523 1306 1579 laudent,
1329 1522 1507 1565 ament?
1531 1521 1616 1565 Sed

199 1595 348 1637 notitia
381 1594 550 1637 alterius
584 1595 849 1638 excellentiae
882 1596 1049 1653 pariens
1071 1609 1281 1652 amorem,
1315 1593 1615 1651 obedientiam,

208 1666 542 1722 venerationem,
565 1665 733 1709 laudem
756 1677 819 1710 est
841 1667 932 1724 ipsa
954 1665 1145 1709 definitio
1164 1666 1322 1723 gloriae
1345 1666 1616 1722 extrinsecae,

207 1752 332 1793 quam
367 1738 561 1794 superius
594 1737 860 1781 tradidimus.

328 1808 378 1849 Π.
415 1808 576 1851 Contra
607 1825 667 1865 ea,
710 1824 815 1866 quae
847 1810 889 1851 in
935 1807 1063 1852 altera
1094 1820 1210 1866 parte
1243 1808 1293 1852 de
1337 1808 1420 1851 fine
1451 1809 1614 1851 entium

215 1879 522 1921 irrationalium
557 1881 800 1936 statuimus,
834 1879 1002 1923 obiiciet
1034 1879 1200 1937 aliquis,
1226 1892 1433 1923 creaturas
1456 1880 1616 1922 ratione

209 1961 396 1992 carentes
430 1949 480 1992 ad
514 1949 594 1993 hoc
627 1950 830 2004 ordinari,
854 1962 900 1993 ut
925 1950 1059 1994 homo
1082 1966 1132 1993 ex
1165 1951 1216 1992 iis
1250 1949 1397 1994 habeat
1435 1948 1615 1993 modum

203 2020 467 2063 sustentandi
502 2022 659 2065 vitam:
692 2021 887 2065 animalia
918 2022 968 2065 ad
1002 2021 1115 2075 hoc,
1164 2034 1209 2064 ut
1257 2021 1403 2064 habeat
1445 2020 1584 2064 cibum
1605 2056 1616 2078 ,

203 2104 355 2144 vesteS‚
389 2091 712 2146 oblectamenta,
746 2093 905 2150 plantas
939 2093 989 2136 ad
1021 2093 1116 2147 hoc,
1150 2105 1195 2136 ut
1230 2108 1375 2136 earum
1402 2091 1616 2136 fructibus

207 2176 399 2206 vescatur
423 2177 498 2207 etc.
519 2188 576 2196 —
595 2166 719 2208 Certe
739 2165 787 2208 ad
806 2165 888 2208 hoc
910 2166 1035 2208 etiam
1060 2164 1311 2208 ordinantur
1328 2176 1539 2208 creaturae
1563 2165 1617 2206 ir-

210 2234 449 2278 rationales,
473 2236 634 2277 Verum
660 2251 732 2293 per
756 2235 838 2278 hoc
869 2237 1025 2293 ipsum,
1050 2235 1166 2294 quod
1199 2234 1365 2279 homini
1399 2233 1616 2293 praebent,

207 2304 359 2349 servile
392 2305 645 2363 obsequium
679 2306 929 2349 ordinantur
970 2307 1147 2350 ulterius
1180 2306 1231 2350 ad
1266 2305 1616 2349 manifestandam

214 2376 379 2419 homini
412 2377 678 2434 sapientiam,
714 2378 962 2435 potentiam,
997 2376 1315 2435 bonitatemque
1347 2377 1443 2433 Dei,
1476 2376 1547 2434 qui
1581 2387 1621 2419 et

206 2449 327 2490 novit
361 2461 399 2491 et
426 2449 565 2505 potuit
589 2460 628 2490 et
651 2449 785 2491 voluit
817 2460 904 2491 tam
934 2447 1156 2506 providam
1192 2464 1336 2491 curam
1360 2447 1411 2491 de
1443 2447 1618 2490 homine

299 2608 352 2650 (ι)
380 2608 431 2642 Ita
458 2619 483 2642 s.
511 2607 687 2651 Thomas,
702 2615 897 2643 comment.
917 2608 951 2642 in
971 2608 1078 2653 epist.
1103 2608 1146 2642 ad
1175 2609 1284 2643 Rom.
1307 2619 1384 2652 cap.
1403 2607 1463 2641 IX.
1481 2606 1562 2640 lect.
1582 2615 1618 2648 4.
