1713 2768
164 1101 297 1160 a&
312 1100 448 1192 ξς

162 1238 166 1250 ,
198 1161 414 1263 ἝΜΔῂ-ᾑι
470 1208 530 1237 oN
564 1208 647 1237 una
681 1208 750 1237 me
784 1194 890 1236 ratio
926 1195 1157 1251 permovit,
1200 1206 1246 1237 ut
1290 1195 1586 1239 Institutiones

211 1214 392 1335 {N}
467 1271 773 1328 Philosophiae
806 1271 1001 1326 Moralis‚
1037 1286 1140 1329 quas
1186 1273 1377 1329 primum
1412 1274 1453 1315 in
1501 1275 1586 1317 Fa-

159 1337 444 1442 ..ἔξὲᾆλζῖῧῇῃ
467 1348 620 1391 cultate
655 1347 927 1406 Theologica
949 1350 1224 1403 Pictaviensi‚
1244 1362 1337 1392 tum
1374 1351 1416 1393 in
1443 1351 1583 1395 Colle-

215 1432 224 1440 ·
464 1427 536 1483 gio
584 1425 840 1469 Lavalliensi
888 1427 1194 1484 praelegeram,
1227 1442 1342 1470 nunc
1385 1444 1486 1471 vero
1538 1430 1581 1472 in

468 1502 696 1547 Pontificio
730 1502 814 1546 hoc
848 1504 992 1561 Lyceo
1029 1504 1301 1561 Gregoriano
1336 1520 1357 1547 a
1395 1505 1587 1563 pluribus

159 1582 243 1625 iam
268 1583 388 1625 annis
422 1580 639 1640 praelego,
675 1581 864 1624 romanis
899 1581 1012 1639 typis
1055 1582 1291 1639 vulgarem.
1327 1583 1424 1626 Hoc
1468 1584 1586 1626 enim

158 1661 200 1703 in
235 1660 386 1718 primis
419 1676 442 1703 a
475 1675 544 1703 me
577 1658 849 1717 postularunt
883 1660 1147 1717 antiquiores
1182 1659 1360 1714 alumni,
1396 1676 1583 1718 quorum

159 1751 258 1782 vota
290 1753 368 1782 nec
400 1736 654 1796 negligenda
687 1752 826 1796 neque
869 1737 1130 1795 aspernanda
1172 1739 1332 1795 putavi:
1367 1752 1585 1797 praeterea

157 1816 249 1873 ipsa
281 1831 348 1859 res
382 1828 626 1874 opportuna
658 1815 844 1858 maxime
879 1815 986 1857 mihi
1016 1815 1104 1858 visa
1136 1813 1231 1870 fuit,
1256 1829 1302 1859 ut
1336 1828 1376 1859 et
1399 1817 1441 1859 in
1466 1833 1583 1874 prae-

158 1906 255 1935 sens
289 1904 330 1935 et
361 1893 404 1935 in
436 1904 661 1950 posterum
691 1891 1003 1950 discipulorum
1039 1892 1276 1937 commodo
1309 1904 1435 1951 atque
1471 1895 1584 1937 utili-

158 1969 232 2011 tati
265 1969 486 2013 servirem.

277 2047 416 2090 Porro
450 2047 494 2090 in
523 2046 588 2088 his
612 2046 960 2090 Institutionibus
996 2045 1270 2090 conficiendis
1294 2062 1341 2091 ea
1365 2047 1471 2090 mihi
1506 2064 1583 2105 po-

157 2124 379 2167 tissimum
402 2123 703 2168 obversabatur
727 2124 859 2167 Tullii
884 2124 955 2183 (1)
979 2126 1198 2168 sententia:
1235 2143 1254 2166 «
1275 2125 1440 2182 Omne⁷
1463 2125 1582 2183 quod

159 2200 211 2244 de
243 2217 285 2244 re
318 2200 428 2244 bona
462 2200 644 2245 dilucide
677 2200 844 2261 dicitur,
880 2201 985 2245 mihi
1019 2202 1229 2261 praeclare
1263 2201 1343 2245 dici
1393 2202 1576 2245 videtur.

158 2279 411 2322 Istiusmodi
434 2292 577 2323 autem
610 2295 676 2323 res
703 2279 843 2323 dicere
868 2292 1015 2324 ornate
1038 2280 1144 2324 velle
1171 2280 1332 2339 puerile
1356 2293 1432 2333 est,
1458 2281 1580 2337 plane

159 2367 301 2399 autem
335 2369 375 2399 et
406 2358 628 2415 perspicue
659 2357 857 2415 expedire
888 2374 1016 2416 posse
1050 2358 1164 2402 docti
1213 2371 1253 2401 et
1305 2357 1582 2415 intelligentis

256 2577 312 2622 (1)
340 2578 395 2613 De
421 2576 480 2612 fin.
508 2576 590 2612 bon.
620 2587 652 2612 et
672 2578 756 2613 mal.
785 2579 844 2613 III.
874 2589 905 2623 5.
