1734 2784
716 95 978 140 ——405—

136 190 176 223 et
204 164 430 223 conclusio
465 195 516 223 ex
549 180 597 223 iis
632 180 878 239 praemissis
913 181 1029 224 iuxta
1063 179 1403 223 ratiocinationis
1445 179 1560 237 leges

135 251 213 294 rite
246 249 437 295 infertur.
474 252 547 295 Est
579 267 757 306 erronea,
793 252 964 311 quando
999 252 1154 296 iudicat
1188 252 1229 296 id
1263 266 1354 295 esse
1397 251 1560 295 licitum

136 334 208 366 aut
240 321 454 381 illicitum,
487 324 605 381 quod
638 323 800 369 licitum
852 337 922 369 aut
971 324 1164 369 illicitum
1213 340 1301 368 non
1345 337 1420 369 est.
1465 325 1563 368 Hoc

135 410 237 439 vero
274 396 502 453 contingit,
538 397 708 454 quando
761 413 879 441 error
912 397 976 441 vel
1025 398 1066 440 in
1115 397 1358 455 praemissis
1407 395 1471 439 vel
1521 397 1562 440 111

135 466 351 511 inferenda
390 467 665 513 conclusione
714 469 964 513 admittitur.

256 541 478 594 Quoniam
513 557 630 585 error
663 541 773 601 (sive
808 544 910 586 iuris
946 543 998 585 sit
1032 545 1118 585 sive
1143 540 1271 599 facti)
1306 539 1438 583 modo
1472 539 1561 583 cul-

127 612 278 669 pabilis
310 625 389 671 est,
408 613 540 657 modo
576 614 832 673 inculpabilis
865 615 950 674 (1);
976 615 1071 658 hinc
1097 614 1353 658 conscientia
1379 629 1562 656 erronea

136 683 420 729 subdividitur
453 687 495 729 in
527 687 775 746 culpabiliter
808 687 871 731 vel
907 686 1204 746 inculpabiliter
1232 701 1472 729 erroneam.

254 757 328 800 III.
363 757 655 816 Conscientia,
688 759 722 801 si
756 770 920 816 spectes
962 759 1117 801 mentis
1166 772 1407 809 assensum,
1452 755 1563 799 divi—

136 828 248 873 ditur
279 830 322 872 111
354 839 521 884 certam,
546 830 729 885 dubiam,
765 833 1010 890 opinantem.
1037 857 1092 864 —
1119 832 1192 874 Est
1228 843 1355 882 certa,
1392 829 1562 887 quando

134 917 254 946 mens
289 903 365 946 uni
400 904 506 961 parti
541 903 886 947 contradictionis
927 904 1131 962 practicae
1165 902 1365 946 adhaeret
1404 901 1562 959 absque

134 972 367 1018 formidine
402 974 450 1019 de
485 976 658 1019 veritate
693 977 822 1033 partis
857 977 1093 1033 oppositae.
1123 976 1194 1018 Est
1218 974 1364 1027 dubia,
1391 972 1561 1031 quando

136 1061 256 1090 mens
280 1046 455 1092 fluctuat
479 1063 631 1106 anceps
656 1049 764 1091 inter
787 1049 985 1106 opposita
1022 1048 1195 1101 iudicia,
1229 1060 1268 1091 et
1293 1047 1430 1089 neutri
1456 1045 1563 1104 parti

136 1120 376 1164 assentitur.
411 1121 483 1164 Est
518 1137 608 1164 vere
643 1122 812 1179 opinans
845 1120 1134 1179 (probabilis),
1161 1119 1332 1178 quando
1361 1133 1481 1162 mens
1515 1134 1565 1161 ex

135 1191 331 1249 gravibus
354 1193 569 1236 rationum
604 1193 838 1237 momentis
863 1192 1051 1237 alterutri
1093 1192 1267 1251 quidem
1293 1192 1398 1250 parti
1424 1206 1564 1233 assen-

136 1263 252 1316 titur,
286 1263 359 1307 sed
393 1279 479 1307 non
514 1265 605 1308 sine
640 1264 871 1308 formidine
906 1264 956 1308 de
996 1265 1171 1308 veritate
1207 1265 1432 1322 oppositae
1467 1277 1565 1319 par-

135 1335 202 1391 tis,
231 1351 307 1394 pro
341 1352 422 1394 qua
454 1337 580 1380 etiam
614 1352 700 1381 non
735 1337 846 1381 leves
882 1350 989 1380 stant
1024 1339 1206 1381 rationes
1241 1336 1324 1395 (2)

257 1409 329 1452 IV.
365 1409 655 1467 Conscientia,
685 1411 718 1452 si
753 1422 911 1453 statum
943 1410 1074 1453 animi
1104 1408 1359 1453 habitualem
1385 1420 1564 1465 spectes,

139 1477 341 1524 dividitur
360 1481 401 1526 in
421 1490 615 1536 teneram,
637 1482 791 1539 laxam,
816 1482 1109 1541 scritpiclosmn,
1126 1482 1374 1540 perplexam.
1398 1505 1454 1513 --
1474 1481 1565 1524 Ha-

234 1687 290 1730 (1)
319 1687 554 1733 Applicentur
582 1689 690 1722 errori
723 1700 772 1729 ea,
801 1699 889 1733 quae
918 1687 1071 1721 diximus
1116 1687 1157 1721 de
1188 1686 1388 1729 ignorantia
1422 1685 1504 1719 iuris
1532 1693 1565 1719 61

141 1745 234 1788 facti,
253 1746 411 1782 vincibili
444 1756 475 1782 et
512 1747 726 1790 invincibili,
750 1758 920 1791 1111111113.
949 1760 1029 1793 pag.
1051 1756 1123 1791 137.
1144 1748 1195 1782 En
1230 1747 1437 1792 exemplum
1472 1757 1563 1780 cou-

137 1806 309 1842 scientiae
335 1807 550 1843 vincibiliter
576 1818 637 1842 seu
657 1808 880 1854 culpabiliter
911 1819 1094 1842 erroneae:
1124 1809 1175 1841 vir
1202 1815 1401 1853 protestans
1429 1807 1565 1841 iudicat

139 1877 239 1900 suam
258 1876 394 1902 sectam
413 1878 491 1903 esse
505 1879 626 1902 veram
649 1868 781 1903 Christi
802 1868 1013 1909 Ecclesiam,
1033 1869 1138 1902 simul
1159 1877 1278 1902 autem
1304 1868 1471 1902 conscius
1499 1866 1565 1901 sibi

140 1933 204 1968 est,
227 1936 263 1960 se
291 1926 453 1975 nondum
482 1926 683 1962 adhibuisse
717 1928 955 1963 sufficientem
975 1927 1198 1974 diligentiam
1225 1927 1268 1962 ad
1296 1926 1564 1973 inquirendum,

139 1997 317 2031 quaenam
345 1987 386 2021 sit
414 1998 494 2021 vera
521 1987 680 2022 Ecclesia
709 1987 854 2021 Christi.
887 1988 921 2021 Si
949 1988 1025 2033 quis
1054 1996 1177 2022 contra
1205 1988 1295 2022 inter
1321 1994 1565 2031 protestantes

141 2046 236 2080 bona
262 2046 331 2080 fide
360 2055 392 2082 et
421 2046 508 2081 1111111
536 2047 703 2082 dubitans
723 2046 890 2081 iudicaret
912 2058 1010 2081 suam
1031 2056 1163 2081 sectam
1194 2058 1270 2081 esse
1297 2058 1417 2080 veram
1432 2045 1564 2080 Christi

140 2106 350 2147 Ecclesiam,
394 2107 422 2140 is
463 2107 661 2142 censendus
701 2118 790 2142 65561
832 2108 1092 2142 conscientiam
1136 2107 1266 2141 habere
1303 2105 1569 2151 inculpabiliter

149 2175 346 2201 erroneam.

233 2226 290 2270 (2)
324 2226 482 2261 Adverte
521 2227 666 2261 dubium
707 2227 894 2261 excludere
937 2238 1146 2269 assensum,
1190 2227 1399 2271 opinionem
1441 2225 1572 2260 habere

140 2284 298 2331 aliquem
327 2298 524 2321 assensum.
552 2287 606 2329 Ad
637 2299 710 2322 rem
738 2300 763 2322 5.
792 2287 966 2329 Thomas,
995 2298 1024 2321 2.
1056 2298 1084 2320 2.
1114 2299 1143 2332 qi
1175 2296 1204 2319 2,
1228 2298 1258 2320 a.
1291 2297 1329 2320 1.:
1362 2298 1379 2316 «
1409 2285 1570 2327 Quidam

141 2352 240 2378 actus
267 2345 468 2381 intellectus
496 2346 627 2381 habent
655 2347 912 2391 cogitationem
942 2346 1135 2380 informem
1155 2346 1286 2391 absque
1316 2344 1419 2378 lirma
1450 2356 1569 2379 assen-

138 2408 252 2448 sione,
279 2407 352 2440 sive
379 2407 410 2439 in
441 2415 602 2441 neutram
633 2416 767 2452 partem
797 2407 988 2444 declinent,
1008 2407 1097 2439 sicut
1127 2406 1258 2439 accidit
1291 2404 1471 2446 dubitanti,
1499 2404 1571 2438 sive

143 2469 175 2499 111
196 2477 302 2500 unam
324 2475 459 2510 partem
483 2466 597 2511 magis
616 2467 807 2502 declinent.
828 2467 885 2500 sed
905 2476 1086 2500 tententur
1106 2466 1171 2500 levi
1195 2465 1313 2511 aliquo
1334 2467 1453 2509 signo,
1480 2466 1571 2498 sicut

141 2524 263 2558 accidit
293 2525 484 2570 suspirium,
512 2525 584 2559 sive
612 2526 671 2559 uni
703 2527 790 2570 parti
826 2524 1053 2563 adhaereant,
1084 2535 1205 2560 tamen
1247 2537 1329 2559 cum
1375 2523 1570 2559 [oi-undum

141 2584 297 2621 alterius,
326 2585 419 2631 quod
447 2585 575 2620 accidit
603 2586 770 2632 opinanti.
799 2600 815 2617 >›
