1734 2784
715 108 982 163 —308—

135 204 245 262 ralis,
278 217 323 247 ut
356 203 493 260 inquit
527 203 714 245 Becanus
748 201 837 260 (1),
887 217 993 259 quae
1042 201 1237 259 prohibet
1287 202 1551 245 occisionem

134 275 339 327 hominis,
373 273 568 316 consistit
600 274 642 315 in
675 287 742 329 eo,
775 284 821 315 ut
854 288 939 315 non
961 272 1082 315 liceat
1107 273 1298 316 occidere
1324 272 1551 316 hominem

132 348 292 405 privata
332 346 592 388 auctoritate.
642 344 691 387 In
739 360 789 387 eo
838 359 925 388 non
974 343 1234 402 dispensavit
1283 346 1399 389 Deus
1449 361 1546 389 cum

131 416 359 460 Abraham.
391 416 495 460 Non
529 416 644 458 enim
677 416 888 458 concessit
925 416 959 458 ei
983 450 994 468 ‚
1030 427 1075 458 ut
1109 417 1268 473 privata
1295 431 1369 460 sua
1402 429 1548 460 aucto-

130 490 252 531 ritate
269 524 279 542 ,
313 487 387 531 sed
411 500 455 530 ut
480 488 561 530 Dei
586 487 832 530 auctoritate
856 487 1069 531 occideret
1093 501 1131 530 et
1157 487 1325 531 offerret
1349 488 1499 532 filium.
1518 505 1537 528 n

131 560 290 614 Quoad
322 559 500 603 alterum
533 559 705 612 factum,
730 558 831 602 «lex
864 558 1085 616 naturalis,
1119 572 1163 602 ut
1206 560 1318 603 idem
1353 559 1546 618 loquitur

129 645 276 676 auctor
306 632 391 690 (2),
425 647 531 689 quae
564 630 760 688 prohibet
794 630 971 688 furtum,
1006 631 1046 673 in
1081 647 1131 674 eo
1156 631 1364 683 consistit,
1388 644 1432 674 ut
1454 647 1545 674 non

125 703 245 747 liceat
277 704 465 760 accipere
500 717 591 745 rem
624 701 817 755 alienam,
852 702 1054 759 quamdiu
1090 702 1223 745 aliena
1257 714 1356 756 est,
1406 703 1543 745 invito

125 773 424 818 rationabiliter
467 773 657 816 domino.
707 773 862 830 Neque
910 773 953 814 in
1001 772 1068 816 illa
1118 773 1377 830 dispensavit
1422 773 1545 816 Deus

125 862 223 890 cum
270 846 483 889 Israelitis.
515 846 621 889 Non
653 845 769 887 enim
809 845 1018 887 concessit
1061 844 1159 897 illis,
1211 857 1256 888 ut
1305 845 1542 902 acciperent

122 934 219 962 vasa
250 918 568 976 Aegyptiorum
600 928 820 974 tamquam
854 915 999 969 aliena,
1025 916 1098 960 sed
1123 929 1341 974 tamquam
1366 917 1535 974 propria

122 1006 197 1048 per
229 989 504 1033 donationem
537 1005 558 1031 a
592 989 687 1031 Deo
722 987 888 1031 factam.
924 988 1035 1031 Cum
1082 988 1194 1030 enim
1238 988 1291 1030 sit
1335 986 1538 1030 dominus

213 1210 269 1255 (1)
295 1210 350 1244 De
378 1209 444 1255 leg.
474 1220 502 1243 c.
529 1209 589 1242 III.
610 1220 641 1254 q.
662 1208 721 1242 IV.
743 1220 776 1241 n.
797 1218 828 1252 7.
856 1208 945 1242 Item
972 1209 1111 1246 Suarez,
1141 1207 1181 1242 de
1212 1209 1282 1253 leg.
1313 1208 1332 1243 l.
1355 1208 1396 1242 II.
1426 1220 1455 1242 c.
1484 1218 1537 1252 15,

117 1282 152 1304 n.
179 1280 248 1305 2o.:
280 1284 296 1300 «
316 1269 473 1311 Quando
500 1270 600 1303 Deus
626 1267 804 1313 praecepit
833 1266 1000 1301 Abrahae
1021 1266 1220 1301 interficere
1240 1266 1366 1306 filium,
1389 1267 1421 1300 id
1450 1266 1533 1301 fecit

113 1338 301 1375 tamquam
320 1328 501 1362 Dominus
522 1328 616 1362 vitae
643 1336 676 1361 et
709 1326 849 1361 mortis:
880 1327 908 1360 si
935 1327 1032 1361 enim
1051 1327 1148 1360 Deus
1176 1326 1252 1371 ipse
1279 1339 1340 1372 per
1359 1338 1396 1361 se
1415 1328 1535 1373 ipsum

114 1388 287 1423 voluisset
326 1387 524 1422 interficere
563 1387 678 1427 Isaac,
721 1396 795 1419 non
835 1385 1045 1431 indiguisset
1084 1385 1364 1430 dispensatione,
1390 1384 1453 1419 sed
1491 1395 1536 1418 ex

114 1459 180 1482 suo
207 1446 370 1482 dominio
397 1446 429 1479 id
457 1445 574 1480 facere
601 1453 736 1490 posset:
765 1444 895 1479 eodem
922 1455 1010 1490 ergo
1046 1443 1158 1478 modo
1185 1445 1303 1490 potuit
1329 1444 1381 1479 uti
1406 1444 1528 1478 Abra-

113 1507 221 1541 hamo
248 1514 285 1541 ut
310 1505 562 1546 instrumento,
590 1513 623 1538 et
649 1503 815 1549 quintum
841 1512 1066 1549 praeceptum
1094 1502 1274 1549 Decalogi
1300 1514 1374 1537 non
1400 1503 1527 1549 prohi-

111 1567 170 1601 bet
197 1577 272 1600 esse
298 1566 577 1599 instrumentum
603 1563 673 1598 Dei
701 1564 736 1597 in
764 1564 958 1605 occisione,
988 1563 1015 1596 si
1056 1564 1129 1608 ipse
1154 1562 1383 1608 praeceperit.
1403 1577 1419 1594 »
1449 1563 1523 1597 Ea-

110 1627 193 1661 dem
217 1626 322 1660 habet
349 1636 373 1660 S.
402 1624 578 1667 Thomas,
612 1635 639 1658 1.
668 1633 699 1658 2.
727 1635 758 1669 q.
792 1633 867 1658 100.
896 1636 926 1658 a.
953 1623 984 1657 8.
1012 1623 1055 1657 ad
1086 1629 1151 1665 3.¹¹¹:
1186 1623 1403 1657 «Abraham
1440 1634 1526 1658 cum

105 1685 291 1719 consensit
319 1683 483 1718 occidere
511 1682 637 1724 filiurn,
665 1693 739 1716 non
769 1681 951 1716 consensit
978 1681 1013 1715 in
1041 1681 1293 1723 homicidium,
1323 1682 1403 1728 quia
1431 1681 1533 1716 debi-

107 1753 184 1779 tum
211 1752 285 1778 erat
312 1755 393 1778 eum
419 1742 536 1776 occidi
564 1753 631 1788 per
658 1742 869 1776 mandatum
898 1742 981 1783 Dei,
1012 1742 1070 1786 qui
1097 1749 1151 1776 est
1177 1741 1345 1775 dominus
1370 1741 1463 1775 vitae
1490 1749 1524 1775 et

108 1803 247 1838 mortis.
273 1803 354 1848 Ipse
381 1802 478 1836 enim
505 1811 555 1837 est
582 1803 641 1848 qui
668 1812 827 1847 poenam
853 1800 981 1835 mortis
1008 1800 1140 1846 infligit
1168 1800 1337 1835 omnibus
1364 1800 1528 1834 homini-

106 1862 172 1896 bus
198 1861 298 1896 iustis
324 1870 357 1896 et
385 1861 526 1895 iniustis
552 1871 617 1906 pro
645 1869 793 1904 peccato
822 1858 927 1905 primi
956 1860 1124 1904 parentis:
1147 1859 1247 1892 cuius
1274 1859 1472 1893 sententiae
1492 1859 1524 1893 si

105 1921 220 1954 homo
247 1920 290 1954 sit
316 1928 486 1954 executor
511 1919 721 1952 auctoritate
749 1917 879 1959 divina,
906 1929 980 1951 non
1008 1918 1072 1951 erit
1100 1916 1295 1959 homicida,
1321 1917 1412 1951 sicut
1453 1927 1521 1950 nec

106 1980 246 2014 Deus.»

199 2038 256 2083 (2)
283 2037 368 2072 Ibid.
396 2037 569 2072 Similiter
594 2038 733 2079 Suare2‚
760 2037 783 2071 1.
814 2047 856 2071 c.:
904 2050 920 2066 «
940 2037 1037 2070 Deus
1079 2047 1151 2070 non
1179 2034 1399 2081 dispensavit
1435 2046 1517 2068 cum

103 2098 286 2140 Hebraeis,
314 2096 455 2143 quando
492 2096 754 2142 Aegyptiorum
782 2096 898 2141 spolia
940 2094 1008 2129 illis
1035 2094 1228 2137 concessit,
1255 2095 1315 2129 sed
1341 2093 1399 2129 vel
1423 2103 1518 2129 tam·

101 2169 209 2203 quam
236 2167 422 2203 supremus
459 2155 628 2189 dominus
668 2155 830 2197 donavit,
868 2154 925 2189 vel
962 2155 1091 2189 saltem
1117 2163 1304 2201 tamquam
1330 2164 1522 2199 supremus⁴

100 2216 205 2250 iudex
231 2215 382 2250 reddidit
408 2216 457 2249 eis
476 2214 678 2249 mercedem
699 2213 865 2248 laborum
885 2224 1043 2248 suorum.
1061 2228 1078 2246 >›
1108 2213 1153 2248 Et
1171 2225 1197 2248 s.
1217 2213 1394 2255 Thomas,
1423 2212 1444 2246 1.
1468 2223 1511 2246 c.:

105 2290 121 2305 «
138 2274 293 2318 Quando
320 2274 382 2308 filii
410 2274 518 2308 Israel
538 2282 729 2319 praecepto
749 2274 817 2307 Dei
836 2273 991 2307 tulerunt
1011 2273 1273 2318 Aegyptiorum
1294 2271 1420 2316 spolia,
1439 2282 1518 2305 non>

100 2334 166 2368 fuit
192 2333 336 2369 furtum:
359 2334 439 2380 quia
465 2333 534 2367 hoc
554 2334 604 2367 eis
623 2333 820 2367 debebatur
839 2343 880 2366 ex
899 2332 1075 2365 sententia
1097 2331 1177 2365 Dei.
1195 2345 1212 2361 »
1242 2330 1381 2364 Eodem
1397 2328 1518 2363 modo

100 2393 159 2427 alii
185 2392 379 2439 loquuntur
405 2392 581 2427 doctores.
601 2392 680 2437 Ipse
706 2391 815 2437 Hugo
845 2390 1005 2432 Grotius,
1034 2391 1057 2424 1.
1082 2401 1123 2432 c.,
1146 2403 1161 2420 ‹<
1177 2390 1206 2423 si
1232 2399 1353 2435 quem,
1382 2387 1510 2434 inquit,

97 2453 196 2488 Deus
221 2452 340 2486 occidi
366 2452 568 2498 praecipiat,
594 2452 623 2485 si
650 2462 706 2485 res
732 2449 881 2485 alicuius
908 2449 1043 2491 auferri,
1072 2460 1145 2483 non
1183 2448 1322 2482 licitum
1354 2446 1415 2481 fiet
1439 2445 1515 2480 ho-

95 2510 278 2545 micidium
306 2519 364 2545 aut
383 2509 528 2554 furtum,
548 2509 642 2556 quod
669 2511 762 2545 vitae
788 2518 823 2544 et
840 2519 959 2543 rerum
979 2519 1147 2554 supremo
1165 2506 1329 2542 Domino
1354 2512 1508 2540 auctore

95 2570 146 2606 fit.
160 2584 178 2603 »
