1734 2784
680 95 947 137 —281—

88 189 283 246 concept-io
314 187 471 232 homini
500 189 752 232 naturaliter
784 190 932 246 indita,
975 206 1057 247 qua
1101 190 1296 248 dirigitur
1328 190 1384 233 ad
1425 206 1529 235 con-

90 260 295 303 venienter
326 260 530 317 agendum
572 262 614 303 in
662 261 890 304 actionibus
932 263 1123 320 propriis,
1173 263 1254 306 sive
1294 270 1522 320 coiizpetant

91 332 130 375 ei
158 346 208 375 ex
239 339 396 374 natura
423 333 592 389 generis,
627 333 710 375 sive
743 348 790 375 ex
824 341 975 376 namra
1009 335 1163 391 speciei.
1197 351 1217 374 ))

211 401 280 445 Ad
313 401 427 445 hunc
461 418 494 446 s.
530 402 733 447 Thomae
782 404 926 447 locum
972 404 1289 460 illustrandum,
1332 422 1420 450 non
1454 406 1526 450 abs

93 488 138 517 re
170 474 265 526 erit,
301 488 433 531 pauca
466 474 570 517 haec
602 475 784 519 subdere
819 493 869 519 ex
902 478 1102 520 Suaresio
1127 477 1214 536 (1):
1255 496 1276 519 «
1310 479 1433 522 Circa
1467 478 1527 522 le-

92 560 193 602 gem
225 544 461 588 naturalem
495 545 804 590 advertendum
852 561 933 601 est,
971 549 1097 591 variis
1143 549 1286 593 modis
1319 566 1342 593 a
1375 549 1526 607 philo-

95 616 263 675 sophis,
298 617 572 675 iurisperitis,
606 618 825 677 theologis
861 621 1005 677 accipi.
1057 621 1177 664 Plato
1220 620 1361 678 legem
1396 634 1525 665 natu-

93 686 180 730 lem
211 686 381 730 videtur
414 689 604 746 accipere
639 705 715 747 pro
746 692 865 733 omni
891 691 1165 734 inclinatione
1188 691 1369 734 naturali
1393 691 1525 735 indita

93 759 220 803 rebus
253 776 274 803 a
306 775 387 802 suo
422 760 642 818 Creatore‚
678 778 759 819 qua
792 762 960 818 singula
1003 763 1045 806 in
1080 764 1282 821 proprios
1332 776 1448 806 actus
1484 776 1524 807 et

91 829 197 874 fines
230 830 455 875 tendunt...
490 833 546 875 At
575 848 678 875 vero
703 834 940 891 iurisperiti
967 836 1109 891 legem
1133 834 1371 877 naturalem
1397 850 1522 877 com—

93 916 273 945 munem
307 918 399 945 esse
433 902 580 946 dicunt
603 919 691 947 non
717 904 859 947 solum
884 904 1155 958 hominibus,
1179 905 1255 949 sed
1277 906 1405 949 etiam
1431 905 1522 948 aliis

93 972 361 1017 animalibus:
410 975 639 1018 inanimata
687 991 793 1018 Vero
827 992 849 1018 a
880 978 1203 1034 participatione
1247 976 1376 1020 huius
1416 977 1522 1035 legis

94 1044 318 1089 excludere
350 1046 549 1090 videntur
580 1047 664 1106 (2).
699 1049 1012 1091 Verumtamen
1059 1048 1125 1091 lex
1158 1063 1245 1092 non
1279 1047 1525 1092 attribuitur

96 1115 222 1160 rebus
255 1117 571 1160 insensibilibus
615 1118 852 1161 secundum
887 1121 1207 1177 proprietatem,
1254 1120 1329 1164 sed
1361 1137 1521 1164 secun-

93 1186 199 1231 dum
232 1188 592 1246 metaphoram....
626 1189 839 1232 Animalia
873 1191 1001 1233 etiam
1036 1190 1156 1234 bruta
1189 1205 1277 1234 non
1322 1203 1421 1233 sunt
1455 1206 1522 1235 ca-

92 1260 208 1318 pacia
242 1261 437 1318 propriae
464 1258 585 1318 legis,
605 1277 703 1304 cum
726 1277 803 1305 nec
827 1263 991 1305 ratione
1015 1278 1092 1305 nec
1114 1262 1304 1305 libertate
1327 1274 1519 1316 utantur,

90 1343 133 1374 et
164 1330 264 1375 ideo
297 1347 384 1374 non
418 1344 559 1390 potest
607 1334 686 1375 nisi
737 1348 809 1390 per
853 1333 1038 1377 similem
1088 1333 1389 1391 metaphoram
1439 1334 1521 1377 iliis

87 1401 265 1445 attribui
297 1402 498 1446 naturalis
532 1403 611 1447 lex.
648 1405 861 1457 Quamvis
896 1406 1012 1447 enim
1046 1406 1089 1447 in
1122 1405 1205 1448 hoc
1241 1404 1435 1448 differant
1470 1405 1519 1448 ab

89 1473 425 1528 insensibilibus,
460 1475 578 1533 quod
610 1491 697 1518 non
732 1475 827 1519 solo
861 1476 1049 1533 pondere
1078 1489 1267 1533 naturae,
1291 1476 1365 1519 sed
1389 1477 1517 1520 etiam

88 1546 340 1603 cognitione
359 1558 398 1589 et
419 1547 621 1590 instinctu
642 1547 822 1590 naturali
848 1547 1077 1604 ducuntur,
1102 1548 1174 1605 qui
1201 1548 1428 1591 instinctus
1453 1560 1517 1591 est

86 1615 166 1660 illis
200 1618 318 1675 quasi
351 1617 432 1675 lex,
466 1631 506 1661 et
540 1618 617 1662 hac
651 1621 815 1662 ratione
856 1620 992 1676 possit
1036 1619 1270 1677 aliqualiter
1313 1621 1516 1663 sustineri

86 1686 156 1737 illa
189 1688 374 1733 secunda
408 1691 595 1748 acceptio
628 1691 996 1747 Iurisperitorum‚
1029 1689 1311 1733 nihilominus
1345 1690 1519 1748 simpli-

189 1910 247 1955 (1)
273 1911 329 1944 De
356 1909 425 1954 leg.
454 1909 479 1945 1.
513 1921 540 1944 1.
571 1922 599 1944 c.
631 1921 660 1954 3.
690 1922 722 1943 n.
751 1919 783 1953 7.
812 1909 841 1943 8.
870 1920 902 1955 9.
931 1908 986 1944 Cf.
1016 1910 1125 1943 etiam
1154 1920 1232 1955 cap.
1261 1910 1287 1945 I.

189 1969 245 2014 (2)
273 1969 315 2003 In
345 1969 376 2014 g.
409 1979 435 2004 1.
462 1969 577 2003 Instit.
608 1968 651 2003 de
678 1969 744 2004 iur.
768 1976 852 2002 nat:
886 1982 903 1999 c<
920 1968 978 2002 Ius
1004 1968 1166 2003 naturale
1194 1977 1257 2012 est,
1276 1970 1372 2016 quod
1393 1978 1521 2005 natura

91 2028 217 2063 omnia
245 2028 413 2062 animalia
441 2028 574 2063 docuit:
598 2040 681 2062 nani
703 2029 756 2061 ius
784 2028 875 2062 istud
895 2040 969 2061 non
998 2028 1147 2062 humani
1167 2029 1311 2074 generis
1335 2031 1526 2076 proprium

85 2096 153 2128 est.
183 2086 244 2122 sed
264 2087 431 2121 omnium
459 2087 671 2121 animalium
701 2088 810 2133 (qnae
839 2087 874 2120 in
902 2087 1042 2131 coelo),
1063 2099 1152 2134 quae
1179 2088 1217 2122 in
1243 2097 1347 2131 terra,
1375 2089 1522 2135 quaein

91 2145 182 2180 mari
210 2154 416 2180 nascuntur.
432 2160 448 2176 »
480 2147 571 2180 Item
598 2146 621 2179 1.
657 2155 683 2179 1.
713 2145 746 2179 ff.
775 2146 818 2180 de
846 2146 981 2180 institia
1010 2155 1044 2181 et
1062 2147 1146 2181 iure.
1168 2147 1317 2181 luristae
1345 2148 1456 2193 igitur
1474 2149 1525 2183 ius

86 2204 252 2239 naturale
277 2214 409 2239 vocant
437 2205 558 2239 solum
586 2204 673 2239 illud
702 2205 765 2246 ins³
795 2205 889 2251 quod
917 2206 1059 2251 respicit
1088 2206 1247 2241 actiones
1266 2206 1450 2241 faciendas
1478 2208 1521 2242 ab

85 2264 254 2299 omnibus
283 2264 513 2306 animalibus,
541 2273 575 2298 et
603 2265 652 2298 sic
673 2277 702 2299 v,
725 2277 757 2311 g.
785 2265 908 2299 dicunt
926 2266 1201 2311 generationem
1218 2274 1251 2300 et
1267 2265 1522 2301 educationem

86 2322 200 2369 prolis
227 2334 306 2358 esse
325 2323 370 2358 de
398 2324 473 2357 iure
499 2324 661 2358 naturali:
693 2323 745 2357 ius
765 2335 851 2358 vero
870 2324 1064 2370 respiciens
1091 2325 1255 2358 actiones
1274 2326 1436 2371 proprias
1455 2324 1523 2360 soli

85 2391 235 2418 naturae
249 2382 430 2424 rationali,
459 2393 534 2416 non
561 2392 706 2425 vocant,
737 2384 826 2417 sicut
844 2394 910 2417 nos
931 2395 1116 2426 vocamus,
1138 2385 1192 2418 ius
1211 2384 1371 2418 naturale
1392 2384 1453 2419 sed
1474 2385 1526 2419 ius

84 2441 248 2488 gentium,
270 2450 305 2476 et
332 2442 380 2476 sic
413 2453 444 2477 v,
466 2452 501 2487 g.
521 2441 642 2476 dicunt
669 2453 744 2475 non
772 2453 850 2476 esse
877 2442 920 2476 de
948 2443 1022 2477 iure
1048 2443 1216 2485 naturali,
1249 2443 1309 2477 sed
1338 2443 1459 2478 solum
1479 2443 1524 2478 de

87 2501 164 2535 iure
183 2500 358 2547 gentium,
384 2509 421 2535 ut
449 2510 635 2536 serventur
664 2511 780 2547 pacta.
813 2503 909 2536 Bene
937 2503 1090 2537 tenenda
1119 2512 1167 2538 est
1194 2502 1284 2537 haec
1322 2503 1528 2538 differentia

89 2559 207 2606 quoad
234 2560 386 2595 modum
413 2561 585 2607 loquendi
613 2561 704 2597 inter
731 2562 877 2596 Iuristas
904 2571 937 2596 et
965 2562 1211 2608 Philosophos
1238 2563 1409 2598 morales.
