1734 2784
697 84 754 93 -·
786 73 869 115 451
906 84 963 93 -

118 160 275 210 potest.
309 152 354 195 Si
385 163 528 196 autem
561 154 794 197 referantur
827 154 876 198 ad
909 155 1067 214 aliquas
1111 156 1210 200 alias
1244 157 1460 214 materias,
1497 158 1541 201 in

118 219 276 279 quibus
310 234 373 265 est
405 224 549 282 minus
583 224 856 284 difficultatis,
888 240 1010 270 erunt
1043 228 1220 271 virtutes
1265 227 1485 272 distinctae
1521 245 1543 271 a

123 290 377 335 fortitudine
411 294 655 339 secundum
688 298 876 354 speciem
909 313 1046 342 suam:
1079 310 1223 343 tamen
1255 299 1547 358 adiungentur

124 363 179 419 ei,
212 364 321 406 sicut
353 365 652 410 secundarium
687 369 918 427 principali.
939 387 958 410 »
998 370 1158 414 Eadem
1194 371 1245 415 de
1278 373 1477 430 patientia
1501 387 1546 415 ac

126 437 436 493 perseverantia
469 439 777 484 animadvertit:
819 442 974 485 «Haec
996 443 1122 485 etiam
1147 442 1233 486 duo
1267 444 1302 486 si
1332 455 1547 486 coarcten-

125 519 196 549 tur
228 507 279 551 ad
312 510 529 567 propriam
552 512 774 554 materiam
807 511 1085 567 fortitudinis,
1109 526 1233 557 erunt
1266 528 1404 571 partes
1428 514 1550 572 quasi

127 581 357 637 integrales
389 583 536 640 ipsius.
570 584 614 627 Si
647 596 788 627 autem
823 584 874 628 ad
906 600 1196 644 quascumque
1230 587 1426 629 materias
1461 583 1546 628 dif-

125 650 260 695 ficiles
293 652 539 707 referantur,
574 647 697 698 erunt
739 656 914 699 virtutes
949 672 970 699 a
1017 656 1267 700 fortitudine
1315 656 1552 711 distinctae,

131 735 172 766 et
204 736 346 767 tamen
380 726 418 768 ei
466 726 767 784 adiungentur,
801 728 911 771 sicut
957 728 1226 772 secundariae
1266 727 1498 787 principali.
1526 744 1545 767 »

130 799 198 841 Ex
231 796 382 855 quibus
418 811 546 856 patet,
580 815 787 857 quaenam
821 801 904 843 sint
938 813 1075 858 partes
1104 802 1341 859 potentiales
1374 800 1549 844 fortitu-

134 869 260 912 dinis.

254 940 508 984 Fortitudini
531 955 687 997 autem,
710 944 947 987 secundum
966 945 1081 1003 quod
1101 957 1163 988 est
1185 946 1378 1004 specialis
1402 946 1556 999 virtus,

135 1030 227 1058 non
262 1027 442 1073 possunt
474 1015 679 1072 assignari
713 1028 851 1073 partes
884 1016 1143 1060 subiectivae:
1168 1033 1265 1059 cum
1301 1018 1414 1059 enim
1449 1018 1556 1060 circa

135 1089 359 1130 materiam
391 1085 512 1129 valde
545 1086 771 1144 specialem
805 1100 1011 1145 versetur,
1045 1087 1143 1130 hinc
1186 1089 1229 1130 in
1264 1087 1416 1131 multas
1466 1088 1556 1130 vir-

137 1173 253 1204 tutes
287 1161 426 1218 specie
461 1159 700 1203 differentes
735 1175 821 1202 non
856 1160 1072 1204 dividitur.

259 1234 333 1277 III.
375 1232 488 1275 Vitia
522 1233 717 1290 opposita.
745 1258 797 1263 —
822 1231 1065 1287 Fortitudo,
1101 1233 1155 1274 ait
1187 1231 1438 1274 Aristotcles
1473 1230 1561 1289 (1),

142 1318 210 1350 »est
240 1305 549 1349 «mediocritas
574 1320 647 1347 seu
673 1303 876 1347 medietas
911 1305 1017 1347 circa
1039 1305 1218 1347 timores
1243 1316 1282 1346 et
1308 1303 1514 1355 audacias,
1535 1320 1554 1342 n

145 1391 356 1436 quatenus
389 1377 548 1420 scilicet
582 1376 775 1433 reprimit
809 1377 1012 1418 timorem
1046 1388 1086 1419 et
1134 1375 1383 1419 moderatur
1431 1375 1562 1418 auda-

153 1450 274 1493 ciam.
325 1449 438 1491 Hinc
471 1446 624 1490 dicitur
656 1462 677 1489 a
701 1462 731 1490 s.
759 1446 935 1490 Tlioma
958 1446 1028 1505 (2)
1056 1465 1077 1487 «
1105 1445 1332 1489 cohibitiva
1356 1446 1564 1488 timorum

147 1533 187 1564 et
209 1519 479 1564 audaciarum
505 1517 782 1562 moderativa.
803 1535 822 1558 >›
863 1519 964 1561 Duo
1009 1518 1140 1574 igitur
1173 1529 1271 1560 sunt
1304 1517 1404 1559 vitia
1438 1514 1566 1559 forti-

144 1593 287 1637 tudini
327 1592 537 1650 opposita.
571 1589 769 1633 Alterum
804 1602 866 1632 est
899 1590 1082 1646 ignavia,
1120 1589 1272 1631 vitium
1312 1603 1467 1646 nempe
1515 1586 1568 1628 il—

152 1665 294 1708 lorum
329 1665 402 1722 qui
434 1664 636 1705 timorem
670 1676 758 1704 non
795 1672 1042 1718 superantes
1076 1676 1097 1703 a
1131 1659 1412 1717 suscipiendis
1452 1659 1569 1716 peri-

153 1736 262 1780 culis
285 1733 587 1792 laboribusque
611 1731 892 1790 perferendiS,
927 1747 1060 1789 quum
1095 1747 1203 1789 opus
1238 1743 1314 1785 est,
1339 1729 1572 1772 desistunt:

150 1807 334 1850 a¹terum
358 1821 460 1848 vero
494 1816 556 1847 est
588 1805 718 1847 nimicz
751 1803 927 1846 audacia
960 1818 1035 1845 seu
1068 1803 1221 1844 vitium
1272 1801 1466 1853 illorum,
1502 1800 1575 1857 qui

156 1877 374 1922 audaciam
424 1877 603 1919 minime
655 1874 927 1918 moderantes
960 1872 1172 1917 laboribus
1205 1889 1251 1916 ac
1296 1870 1492 1931 periculis
1528 1886 1571 1913 se

159 1968 204 1996 se
237 1951 458 2007 obiiciunt,
492 1948 662 2007 quando
697 1963 784 1991 non
833 1948 1029 1991 convenit
1078 1946 1144 1989 vel
1187 1961 1272 2003 quo
1308 1945 1441 1987 modo
1488 1958 1577 1987 non

155 2023 370 2066 convenit.
410 2022 539 2074 «Qui
564 2037 609 2063 ea
635 2035 740 2078 quae
765 2031 933 2076 oportet
968 2031 1007 2061 et
1041 2019 1160 2060 cuius
1195 2017 1252 2059 rei
1290 2032 1411 2058 causa
1437 2030 1572 2072 opor-

254 2243 311 2288 (1)
336 2243 450 2278 Ethic
479 2242 538 2275 III.
566 2240 611 2275 6.
642 2253 681 2286 ..’1.;
672 2253 726 2273 ’77
716 2240 791 2278 ἄτης
819 2239 894 2273 εστὶ
920 2251 958 2271 75:
966 2238 996 2271 oi.
1024 2236 1382 2283 ’171’37171ςκ’1.’1,0’1’.ρ’1.7

253 2303 308 2347 (2)
335 2302 375 2337 In
404 2312 435 2336 2.
468 2312 498 2335 2.
526 2313 558 2347 q.
591 2308 666 2342 123.
695 2311 727 2334 a.
759 2308 789 2342 3.
832 2299 927 2333 Nota
955 2309 1083 2332 xocem
1122 2297 1219 2332 illam
1258 2296 1323 2330 col.
1322 2295 1408 2329 biti
1414 2305 1452 2329 α
1489 2294 1583 2329 Nam

164 2367 341 2409 «oportet
369 2370 401 2396 et
430 2369 566 2395 metum
595 2359 712 2393 subire
740 2367 773 2392 et
801 2357 940 2392 labores
969 2355 1133 2403 perferre:
1176 2356 1234 2403 qui
1261 2356 1358 2390 enim
1386 2365 1460 2388 non
1503 2364 1583 2387 me-

162 2431 266 2457 tuens
293 2419 477 2466 perferret,
504 2418 561 2452 hic
588 2429 662 2452 non
689 2426 742 2452 est
769 2415 884 2451 fortis:
906 2416 991 2449 ism.
1017 2418 1054 2449 1“ε
1061 2418 1074 2447 ῖ
1097 2428 1146 2481 32?
1144 2414 1283 2447 Θεῖσῡῃ,
1304 2426 1342 2459 μ.-
1349 2427 1376 2450 -1
1402 2409 1529 2457 ·1.-.71μ;·’-1

163 2480 214 2515 δέ’
245 2492 271 2513 :t
311 2478 444 2524 γ’1.’1’1.·’1
473 2491 513 2513 ur
552 2475 639 2511 17131
648 2489 704 2509 au:
711 2490 747 2510 ·711
808 2471 984 2520 3π71κ1εὐει,
1014 2471 1073 2508 οὖκ
1110 2469 1149 2504 ἂν
1178 2473 1225 2507 εἴη
1262 2471 1300 2505 ἀν
1308 2483 1350 2504 13
1428 2424 1585 2513 ,LMWiL

163 2539 259 2574 Mor.
285 2538 309 2574 Ι.
340 2548 394 2573 21.
