1734 2784
808 155 1068 209 -136—

223 250 381 307 polilicn
415 249 600 292 libertate
648 249 694 306 (i.
733 265 765 291 e.
804 247 855 290 de
893 247 1085 290 facultate
1136 259 1298 305 partem
1343 247 1522 291 habendi
1556 249 1643 292 sive

228 321 429 363 directam
464 321 550 363 sive
586 319 835 363 indirectam
886 320 927 361 in
961 319 1094 362 civilis
1139 320 1353 362 societatis
1404 335 1477 362 seu
1511 331 1642 363 status

227 391 622 449 administratione).
649 392 740 434 Hae
784 407 871 434 non
911 403 1008 433 sunt
1032 390 1113 433 nisi
1138 391 1465 448 consequentiae
1489 391 1642 434 utrius-

229 480 311 521 que
334 463 534 507 libertatis
557 463 756 521 physicae
790 475 828 506 et
853 462 1041 519 moralis,
1065 478 1137 505 seu
1164 460 1388 505 ulteriores
1422 462 1642 521 utriusque

228 534 529 593 applicationes
549 534 598 577 ad
618 535 756 576 varios
777 534 965 576 hominis
990 545 1122 576 status
1140 533 1206 577 vel
1227 533 1507 578 conditiones:
1528 549 1643 577 com-

230 606 400 650 modius
434 620 575 650 autem
610 619 877 664 exponentur
904 607 945 648 in
971 605 1095 649 altera
1121 618 1254 664 parte,
1291 607 1331 648 in
1366 622 1448 664 qua
1470 605 1521 650 de
1554 607 1644 649 iure

228 677 474 721 individuali
509 690 548 721 et
581 677 724 720 sociali
759 676 1032 721 disseremus.
1073 679 1216 722 Restat
1251 678 1395 735 igitur,
1429 689 1474 720 ut
1508 677 1558 721 de
1593 678 1643 720 iis

229 765 420 806 agamus,
453 765 558 806 quae
593 750 631 791 in
666 747 955 792 voluntarium
991 761 1030 792 et
1062 748 1240 792 liberum
1275 748 1472 792 influunt.

712 963 1060 1008 ARTICULUS
1095 964 1166 1006 ΙΠ.

290 1062 360 1104 De
393 1062 453 1104 iis
486 1073 614 1116 quae
648 1063 829 1104 tollunt
860 1063 948 1104 aut
982 1061 1213 1104 minuunt
1248 1027 1586 1104 voluntarium

780 1135 828 1175 et
868 1133 1090 1175 liberum.

792 1304 951 1343 TnEsts
985 1300 1081 1343 XV.

233 1421 471 1477 &morantia
507 1419 751 1463 invincibilis
784 1419 900 1473 tollit,
944 1418 1142 1462 vincibilis
1189 1435 1266 1462 non
1310 1419 1412 1462 tollit
1446 1418 1642 1462 volanta-

350 1493 455 1535 rinnz
489 1501 521 1534 ct
557 1491 724 1534 liberant
758 1492 796 1533 in
830 1492 1023 1548 actn,qni
1055 1506 1103 1533 ex
1136 1505 1179 1533 ca
1207 1490 1273 1548 fit.

349 1637 416 1678 45.
451 1624 818 1666 PRAENoTloNEs.
850 1640 868 1661 α
888 1621 1001 1664 Cum
1021 1620 1070 1664 ad
1090 1621 1380 1664 voluntarium
1407 1622 1645 1679 requiratur

230 1709 321 1738 tum
358 1695 547 1751 cognitio
583 1692 834 1750 intellectus,
867 1705 959 1736 tum
994 1692 1210 1736 inclinatio
1244 1692 1485 1747 voluntatis,
1511 1708 1644 1751 prop-

230 1782 340 1811 terea
374 1766 582 1825 quidquid
616 1766 866 1809 alterutrum
901 1778 969 1808 aut
1002 1765 1113 1808 tollit
1147 1778 1216 1808 aut
1250 1766 1421 1819 minuit,
1463 1781 1514 1808 eo
1550 1766 1643 1823 ipso

231 1839 340 1883 tollit
374 1852 441 1881 aut
475 1839 628 1881 minuit
657 1836 960 1880 voluntarium.
987 1837 1125 1879 Porro
1151 1836 1441 1893 cognitionem
1466 1835 1642 1893 quidem

232 1912 462 1968 ignorantia
496 1923 534 1953 et
567 1910 893 1967 concupiscentia,
925 1908 1154 1951 voluntatis
1186 1923 1289 1951 vero
1324 1906 1658 1962 inclinationem·

232 1985 295 2026 ⁴vis
329 1996 368 2026 et
403 1992 526 2025 metus
558 1995 627 2024 aut
674 1980 829 2024 tollunt
879 1980 1048 2038 penitus
1092 1991 1162 2022 aut
1212 1980 1425 2022 minuunt.
1476 1979 1539 2021 De
1578 1977 1643 2020 his

232 2070 336 2111 ergo
371 2053 604 2111 agendum,
641 2069 684 2096 ac
719 2053 859 2111 primo
894 2051 945 2095 de
977 2053 1210 2109 ignorantia
1246 2068 1266 2091 >›
1304 2050 1387 2109 (1).

350 2125 563 2168 Differunt
596 2126 703 2167 inter
736 2140 780 2167 se
813 2124 1037 2180 nescim'ztia,
1072 2124 1303 2179 ignorantia
1341 2134 1381 2164 et
1414 2136 1526 2164 error
1558 2120 1643 2179 (2).

230 2198 477 2242 Nescientia
531 2196 632 2239 dicit
686 2195 924 2254 simplicem
958 2195 1229 2251 negationem
1279 2193 1500 2236 scientiae:
1549 2192 1645 2235 hinc

232 2271 485 2327 cuicumque
519 2268 636 2312 deest
669 2268 844 2311 alicuius
879 2268 940 2310 rei
974 2267 1193 2324 cognitio,
1227 2267 1261 2309 is
1295 2265 1446 2310 dicitur
1483 2265 1644 2309 nescire

326 2468 381 2511 (ι)
410 2468 460 2501 Ita
482 2466 666 2507 Ballerini,
683 2478 761 2513 syn.
777 2466 818 2499 de
838 2474 905 2500 act.
928 2466 1027 2500 hum.
1051 2464 1317 2500 num.16.Vide
1335 2475 1451 2510 super.
1473 2476 1573 2498 num.
1588 2474 1641 2507 40.

233 2540 315 2573 pag,
349 2537 425 2562 112.

329 2588 385 2632 (2)
414 2586 465 2622 Cf.
496 2598 522 2620 s.
550 2586 630 2629 Th„
658 2598 683 2620 1.
709 2597 741 2622 2.
772 2598 802 2632 q.
824 2585 878 2630 76.
907 2598 936 2619 a.
965 2596 997 2620 2.
1019 2585 1062 2618 de
1088 2585 1185 2619 Malo
1215 2596 1245 2630 q.
1269 2594 1322 2627 15.
1354 2595 1386 2618 a.
1408 2583 1514 2628 7.Cf.
1535 2584 1642 2618 etiam

233 2648 374 2689 Suarez,
409 2657 433 2681 1⁴
462 2658 494 2682 2.
520 2655 619 2681 tract.
648 2657 678 2681 2.
707 2646 795 2693 disp.
821 2646 881 2681 IV.
911 2645 1072 2692 aliosque
1097 2657 1121 2680 s.
1151 2643 1219 2679 Th.
1237 2651 1551 2679 commentatores.
