1734 2784
798 109 856 115 .-.
893 83 971 138 198
1004 107 1062 116 .-

226 173 432 218 quantum
467 160 516 204 ad
549 161 683 218 ipsam
717 160 994 203 substantiam
1029 161 1210 203 actionis
1255 161 1450 219 inspecti,
1486 160 1648 204 diffor—

227 247 317 274 mes
350 243 449 274 sunt
481 231 529 274 ab
562 232 711 275 ordine
744 231 948 275 naturali:
997 230 1070 274 sed
1117 232 1302 275 actiones
1351 248 1395 276 se
1433 233 1637 277 movendi

227 302 277 345 de
310 302 405 345 loco
439 303 480 344 in
515 302 673 359 locum,
707 302 886 345 exeundi
921 301 1073 356 domo,
1108 302 1316 360 pergendi
1353 302 1403 347 ad
1438 319 1639 362 campum

227 384 306 415 etc.
341 374 374 415 si
407 389 428 416 a
461 372 542 416 fine
575 374 788 430 operantis
821 386 861 416 ct
893 372 940 416 ab
975 372 1259 416 accidentibus
1309 374 1650 418 individualibus.

227 444 507 501 praesc-indas,
540 461 693 502 easque
741 458 906 502 spectes
955 444 1236 488 solummodo
1283 462 1331 488 ex
1364 444 1530 488 obiecto
1564 461 1639 489 seu

227 527 434 572 quantum
468 516 518 559 ad
552 517 685 572 ipsam
720 516 1014 568 substantiam,
1064 531 1201 573 neque
1248 528 1347 559 sunt
1397 516 1650 560 conformes.

228 587 365 629 ordini
398 585 590 638 naturali,
609 601 746 642 neque
769 599 866 628 sunt
900 586 947 629 ab
971 586 1122 629 eodem
1150 585 1382 630 difformes.
1404 587 1518 643 Ergo
1542 598 1651 629 sunt·

228 657 402 715 quidem
426 658 626 710 actiones,
645 673 765 714 quae,
787 659 863 700 etsi
882 658 1186 700 tantummodo
1212 659 1253 700 in
1277 658 1486 701 abstracto
1510 658 1642 715 inspi-

228 729 403 784 ciantur,
436 727 570 770 bonae
602 740 745 770 tamen
792 741 889 770 sunt
935 728 1000 771 vel
1035 728 1190 785 malae3
1225 729 1297 771 sed
1332 741 1429 771 sunt
1468 744 1651 786 quoque

227 800 431 856 actiones,
464 815 569 856 quae
602 801 635 842 si
668 799 972 843 tantummodo
997 801 1039 841 in
1069 800 1278 843 abstracto
1303 799 1651 856 considerentur,.

229 886 306 913 nec
339 870 474 914 bonae
506 884 605 914 sunt
639 887 714 914 nec
748 871 894 926 malae,
943 871 1015 913 sed
1058 884 1156 913 sunt
1191 872 1232 913 in
1265 887 1421 928 genere
1467 886 1643 914 morum

229 940 529 984 indifferentes.
571 960 590 983 «
624 943 675 985 Et
720 943 762 984 in
812 942 910 995 hoc,
961 954 1007 985 ut
1050 958 1080 986 s,
1128 944 1425 985 Bonaventura
1467 943 1520 985 ait
1557 941 1650 1000 (1),.

229 1016 518 1058 communiter
553 1015 812 1058 concordant
845 1031 1010 1058 omnes.
1046 1033 1066 1055 »

777 1222 934 1261 'l'nfisls
968 1218 1109 1260 XXV.

230 1351 275 1395 Si
307 1359 417 1394 actus
463 1351 632 1393 Imm-mni
678 1351 718 1391 in
763 1348 973 1391 individuo
1022 1348 1343 1404 considerentur,
1391 1347 1653 1393 arbitramur

344 1420 655 1480 probabiliorem
686 1435 760 1462 esse
795 1421 1050 1469 sententiam,
1085 1434 1185 1476 quae
1219 1428 1336 1475 nogat
1369 1434 1447 1462 esse
1470 1421 1647 1463 actiones

349 1495 565 1549 humanas,
596 1508 695 1549 qnae
726 1493 777 1535 sic
809 1496 1000 1549 inspectae
1033 1493 1114 1534 sint
1146 1492 1187 1532 in
1216 1506 1355 1547 genere
1388 1507 1546 1534 morum
1577 1494 1656 1535 in-

349 1563 586 1622 differentes.

350 1684 418 1725 75.
453 1671 830 1713 DEMONSTRATlo.
866 1669 1159 1725 Spectabimus
1193 1683 1305 1710 nunc
1337 1668 1523 1710 actiones
1558 1667 1645 1710 hu-

233 1758 392 1798 mana5‚
424 1756 510 1783 non
543 1742 625 1783 iam
658 1739 960 1783 tantummodo
995 1741 1037 1782 in
1070 1738 1267 1782 abstracto
1295 1773 1306 1791 ,
1347 1738 1419 1781 sed
1468 1754 1646 1796 prorsus

234 1814 277 1855 in
308 1821 497 1869 concreto,
516 1813 540 1855 i.
560 1827 594 1855 e.
619 1826 705 1853 non
729 1828 777 1854 ex
800 1811 968 1854 obiecto
991 1822 1172 1862 tantum,
1191 1809 1263 1852 sed
1289 1821 1381 1851 tum
1406 1825 1455 1852 ex
1478 1808 1646 1852 obiecto

233 1895 324 1925 tum
358 1900 407 1925 ex
434 1882 515 1925 fine
547 1894 639 1924 tum
669 1899 719 1925 ex
737 1882 825 1924 aliis
855 1881 1179 1924 circumstantiis
1215 1880 1430 1937 omnibus,
1463 1895 1569 1938 quae
1595 1879 1646 1923 ad

235 1966 475 1996 concretam
508 1954 725 1996 actionum
757 1951 1133 1995 individualitatem
1168 1963 1355 2008 spectant
1377 1950 1461 2009 (2).
1495 1952 1656 2003 Quae-

328 2152 385 2197 (1)
415 2151 512 2185 Loco
540 2162 634 2184 nunc
661 2151 717 2184 cit.
758 2149 873 2184 Affert
902 2149 948 2183 i'oi
981 2160 1007 2183 s.
1036 2148 1223 2189 Thomas,
1253 2147 1341 2181 haec
1380 2146 1485 2180 verba
1521 2157 1548 2180 s.
1577 2145 1650 2179 Au-

235 2209 380 2256 gustini,
406 2210 450 2243 de
475 2220 582 2243 serm.
607 2209 758 2243 Domini
785 2209 817 2241 in
847 2217 971 2242 monte
1004 2207 1025 2241 1.
1052 2207 1095 2241 ΙΙ.
1123 2218 1152 2244 c,
1177 2206 1226 2240 18.
1254 2217 1288 2240 n.
1307 2204 1378 2240 60.:
1402 2205 1523 2239 «Sunt
1543 2216 1653 2250 quae·

236 2270 316 2304 dam
343 2268 435 2303 facta
462 2268 591 2310 media,
620 2280 707 2314 quae
734 2268 953 2313 ignoramus,
983 2278 1051 2313 quo
1083 2266 1206 2300 animo
1249 2264 1345 2306 fiant,
1373 2264 1454 2310 quia
1481 2273 1514 2298 et
1552 2264 1656 2297 bono·

235 2337 268 2363 et
296 2327 393 2362 malo
421 2327 493 2362 fieri
521 2336 680 2373 possunt,
707 2327 750 2360 de
777 2327 906 2372 quibus
941 2325 1178 2360 temerarium
1207 2333 1259 2358 est
1297 2322 1463 2365 iudicare,
1491 2322 1654 2355 maxime

236 2396 274 2421 ut
299 2388 596 2421 condemnemus.
625 2400 642 2418 »
664 2385 720 2420 Cf.
747 2387 855 2419 etiam
895 2396 921 2418 s.
948 2384 1190 2430 Alphonsum‚
1219 2383 1255 2416 in
1281 2390 1385 2417 tract.
1414 2379 1654 2427 praeambulo·

234 2454 336 2481 tract.
362 2446 405 2479 de
432 2446 586 2491 peccatis
612 2454 676 2479 art.
703 2444 767 2478 ult.

330 2505 386 2549 (2)
411 2503 501 2538 Illud
544 2512 724 2549 praeterea
763 2514 911 2537 monere
947 2501 1006 2536 hic
1055 2513 1244 2548 possumus
1271 2512 1353 2535 cum
1383 2498 1571 2540 Suaresio,
1612 2497 1653 2530 in

240 2574 269 2597 1.
295 2572 325 2597 2.
352 2572 450 2597 tract.
478 2563 538 2596 III.
564 2563 653 2608 disp.
679 2563 739 2597 IX.
765 2571 850 2596 sect.
882 2570 924 2604 3.,
957 2574 974 2592 «
1002 2572 1210 2595 sermonem
1237 2571 1314 2594 esse
1341 2559 1384 2593 de
1409 2556 1654 2592 indifferentia
