1734 2784
725 61 782 70 -
816 50 898 92 339
933 61 990 69 “

140 129 285 174 divini·
307 129 562 186 intellectus,
595 129 636 174 h.
669 146 704 173 e.
738 145 827 174 non
859 131 956 175 ideo
990 144 1089 174 sunt
1124 131 1260 190 mala,
1308 133 1406 190 quia
1454 133 1565 178 mala

139 201 379 245 iudicantur
410 217 433 244 a
464 202 577 259 Deo,
610 202 714 259 quin
737 202 881 260 potius
905 201 1003 246 ideo
1027 202 1122 246 talia
1145 203 1386 247 iudicantur
1410 221 1431 248 a
1448 206 1564 260 Deo,

135 274 236 332 quia
268 289 318 316 ex
340 287 384 315 se
406 272 504 315 talia
525 285 637 316 sunt.
656 273 718 316 Ex
741 288 827 331 quo
851 272 955 317 illud
978 273 1171 329 efficitur,
1199 288 1245 318 ut
1268 289 1362 320 ante
1387 292 1565 320 omnem

136 345 220 388 Dei
252 343 518 387 voluntatem
542 356 582 387 et
616 345 863 402 imperium,
887 346 1027 389 immo
1052 347 1179 389 etiam
1204 360 1299 391 ante
1333 365 1464 393 omne
1492 350 1564 393 iu—

136 415 314 469 dicium,
347 414 485 473 aliqua
519 430 572 458 ex
606 431 650 458 se
683 417 766 459 sint
806 415 915 460 bona
963 432 1096 474 opera
1142 417 1208 461 vel
1259 420 1421 464 mala.»
1468 422 1566 465 Hoc

138 487 389 545 praestituto
423 486 650 543 principio,
686 487 742 529 ita
775 498 960 543 arguunt
1002 486 1087 546 (1).
1137 487 1382 533 Illiusmodi
1433 507 1564 549 opera

136 571 238 602 sunt
260 557 368 600 mala
390 557 690 600 antecedenter
714 557 765 601 ad
789 558 1104 602 ordinationem
1132 559 1298 603 divinae
1332 563 1564 619 sapientiae

136 643 180 674 et
213 628 455 672 voluntatis.
478 630 610 686 Atqui
642 638 730 671 n'on
763 641 862 672 sunt
886 629 995 672 mala
1018 630 1317 675 antecedenter
1341 632 1391 676 ad
1419 632 1564 690 legem

136 701 368 745 naturalem
388 702 563 758 eiusque
587 700 907 758 obligationem.
927 703 1043 759 Ergo
1067 702 1133 745 lex
1156 704 1358 747 naturalis
1383 706 1560 763 eiusque

136 772 340 830 obligatio
375 772 517 830 aliquo
552 771 686 815 modo
731 772 983 816 antecedunt
1032 773 1350 818 ordinationem
1395 776 1562 820 divinae

135 844 364 903 sapientiae
399 856 439 886 et
482 843 726 886 voluntatis,
761 845 894 901 Atqui
941 845 1241 889 antecedenter
1284 846 1336 890 ad
1386 847 1562 891 ordina·

134 919 299 961 tionem
333 917 454 970 hanc,
488 933 576 959 non
610 929 751 974 potest
784 916 899 960 aliud
933 918 1168 974 assignari,
1203 935 1332 977 quam
1379 921 1562 964 essentia

134 989 225 1046 ipsa
257 1003 302 1030 ac
335 999 484 1030 natura
517 986 745 1030 rationalis.
782 988 897 1044 Ergo
932 987 1033 1030 haec
1066 1002 1213 1032 natura
1247 1003 1309 1033 651
1341 989 1406 1033 lex
1439 1004 1562 1034 natu-

133 1060 246 1115 ralis,
276 1072 399 1117 atque
433 1075 484 1102 ex
519 1076 567 1103 ea
598 1058 798 1102 naturalis
832 1059 970 1118 aliqua
1003 1059 1206 1117 obligatio
1241 1062 1432 1118 profluit.

248 1132 443 1175 Iamvero
477 1130 580 1174 haec
612 1130 698 1173 duo
731 1129 1134 1174 animadvertantur.
1171 1158 1227 1166 —
1257 1133 1298 1191 J.)
1321 1135 1368 1176 In
1402 1135 1558 1192 primis

131 1203 341 1246 recolatur
375 1201 608 1258 distinctio,
642 1201 692 1244 de
732 1217 814 1259 qua
846 1203 1042 1260 superius
1092 1202 1280 1247 diximus
1316 1204 1416 1263 (2),
1452 1206 1561 1249 inter

132 1273 336 1316 malitiam
360 1273 599 1330 formalem,
629 1284 668 1315 et
704 1271 908 1315 malitiam
934 1273 1320 1331 fundamentalem,
1354 1292 1429 1319 seu
1463 1276 1560 1320 fun—

131 1344 384 1388 damentum
432 1344 632 1387 malitiae.
666 1369 722 1376 —
747 1343 792 1402 ¹3)
826 1345 1130 1402 Distinguatur
1180 1347 1291 1389 inter
1335 1347 1406 1402 id,
1441 1348 1561 1406 quod

129 1428 194 1459 est
216 1417 416 1458 motivmn
438 1414 544 1472 legis
569 1427 608 1457 et
623 1415 944 1472 fundamentum
967 1415 1254 1474 obligationis,
1274 1431 1397 1475 atque
1416 1420 1555 1477 ipsam

224 1614 280 1658 (1)
308 1613 361 1646 En
389 1613 463 1656 ipsa
490 1611 679 1656 Vasquesii
707 1612 827 1646 verba,
856 1611 955 1646 ibid:
989 1611 1140 1646 «Omne
1168 1613 1303 1647 bonum
1331 1614 1387 1648 vel
1415 1615 1554 1650 malum

129 1685 192 1720 per
217 1673 380 1707 ordinem
410 1671 452 1705 ad
481 1671 643 1715 regulam
671 1670 828 1716 aliquam
856 1670 987 1705 dicitur
1012 1672 1150 1706 bonum
1179 1671 1235 1705 vel
1264 1673 1410 1708 malum.
1440 1675 1552 1721 Atqui

128 1742 211 1768 ante
237 1743 387 1766 omnem
415 1732 641 1765 voluntatem
671 1738 705 1764 et
731 1730 941 1775 imperium,
972 1731 1046 1765 imo
1074 1732 1185 1766 etiam
1213 1741 1295 1767 ante
1323 1744 1433 1768 omne
1460 1734 1557 1768 iudi-

130 1794 226 1828 cium
254 1792 370 1838 aliqua
397 1804 438 1825 ex
465 1802 502 1825 se
529 1799 609 1825 sunt
638 1791 732 1824 bona
757 1802 867 1835 opera
893 1790 950 1824 vel
978 1791 1084 1826 mala.
1113 1792 1208 1837 Ergo
1236 1801 1319 1826 ante
1346 1804 1458 1828 omne
1486 1794 1556 1828 im-

131 1853 281 1899 perium,
309 1860 391 1886 ante
419 1862 567 1884 omnem
606 1849 847 1891 voluntatem,
876 1850 990 1884 immo
1017 1860 1099 1885 ante
1138 1862 1249 1886 omne
1290 1852 1464 1887 iudicium
1506 1864 1559 1889 est

128 1911 253 1959 regula
281 1911 457 1957 quaedam
486 1911 613 1944 harum
642 1910 842 1944 actionum.
864 1910 960 1944 Haec
981 1920 1102 1945 autem
1131 1922 1205 1945 non
1225 1920 1348 1956 potest
1367 1912 1436 1947 alia
1464 1925 1555 1956 esse,

126 1981 234 2017 quam
261 1969 414 2015 ipsamet
442 1978 569 2003 natura
598 1968 782 2002 rationalis
812 1980 854 2002 ex
893 1980 929 2003 se
957 1981 1031 2004 non
1064 1969 1256 2015 implicans
1296 1972 1555 2009 contradictio-

127 2041 226 2072 nem,
255 2030 310 2063 cui
337 2038 522 2075 tamquam
550 2028 694 2073 regulae
722 2038 755 2063 et
784 2029 850 2061 iuri
878 2029 1028 2063 naturali
1068 2030 1183 2065 bonae
1211 2032 1371 2066 actiones
1417 2044 1555 2068 conve-

128 2090 233 2124 niunt
260 2098 292 2123 et
321 2099 526 2134 aequantur.
546 2088 663 2122 malae
691 2097 811 2122 autem
839 2088 1027 2123 dissonant
1056 2098 1090 2123 et
1117 2090 1323 2136 inaequales
1351 2100 1447 2126 sunt:
1471 2104 1556 2138 qua-

130 2151 295 2185 mobrem
322 2150 405 2184 illac·
433 2151 561 2191 bonae,
579 2149 645 2182 hae
672 2157 791 2183 autem
811 2148 927 2183 malae
947 2149 1120 2184 dicendae
1147 2159 1240 2184 sunt.
1263 2164 1280 2180 »
1312 2150 1450 2184 Ibidem
1469 2151 1556 2187 haec

129 2209 249 2243 habet:
279 2222 296 2240 (ε
314 2209 387 2243 Lex
413 2208 584 2243 naturalis
610 2209 644 2241 in
673 2217 831 2242 creatura
858 2208 1024 2242 rationali
1053 2217 1105 2242 est
1134 2209 1290 2254 ipsamet
1309 2218 1447 2252 natura,
1470 2222 1556 2256 qua-

126 2278 232 2304 tenus
260 2269 456 2309 rationalis,
476 2269 557 2314 quia
577 2268 666 2302 haec
687 2276 738 2302 est
758 2269 872 2313 prima
893 2267 1016 2313 regula
1036 2269 1121 2302 boni
1141 2278 1175 2303 et
1196 2269 1296 2303 mali.
1316 2284 1332 2299 »
1357 2270 1399 2303 Et
1421 2281 1551 2305 rursus:

132 2341 150 2358 «
170 2327 243 2361 Lex
271 2327 454 2369 naturalis,
484 2327 511 2360 si
554 2338 617 2372 pro
645 2326 760 2372 prima
790 2326 911 2371 regula
953 2327 1104 2361 naturali
1143 2328 1328 2361 actionum
1371 2336 1556 2364 creaturae

128 2386 314 2421 rationalis
341 2387 510 2432 capiatur,
539 2386 613 2420 sive
642 2387 675 2419 in
703 2387 795 2421 Deo,
816 2386 890 2419 sive
917 2385 952 2418 in
982 2387 1055 2431 ipsa
1085 2395 1244 2421 creatura
1277 2386 1458 2429 rationali,
1481 2399 1553 2422 non

126 2456 182 2482 est
208 2446 413 2491 imperium,
442 2458 504 2480 nec
532 2445 704 2479 iudicium
733 2445 894 2487 rationis,
918 2457 984 2480 nec
1011 2446 1190 2490 voluntas,
1211 2447 1271 2481 5611
1301 2447 1386 2493 quid
1406 2447 1550 2493 prius.»

225 2506 281 2550 (2)
310 2505 400 2540 Vide
428 2518 503 2551 sup.
531 2517 566 2540 n.
602 2504 677 2539 106.
706 2517 785 2551 pag.
816 2513 893 2550 293.
