1734 2784
802 112 1060 152 -226—

212 209 263 252 de
297 206 527 251 individuo.
548 206 766 263 Superiori
792 206 962 261 insuper
1001 202 1320 247 communitatis
1343 202 1409 246 lex
1430 202 1632 247 naturalis

216 281 434 338 praecipit,
485 291 527 320 ut
567 277 760 320 subditos
809 276 859 319 ad
906 290 1138 334 commune
1185 273 1347 317 bonum
1395 274 1629 318 volendum

221 363 262 394 et
296 348 610 416 procurandum
647 347 797 390 mediis
831 348 939 404 aptis
988 324 1208 404 propellat,
1250 344 1442 389 medium
1489 357 1631 402 autem

214 423 397 464 omnino
430 433 575 478 aptum
610 432 649 461 et
683 418 814 461 indoli
853 430 1025 460 naturae
1059 417 1267 460 humanae
1299 418 1490 475 apprime
1525 431 1632 460 con-

214 493 390 535 veniens
439 503 499 533 est
548 490 838 547 praemiorum
881 488 1107 532 retributio
1141 491 1183 530 in
1217 504 1304 542 eos,
1354 489 1426 546 qui
1468 487 1631 532 bonum

214 578 447 606 commune
481 572 737 619 promovent
766 572 804 602 et
828 559 932 602 bene
951 575 1049 617 erga
1072 560 1213 616 ipsum
1248 573 1346 602 sunt
1380 557 1532 613 affecti,
1557 575 1632 603 seu

216 635 319 677 boni
354 646 451 676 sunt
485 633 603 674 socii.

334 706 423 747 Ιιιιιι
457 704 490 745 si
524 704 710 745 actiones
743 717 781 745 V.
811 718 850 758 g.
890 702 1083 744 servandi
1117 703 1247 744 vitam
1283 703 1487 759 proximi,
1525 701 1633 745 libe-

214 775 331 819 randi
380 775 555 832 patriam
590 786 666 816 etc.
716 785 813 815 suut
862 773 1136 829 meritoriae,
1167 773 1463 816 demeritoriae
1511 785 1634 816 erunt

215 847 448 889 contrariae
471 846 656 887 actiones
680 843 900 886 occidendi
929 845 1194 901 proximum,
1218 844 1422 900 prodendi
1441 845 1630 903 patriam.

216 919 268 961 Et
301 933 400 960 sane
426 918 503 959 hae
527 918 713 959 actiones
738 928 836 958 sunt
862 917 1081 959 moraliter
1117 916 1262 969 malae,
1296 915 1424 959 libere
1458 917 1633 974 positae,

224 989 430 1032 damnum
465 987 581 1030 alteri
615 987 848 1030 afferentes.
872 989 966 1029 Hoc
1000 1002 1134 1030 unum
1168 987 1428 1044 addendum,
1446 986 1632 1030 retribu-

214 1061 378 1103 tionem
413 1074 573 1117 poenae
606 1058 696 1101 fieri
731 1058 881 1101 debere
919 1059 1119 1102 ordinate.-
1154 1058 1260 1101 ordo
1309 1071 1451 1101 autem
1485 1059 1633 1115 exigit,

216 1143 264 1173 ut
295 1145 383 1173 non
415 1129 589 1187 quidem
624 1130 765 1186 ipsum
798 1128 1085 1181 individuum,
1111 1130 1177 1171 cui
1211 1128 1456 1172 immediate
1489 1143 1632 1172 nocu-

218 1214 413 1244 mentum
448 1199 607 1242 illatum
642 1211 718 1255 est,
762 1215 834 1256 per
868 1214 912 1241 se
955 1212 994 1242 et
1028 1199 1202 1241 arbitrio
1236 1215 1314 1242 suo
1369 1198 1530 1242 malum
1564 1200 1634 1242 in-

221 1270 325 1314 ferat
357 1286 434 1328 pro
469 1270 581 1313 malo
629 1282 814 1327 accepto,
849 1269 922 1312 sed
958 1269 1042 1312 hoc
1095 1281 1277 1326 praestet
1326 1270 1535 1327 princeps,
1569 1271 1635 1312 cui

212 1343 445 1384 commissa
479 1353 540 1383 est
575 1357 670 1383 cura
705 1340 866 1383 ordinis
901 1340 1068 1382 socialis
1116 1356 1188 1397 per
1222 1341 1406 1397 praemia
1444 1355 1635 1396 promo-

217 1412 344 1455 vendi
378 1428 537 1470 perque
560 1427 716 1469 poenas
740 1411 1005 1466 restituendi,
1039 1424 1135 1469 post
1158 1424 1374 1454 maturum
1404 1413 1637 1469 perpetrati

221 1485 412 1527 criminis
447 1499 623 1526 examen
657 1496 696 1526 et
729 1482 935 1526 iudicium
969 1483 1056 1542 (1)

337 1558 452 1599 Haec
499 1556 644 1599 omnia
689 1555 991 1598 illustrabimus
1041 1554 1177 1598 verbis
1226 1572 1258 1598 s.
1296 1555 1496 1599 Thomae
1539 1555 1633 1614 (2):

219 1644 241 1667 (ε
266 1628 469 1671 Meritum
504 1640 544 1671 et
578 1627 834 1670 demetitum
868 1626 1069 1670 dicuntur
1102 1628 1143 1670 in
1177 1628 1325 1670 ordine
1359 1627 1409 1670 ad
1443 1626 1630 1671 retribu-

220 1699 402 1753 tionem,
438 1715 543 1756 quae
566 1698 609 1741 fit
633 1698 870 1741 secundum
896 1699 1118 1741 iustitiam:
1143 1698 1367 1741 retributio
1390 1710 1534 1741 autem
1567 1713 1638 1741 se-

223 1769 411 1811 cundum
446 1770 650 1812 iustitiam
684 1769 729 1812 fit
761 1768 885 1811 alicui
914 1785 965 1811 ex
999 1785 1049 1812 eo
1074 1768 1189 1826 quod
1222 1770 1308 1826 agit
1331 1770 1373 1811 in
1395 1768 1638 1826 profectum
1697 1766 1706 1780 '

221 1839 289 1881 vel
321 1853 633 1883 nocumentum
657 1840 838 1884 alterius.
868 1840 942 1882 Est
966 1851 1109 1882 autem
1133 1838 1491 1882 considerandum
1517 1838 1639 1896 quod

228 1911 526 1968 unusquisque
560 1912 602 1952 in
635 1910 771 1968 aliqua
803 1911 1004 1953 societate
1037 1909 1183 1952 vivens
1218 1922 1279 1952 est
1312 1908 1455 1967 aliquo
1503 1908 1637 1952 modo

219 1994 315 2038 pars
351 1994 389 2024 et
424 1984 667 2026 membrum
701 1983 832 2025 totius
862 1982 1086 2024 societatis.
1113 1981 1394 2038 Quicumque
1417 1996 1520 2038 ergo
1551 1983 1638 2038 agit

218 2128 345 2173 primis
371 2129 460 2173 legis
487 2131 658 2164 naturalis
690 2130 881 2175 principiis,
901 2131 1010 2176 Atqui
1040 2140 1133 2165 certe
1161 2142 1233 2164 non
1263 2131 1314 2164 vis
1343 2131 1448 2172 alios,
1471 2131 1523 2165 nil
1553 2132 1639 2165 boni

218 2188 283 2220 tibi
309 2189 514 2228 retribuere,
541 2202 585 2224 ne
616 2198 760 2232 gratum
789 2189 933 2234 quidem
960 2190 1135 2232 animum,
1164 2191 1208 2223 ob
1240 2190 1335 2224 bona
1362 2201 1380 2223 a
1409 2198 1442 2224 te
1481 2198 1637 2236 accepta.

223 2247 317 2280 Vide
342 2248 589 2290 Aristotelem,
612 2249 719 2283 Euri
748 2249 789 2281 V.
806 2259 822 2281 c
855 2257 883 2290 5.
911 2260 1009 2283 uum.
1029 2248 1072 2290 6„
1094 2250 1152 2283 ubi
1181 2248 1445 2294 obligationem
1472 2248 1639 2284 referend

223 2306 388 2341 beneficii
420 2308 586 2343 incuicat.

317 2366 374 2409 (ι)
399 2367 495 2401 Νοιιι
523 2367 716 2401 discrimen
748 2369 839 2401 inter
860 2368 1054 2413 praemium
1082 2376 1114 2401 et
1139 2374 1293 2413 poenam.
1324 2368 1416 2402 Cum
1456 2375 1639 2412 competat

221 2425 330 2458 etiam
357 2427 501 2470 privatis
531 2428 723 2462 retribuere
751 2428 923 2473 praemia,
947 2428 1008 2461 uni
1037 2436 1177 2461 tantum
1197 2428 1347 2473 principi
1364 2427 1639 2462 communitatis

225 2494 361 2529 spectat
389 2488 524 2530 punire.
553 2486 605 2521 Cf.
632 2499 656 2521 s.
686 2487 766 2528 Th,
796 2498 823 2521 1.
853 2497 883 2521 2.
911 2499 942 2533 q.
971 2495 1026 2533 92.
1055 2499 1082 2522 a.
1114 2497 1144 2521 2.
1172 2487 1215 2520 ad
1246 2495 1278 2529 3.

324 2544 379 2587 (2)
410 2545 446 2577 In
479 2556 507 2579 1.
538 2556 567 2578 2.
595 2557 626 2591 q.
655 2555 709 2579 21.
739 2558 769 2580 a.
812 2555 841 2588 3.
870 2546 961 2580 Vide
988 2546 1311 2591 Tapai·elli‚saggio
1351 2549 1465 2580 teoret.
1506 2543 1580 2579 vol.
1609 2555 1639 2579 1.

225 2600 412 2637 dissertaz.
445 2614 474 2638 1.
500 2615 529 2639 c,
559 2603 591 2638 6.
772 2599 778 2605 ’
