1734 2784
805 137 1039 177 ,62-

201 244 265 276 est
300 231 480 282 bonum,
516 229 631 286 quod
666 243 817 270 omnes
851 229 885 270 si
909 227 1038 270 velint
1063 227 1265 284 consequi
1289 238 1486 284 possunt,
1510 226 1629 285 quod

201 301 334 344 semel
369 299 593 342 obtentum
638 298 879 356 possidetur
926 313 1102 351 secure,
1150 296 1267 354 quod
1309 296 1409 341 boni
1457 309 1625 341 tantum

205 384 385 431 possunt
419 371 602 428 assequi,
639 386 725 427 quo
759 385 888 412 nemo
929 381 1069 426 potest
1117 367 1245 422 abuti,
1280 367 1398 426 quod
1434 383 1626 412 -omnem

205 445 456 486 anxietatem
490 455 530 485 et
563 457 691 483 omne
727 441 887 484 malum
921 440 1117 483 excludit.
1152 441 1266 497 Ergo
1300 439 1456 496 honor,
1474 439 1630 497 gloria,

206 515 317 558 fama
351 530 435 557 non
470 527 568 556 sunt
601 512 817 555 beatitudo
852 511 1041 555 hominis
1074 512 1158 570 (1).

327 587 582 643 Spectentur
617 584 697 642 λθ)
721 584 824 627 hona
847 585 1031 641 corporis.
1059 608 1114 616 —
1132 583 1381 626 Generatim
1410 582 1452 641 ρ)
1484 583 1630 626 onmia

207 657 316 700 bona
352 656 542 713 corporis
577 667 674 697 sunt
710 654 845 696 multo
880 654 1080 711 inferiora
1112 654 1234 697 bonis
1257 654 1438 707 animae,
1461 665 1501 698 et
1525 652 1630 697 refe-

209 742 358 771 runtur
391 726 440 769 ad
475 726 585 769 bona
613 727 790 779 animae,
810 725 1180 783 quemadmodum
1210 726 1349 783 ipsum
1386 740 1541 782 corpus
1568 737 1631 768 est

206 799 380 841 inferius·
415 799 712 854 ani1na‚eique
746 796 1048 840 subordinatur
1067 809 1107 839 et
1124 797 1329 840 inservire
1359 795 1495 839 debet.
1513 795 1630 852 Ergo

208 885 295 912 non
329 882 426 911 sunt
459 868 620 911 bonum
657 867 892 926 perfectum
927 881 966 917 et
1000 867 1212 911 sufficiens
1237 867 1446 911 humanae
1479 866 1630 919 volun-

205 943 314 984 tatis,
334 941 464 998 Atqui
485 939 733 982 huiusmodi
753 938 989 998 perfectum
1008 938 1171 982 bonum
1190 951 1253 982 est
1269 936 1500 987 beatitudo.
1515 939 1630 996 Ergo

205 1011 316 1054 bona
350 1011 539 1068 corporis
573 1025 659 1052 non
693 1022 791 1052 sunt
825 1008 1042 1059 beatitudo
1070 1009 1274 1053 hominis.
1294 1008 1467 1053 Scilicet
1495 1008 1631 1052 homo

208 1083 378 1140 proprie
411 1096 497 1123 non
531 1094 593 1124 est
626 1080 771 1123 beatus
805 1080 1041 1125 secundum
1076 1080 1132 1134 id,
1165 1080 1282 1139 quod
1317 1093 1379 1124 est
1427 1081 1465 1124 ei
1509 1095 1629 1123 com-

211 1168 338 1196 mune
373 1169 468 1195 cum
503 1152 663 1204 brutis,
701 1164 741 1194 et
774 1153 815 1194 in
862 1167 948 1209 quo
997 1153 1123 1195 etiam
1157 1164 1381 1210 superatur
1427 1151 1477 1204 ab
1528 1151 1630 1213 ipsis

208 1224 357 1275 brutis,
391 1223 511 1280 quale
535 1236 597 1266 est
622 1238 776 1280 corpus
801 1238 898 1265 cum
923 1223 1011 1283 eius
1045 1222 1183 1276 bonis,
1202 1222 1275 1266 sed
1299 1221 1539 1276 secundum
1571 1221 1630 1276 id,

208 1296 326 1353 quod
360 1308 421 1338 est
456 1293 804 1352 divinum‚quale
832 1307 894 1337 est
923 1309 1058 1347 mens.
1084 1296 1248 1348 «Quae
1282 1310 1390 1352 pam,
1425 1295 1480 1337 ita
1514 1309 1632 1352 prae-

211 1366 316 1409 clare
351 1366 521 1409 Tullius
544 1365 629 1424 (2),
653 1367 816 1423 optima
847 1377 909 1408 est
941 1366 983 1408 in
1018 1365 1211 1418 homine,
1239 1366 1281 1408 in
1305 1381 1351 1408 ea
1375 1365 1506 1408 situm
1539 1380 1631 1408 esse

209 1452 381 1480 necesse
414 1450 476 1480 θεῖ
508 1436 628 1493 illud,
661 1436 778 1494 quod
826 1438 1007 1494 quaeris,
1056 1437 1287 1497 optimum.
1323 1436 1461 1490 Quid.
1488 1449 1630 1487 autem

210 1520 273 1551 est
307 1509 348 1550 in
384 1508 559 1551 homine
593 1510 730 1564 sagaci
764 1522 811 1550 ac
844 1507 953 1550 bona
986 1520 1128 1565 mente
1158 1507 1344 1561 melius?
1372 1508 1494 1567 'Eius‘
1514 1506 1631 1550 bono

209 1578 437 1621 fruendum
472 1591 533 1621 est
566 1580 708 1636 igitur,
742 1579 776 1620 si
825 1578 934 1621 beati
958 1594 1058 1641 esse
1094 1578 1334 1622 velimus.»
1374 1578 1631 1621 Praesertim

307 1776 360 1819 (ι)
386 1776 457 1809 Has
485 1775 642 1809 rationes
669 1786 710 1809 ex
737 1786 764 1810 s.
793 1774 878 1817 Th„
902 1786 932 1810 1.
954 1785 996 1823 2.>
1013 1787 1044 1821 q.
1065 1785 1098 1810 2.
1127 1787 1157 1809 a.
1190 1784 1276 1817 1-4.,
1296 1773 1508 1820 delegimus.
1526 1774 1629 1808 Idem

209 1837 404 1877 s.Doetor,
431 1836 478 1870 ib.
498 1836 533 1869 in
560 1836 629 1870 fine
658 1835 795 1870 articuli
822 1823 1120 1882 quartquuatuor
1139 1835 1235 1869 addit
1262 1835 1421 1870 rationes
1439 1835 1629 1881 generales

211 1907 275 1941 pro
293 1896 399 1929 bonis
417 1895 570 1929 externis
597 1906 658 1929 seu
685 1894 862 1928 fortunae.
889 1895 933 1939 1.)
959 1894 1153 1929 Beatitudo
1180 1895 1305 1940 nequit
1324 1894 1360 1928 in
1380 1894 1544 1929 subiecto
1562 1905 1629 1929 co-

213 1956 339 2000 niungi
367 1966 447 1988 cum
476 1954 550 1987 ullo
580 1954 689 1995 malo,
720 1954 930 1999 praesertim
959 1955 1132 1996 maximo,
1160 1953 1263 2000 quale
1291 1961 1343 1988 est
1371 1953 1509 1987 malum
1548 1965 1634 1988 mo·

215 2012 298 2054 mle,
327 2021 360 2046 et
386 2012 536 2058 proinde
564 2014 685 2058 nequit
713 2023 791 2046 esse
820 2013 854 2046 in
881 2012 1092 2046 hominibus
1117 2012 1299 2058 improbis.
1326 2011 1438 2059 Atqui
1469 2012 1629 2052 divitiae,

213 2073 343 2113 honor,
371 2072 495 2118 gloria,
523 2072 685 2117 potentia
710 2073 881 2118 coniungi
908 2081 1058 2117 possunt
1087 2083 1169 2106 cum
1195 2071 1306 2113 malo,
1343 2070 1630 2114 etiamfmorali‚

213 2140 248 2165 et
274 2132 308 2164 in
346 2131 554 2165 hominibus
581 2131 755 2175 improbis
795 2142 871 2165 esse
906 2139 1068 2176 possunt,
1096 2139 1128 2165 et
1157 2141 1282 2176 reapse
1320 2139 1415 2167 sunt.
1444 2131 1495 2175 2.)
1521 2130 1634 2166 Beati-

213 2191 300 2225 tudo
329 2199 379 2224 est
404 2190 541 2223 bonum
570 2190 758 2225 sufficiens.
779 2192 902 2237 Atqui,
924 2191 1053 2225 habitis
1080 2181 1296 2233 illisbonis,
1315 2200 1466 2237 possunt
1489 2190 1631 2225 homini

214 2250 336 2283 deesse
363 2249 475 2282 multa
501 2250 596 2282 bona
623 2250 835 2292 necessaria,
854 2260 892 2284 ut
921 2250 1095 2296 sapientia
1123 2259 1156 2285 et
1182 2250 1302 2285 virtus.
1333 2250 1381 2294 3.)
1405 2249 1633 2286 Beatitudine

215 2319 324 2341 nemo
352 2317 469 2353 potest
496 2307 590 2341 male
617 2308 678 2350 uti,
706 2320 820 2354 neque
859 2320 901 2342 ex
931 2309 990 2343 illa
1016 2318 1134 2355 potest
1173 2309 1315 2343 homini
1354 2309 1633 2344 advenire'ma-

214 2367 305 2401 lum.
334 2367 443 2413 Atqui
471 2367 514 2400 iis
539 2368 645 2401 bonis
672 2376 789 2412 potest
817 2370 894 2415 quis
921 2368 1015 2402 male
1041 2369 1105 2411 uti,
1133 2378 1165 2403 et
1194 2378 1312 2415 potest
1348 2380 1389 2403 ex
1416 2369 1458 2404 iis
1490 2369 1634 2404 homini

215 2426 381 2460 advenire
418 2426 565 2460 malum.
606 2426 656 2470 4.)
694 2427 883 2461 Beatitudo
911 2439 985 2461 non
1025 2428 1156 2473 pendet
1197 2439 1216 2462 a
1255 2429 1371 2462 causis
1410 2428 1634 2470 extrinsecis,

216 2485 423 2528 praesertim
448 2495 533 2518 vero
562 2496 580 2518 a
607 2484 757 2518 fortuna.
785 2485 895 2531 Atqui
922 2486 982 2520 illa
1010 2495 1155 2520 externa
1183 2487 1279 2521 bona
1297 2486 1453 2532 pendent
1473 2498 1492 2520 a
1512 2487 1630 2521 causis

215 2543 433 2582 extrinsecis,
461 2552 493 2577 et
520 2543 737 2577 nominatim
765 2555 784 2577 a
810 2543 963 2578 fortuna:
993 2545 1088 2579 unde
1117 2545 1285 2580 dicuntur
1310 2546 1406 2580 bona
1433 2544 1614 2580 fortunae.

313 2603 368 2645 (2)
395 2601 505 2636 Tusc.
534 2602 577 2636 V.
607 2611 660 2647 23.
