<?xml version="1.0" encoding="UTF-8"?>
<!DOCTYPE html PUBLIC "-//W3C//DTD XHTML 1.0 Transitional//EN"
    "http://www.w3.org/TR/xhtml1/DTD/xhtml1-transitional.dtd">
<html xmlns="http://www.w3.org/1999/xhtml" xml:lang="en" lang="en">
 <head>
  <title>
</title>
<meta http-equiv="Content-Type" content="text/html;charset=utf-8" />
  <meta name='ocr-system' content='tesseract 3.04.00' />
  <meta name='ocr-capabilities' content='ocr_page ocr_carea ocr_par ocr_line ocrx_word'/>
</head>
<body>
  <div class='ocr_page' id='page_1' title='image "./institutionesphi01ferr_0074.png"; bbox 0 0 1734 2784; ppageno 0'>
   <div class='ocr_carea' id='block_1_1' title="bbox 170 198 1599 610">
    <p class='ocr_par' dir='ltr' id='par_1_1' title="bbox 170 198 1599 610">
     <span class='ocr_line' id='line_1_1' title="bbox 171 198 1599 258; baseline 0.001 -17"><span class='ocrx_word' id='word_1_1' title='bbox 171 212 330 258; x_wconf 84' lang='lat' dir='ltr'>spectat</span> <span class='ocrx_word' id='word_1_2' title='bbox 354 198 402 241; x_wconf 89' lang='lat' dir='ltr'>ad</span> <span class='ocrx_word' id='word_1_3' title='bbox 429 211 639 241; x_wconf 83' lang='lat' dir='ltr'>creaturas</span> <span class='ocrx_word' id='word_1_4' title='bbox 673 198 957 251; x_wconf 77' lang='lat' dir='ltr'>irrationales,</span> <span class='ocrx_word' id='word_1_5' title='bbox 989 200 1141 242; x_wconf 90' lang='lat' dir='ltr'>«Deus</span> <span class='ocrx_word' id='word_1_6' title='bbox 1175 199 1349 256; x_wconf 79' lang='lat' dir='ltr'>proprie</span> <span class='ocrx_word' id='word_1_7' title='bbox 1373 198 1599 257; x_wconf 87' lang='lat' dir='ltr'>loquendo</span> 
     </span>
     <span class='ocr_line' id='line_1_2' title="bbox 172 269 1597 327; baseline 0.001 -15"><span class='ocrx_word' id='word_1_8' title='bbox 172 286 257 312; x_wconf 90' lang='lat' dir='ltr'>non</span> <span class='ocrx_word' id='word_1_9' title='bbox 283 282 394 312; x_wconf 86' lang='lat' dir='ltr'>amat</span> <span class='ocrx_word' id='word_1_10' title='bbox 419 285 486 312; x_wconf 86' lang='lat' dir='ltr'>eas</span> <span class='ocrx_word' id='word_1_11' title='bbox 509 285 655 313; x_wconf 84' lang='lat' dir='ltr'>amore</span> <span class='ocrx_word' id='word_1_12' title='bbox 687 270 912 326; x_wconf 78' lang='lat' dir='ltr'>amicitiae,</span> <span class='ocrx_word' id='word_1_13' title='bbox 945 269 1021 313; x_wconf 86' lang='lat' dir='ltr'>sed</span> <span class='ocrx_word' id='word_1_14' title='bbox 1053 271 1173 327; x_wconf 80' lang='lat' dir='ltr'>quasi</span> <span class='ocrx_word' id='word_1_15' title='bbox 1209 271 1597 327; x_wconf 76' lang='lat' dir='ltr'>concupiscentiae,</span> 
     </span>
     <span class='ocr_line' id='line_1_3' title="bbox 170 340 1597 399; baseline 0.002 -17"><span class='ocrx_word' id='word_1_16' title='bbox 170 342 422 399; x_wconf 80' lang='lat' dir='ltr'>inquantum</span> <span class='ocrx_word' id='word_1_17' title='bbox 457 340 624 384; x_wconf 85' lang='lat' dir='ltr'>ordinat</span> <span class='ocrx_word' id='word_1_18' title='bbox 657 356 726 384; x_wconf 92' lang='lat' dir='ltr'>eas</span> <span class='ocrx_word' id='word_1_19' title='bbox 749 340 799 383; x_wconf 89' lang='lat' dir='ltr'>ad</span> <span class='ocrx_word' id='word_1_20' title='bbox 823 341 1046 384; x_wconf 78' lang='lat' dir='ltr'>rationales</span> <span class='ocrx_word' id='word_1_21' title='bbox 1083 354 1307 394; x_wconf 85' lang='lat' dir='ltr'>creaturaS,</span> <span class='ocrx_word' id='word_1_22' title='bbox 1327 354 1366 384; x_wconf 89' lang='lat' dir='ltr'>et</span> <span class='ocrx_word' id='word_1_23' title='bbox 1390 342 1517 385; x_wconf 90' lang='lat' dir='ltr'>etiam</span> <span class='ocrx_word' id='word_1_24' title='bbox 1541 342 1597 385; x_wconf 89' lang='lat' dir='ltr'>ad</span> 
     </span>
     <span class='ocr_line' id='line_1_4' title="bbox 171 411 1598 470; baseline 0.001 -16"><span class='ocrx_word' id='word_1_25' title='bbox 171 413 376 468; x_wconf 88' lang='lat' dir='ltr'>seipsum,</span> <span class='ocrx_word' id='word_1_26' title='bbox 409 428 496 455; x_wconf 90' lang='lat' dir='ltr'>non</span> <span class='ocrx_word' id='word_1_27' title='bbox 531 412 649 469; x_wconf 89' lang='lat' dir='ltr'>quasi</span> <span class='ocrx_word' id='word_1_28' title='bbox 683 413 744 455; x_wconf 89' lang='lat' dir='ltr'>eis</span> <span class='ocrx_word' id='word_1_29' title='bbox 777 411 980 469; x_wconf 77' lang='lat' dir='ltr'>indigeat,</span> <span class='ocrx_word' id='word_1_30' title='bbox 1013 412 1086 456; x_wconf 86' lang='lat' dir='ltr'>sed</span> <span class='ocrx_word' id='word_1_31' title='bbox 1121 425 1293 470; x_wconf 88' lang='lat' dir='ltr'>propter</span> <span class='ocrx_word' id='word_1_32' title='bbox 1318 427 1436 455; x_wconf 88' lang='lat' dir='ltr'>suam</span> <span class='ocrx_word' id='word_1_33' title='bbox 1472 412 1598 456; x_wconf 86' lang='lat' dir='ltr'>boni-</span> 
     </span>
     <span class='ocr_line' id='line_1_5' title="bbox 171 481 1595 541; baseline -0.001 -16"><span class='ocrx_word' id='word_1_34' title='bbox 171 494 300 525; x_wconf 86' lang='lat' dir='ltr'>tatem</span> <span class='ocrx_word' id='word_1_35' title='bbox 335 496 374 526; x_wconf 88' lang='lat' dir='ltr'>et</span> <span class='ocrx_word' id='word_1_36' title='bbox 407 496 595 525; x_wconf 86' lang='lat' dir='ltr'>nostram</span> <span class='ocrx_word' id='word_1_37' title='bbox 632 481 871 525; x_wconf 82' lang='lat' dir='ltr'>utilitatem.</span> <span class='ocrx_word' id='word_1_38' title='bbox 898 483 1399 541; x_wconf 83' lang='lat' dir='ltr'>Concupiscimusenim</span> <span class='ocrx_word' id='word_1_39' title='bbox 1433 482 1595 541; x_wconf 83' lang='lat' dir='ltr'>aliquid.</span> 
     </span>
     <span class='ocr_line' id='line_1_6' title="bbox 174 552 1131 610; baseline 0.002 -15"><span class='ocrx_word' id='word_1_40' title='bbox 174 565 213 595; x_wconf 85' lang='lat' dir='ltr'>et</span> <span class='ocrx_word' id='word_1_41' title='bbox 247 552 369 596; x_wconf 75' lang='lat' dir='ltr'>nobis</span> <span class='ocrx_word' id='word_1_42' title='bbox 403 566 442 596; x_wconf 88' lang='lat' dir='ltr'>et</span> <span class='ocrx_word' id='word_1_43' title='bbox 476 553 579 596; x_wconf 82' lang='lat' dir='ltr'>aliis,</span> <span class='ocrx_word' id='word_1_44' title='bbox 602 570 620 592; x_wconf 76' lang='lat' dir='ltr'>n</span> <span class='ocrx_word' id='word_1_45' title='bbox 662 553 724 596; x_wconf 79' lang='lat' dir='ltr'>Ita</span> <span class='ocrx_word' id='word_1_46' title='bbox 756 569 788 596; x_wconf 90' lang='lat' dir='ltr'>s.</span> <span class='ocrx_word' id='word_1_47' title='bbox 823 552 1021 596; x_wconf 81' lang='lat' dir='ltr'>Thomas</span> <span class='ocrx_word' id='word_1_48' title='bbox 1055 554 1131 610; x_wconf 89' lang='lat'>(1).</span> 
     </span>
    </p>
   </div>
   <div class='ocr_carea' id='block_1_2' title="bbox 740 741 1030 785">
    <p class='ocr_par' dir='ltr' id='par_1_2' title="bbox 740 741 1030 785">
     <span class='ocr_line' id='line_1_7' title="bbox 740 741 1030 785; baseline 0.003 -1"><span class='ocrx_word' id='word_1_49' title='bbox 740 745 900 785; x_wconf 73' lang='lat' dir='ltr'>Tur-:Sis</span> <span class='ocrx_word' id='word_1_50' title='bbox 934 741 1030 785; x_wconf 90' lang='lat' dir='ltr'>VII.</span> 
     </span>
    </p>
   </div>
   <div class='ocr_carea' id='block_1_3' title="bbox 177 869 1601 1057">
    <p class='ocr_par' dir='ltr' id='par_1_3' title="bbox 177 869 1601 1057">
     <span class='ocr_line' id='line_1_8' title="bbox 177 869 1601 930; baseline -0.001 -16"><span class='ocrx_word' id='word_1_51' title='bbox 177 872 355 915; x_wconf 76' lang='lat' dir='ltr'>Nullum</span> <span class='ocrx_word' id='word_1_52' title='bbox 387 880 439 914; x_wconf 78' lang='lat' dir='ltr'>est</span> <span class='ocrx_word' id='word_1_53' title='bbox 473 871 622 914; x_wconf 76' lang='lat' dir='ltr'>bonum</span> <span class='ocrx_word' id='word_1_54' title='bbox 643 870 817 930; x_wconf 79' lang='lat' dir='ltr'>finitum</span> <span class='ocrx_word' id='word_1_55' title='bbox 839 905 849 923; x_wconf 93' lang='lat'>,</span> <span class='ocrx_word' id='word_1_56' title='bbox 884 870 1000 913; x_wconf 73' lang='lat' dir='ltr'>nulla</span> <span class='ocrx_word' id='word_1_57' title='bbox 1053 878 1109 913; x_wconf 77' lang='lat' dir='ltr'>est</span> <span class='ocrx_word' id='word_1_58' title='bbox 1152 869 1347 913; x_wconf 74' lang='lat' dir='ltr'>honorum</span> <span class='ocrx_word' id='word_1_59' title='bbox 1376 869 1601 928; x_wconf 76' lang='lat' dir='ltr'>finitorum</span> 
     </span>
     <span class='ocr_line' id='line_1_9' title="bbox 291 940 1596 1001; baseline -0.002 -14"><span class='ocrx_word' id='word_1_60' title='bbox 291 943 478 995; x_wconf 77' lang='lat' dir='ltr'>collectio,</span> <span class='ocrx_word' id='word_1_61' title='bbox 512 945 625 986; x_wconf 75' lang='lat' dir='ltr'>cuius</span> <span class='ocrx_word' id='word_1_62' title='bbox 652 943 846 1001; x_wconf 80' lang='lat' dir='ltr'>possessio</span> <span class='ocrx_word' id='word_1_63' title='bbox 880 943 933 985; x_wconf 82' lang='lat' dir='ltr'>sit</span> <span class='ocrx_word' id='word_1_64' title='bbox 961 941 1181 999; x_wconf 78' lang='lat' dir='ltr'>perfectum</span> <span class='ocrx_word' id='word_1_65' title='bbox 1215 950 1249 984; x_wconf 77' lang='lat' dir='ltr'>et</span> <span class='ocrx_word' id='word_1_66' title='bbox 1281 940 1477 998; x_wconf 70' lang='lat' dir='ltr'>sufficiens</span> <span class='ocrx_word' id='word_1_67' title='bbox 1521 941 1596 984; x_wconf 84' lang='lat' dir='ltr'>ho-</span> 
     </span>
     <span class='ocr_line' id='line_1_10' title="bbox 293 1012 1195 1057; baseline 0 -1"><span class='ocrx_word' id='word_1_68' title='bbox 293 1015 414 1057; x_wconf 78' lang='lat' dir='ltr'>minis</span> <span class='ocrx_word' id='word_1_69' title='bbox 447 1014 596 1057; x_wconf 74' lang='lat' dir='ltr'>bonum</span> <span class='ocrx_word' id='word_1_70' title='bbox 628 1029 696 1057; x_wconf 75' lang='lat' dir='ltr'>seu</span> <span class='ocrx_word' id='word_1_71' title='bbox 731 1028 829 1057; x_wconf 78' lang='lat' dir='ltr'>vera</span> <span class='ocrx_word' id='word_1_72' title='bbox 860 1015 944 1056; x_wconf 73' lang='lat' dir='ltr'>eius</span> <span class='ocrx_word' id='word_1_73' title='bbox 977 1012 1195 1056; x_wconf 72' lang='lat' dir='ltr'>beatitudo.</span> 
     </span>
    </p>
   </div>
   <div class='ocr_carea' id='block_1_4' title="bbox 177 1142 1600 1343">
    <p class='ocr_par' dir='ltr' id='par_1_4' title="bbox 177 1142 1600 1343">
     <span class='ocr_line' id='line_1_11' title="bbox 294 1142 1599 1200; baseline -0.005 -11"><span class='ocrx_word' id='word_1_74' title='bbox 294 1158 361 1189; x_wconf 84' lang='lat'>22.</span> <span class='ocrx_word' id='word_1_75' title='bbox 395 1145 758 1188; x_wconf 76' lang='lat' dir='ltr'>PRAENoTtoNEs.</span> <span class='ocrx_word' id='word_1_76' title='bbox 794 1144 946 1187; x_wconf 87' lang='lat' dir='ltr'>Posset</span> <span class='ocrx_word' id='word_1_77' title='bbox 978 1143 1079 1186; x_wconf 83' lang='lat' dir='ltr'>haec</span> <span class='ocrx_word' id='word_1_78' title='bbox 1111 1142 1243 1186; x_wconf 89' lang='lat' dir='ltr'>thesis</span> <span class='ocrx_word' id='word_1_79' title='bbox 1289 1142 1599 1200; x_wconf 77' lang='lat' dir='ltr'>praetermitti,</span> 
     </span>
     <span class='ocr_line' id='line_1_12' title="bbox 177 1211 1599 1273; baseline -0.003 -15"><span class='ocrx_word' id='word_1_80' title='bbox 177 1232 274 1259; x_wconf 89' lang='lat' dir='ltr'>cum</span> <span class='ocrx_word' id='word_1_81' title='bbox 308 1231 395 1258; x_wconf 90' lang='lat' dir='ltr'>non</span> <span class='ocrx_word' id='word_1_82' title='bbox 429 1216 481 1258; x_wconf 91' lang='lat' dir='ltr'>sit</span> <span class='ocrx_word' id='word_1_83' title='bbox 513 1215 595 1257; x_wconf 89' lang='lat' dir='ltr'>nisi</span> <span class='ocrx_word' id='word_1_84' title='bbox 628 1214 802 1258; x_wconf 88' lang='lat' dir='ltr'>evidens</span> <span class='ocrx_word' id='word_1_85' title='bbox 852 1215 1144 1273; x_wconf 86' lang='lat' dir='ltr'>praecedentis</span> <span class='ocrx_word' id='word_1_86' title='bbox 1188 1214 1361 1257; x_wconf 87' lang='lat' dir='ltr'>theseos</span> <span class='ocrx_word' id='word_1_87' title='bbox 1410 1211 1599 1256; x_wconf 85' lang='lat' dir='ltr'>corolla-—</span> 
     </span>
     <span class='ocr_line' id='line_1_13' title="bbox 178 1283 1600 1343; baseline -0.002 -14"><span class='ocrx_word' id='word_1_88' title='bbox 178 1288 302 1331; x_wconf 92' lang='lat' dir='ltr'>rium.</span> <span class='ocrx_word' id='word_1_89' title='bbox 326 1287 487 1330; x_wconf 82' lang='lat' dir='ltr'>Iuverit</span> <span class='ocrx_word' id='word_1_90' title='bbox 508 1298 651 1330; x_wconf 88' lang='lat' dir='ltr'>tamen</span> <span class='ocrx_word' id='word_1_91' title='bbox 676 1302 763 1330; x_wconf 88' lang='lat' dir='ltr'>non</span> <span class='ocrx_word' id='word_1_92' title='bbox 787 1287 969 1329; x_wconf 87' lang='lat' dir='ltr'>omnino</span> <span class='ocrx_word' id='word_1_93' title='bbox 1004 1287 1126 1330; x_wconf 87' lang='lat' dir='ltr'>silere</span> <span class='ocrx_word' id='word_1_94' title='bbox 1151 1286 1201 1329; x_wconf 89' lang='lat' dir='ltr'>de</span> <span class='ocrx_word' id='word_1_95' title='bbox 1224 1285 1471 1343; x_wconf 84' lang='lat' dir='ltr'>quaestione</span> <span class='ocrx_word' id='word_1_96' title='bbox 1505 1283 1600 1341; x_wconf 69' lang='lat' dir='ltr'>hac,</span> 
     </span>
    </p>
   </div>
   <div class='ocr_carea' id='block_1_5' title="bbox 182 1422 428 1427">
    <p class='ocr_par' dir='ltr' id='par_1_5' title="bbox 182 1422 428 1427">
     <span class='ocr_line' id='line_1_14' title="bbox 182 1422 428 1427; baseline 0 0"><span class='ocrx_word' id='word_1_97' title='bbox 182 1422 428 1427; x_wconf 95' lang='lat' dir='ltr'> </span> 
     </span>
    </p>
   </div>
   <div class='ocr_carea' id='block_1_6' title="bbox 177 1494 1604 2607">
    <p class='ocr_par' dir='ltr' id='par_1_6' title="bbox 177 1494 1604 2607">
     <span class='ocr_line' id='line_1_15' title="bbox 177 1494 1599 1541; baseline 0 -13"><span class='ocrx_word' id='word_1_98' title='bbox 177 1494 339 1529; x_wconf 82' lang='lat' dir='ltr'>benefico</span> <span class='ocrx_word' id='word_1_99' title='bbox 365 1494 588 1529; x_wconf 84' lang='lat' dir='ltr'>dimostrarsi</span> <span class='ocrx_word' id='word_1_100' title='bbox 617 1495 686 1541; x_wconf 85' lang='lat' dir='ltr'>egli</span> <span class='ocrx_word' id='word_1_101' title='bbox 713 1495 748 1528; x_wconf 87' lang='lat' dir='ltr'>in</span> <span class='ocrx_word' id='word_1_102' title='bbox 775 1495 1003 1540; x_wconf 86' lang='lat' dir='ltr'>pretendere,</span> <span class='ocrx_word' id='word_1_103' title='bbox 1024 1494 1089 1530; x_wconf 87' lang='lat' dir='ltr'>che</span> <span class='ocrx_word' id='word_1_104' title='bbox 1109 1494 1323 1529; x_wconf 86' lang='lat' dir='ltr'>dimostrato</span> <span class='ocrx_word' id='word_1_105' title='bbox 1350 1495 1379 1528; x_wconf 90' lang='lat' dir='ltr'>si</span> <span class='ocrx_word' id='word_1_106' title='bbox 1396 1494 1543 1528; x_wconf 82' lang='lat' dir='ltr'>sarebbe</span> <span class='ocrx_word' id='word_1_107' title='bbox 1562 1495 1599 1528; x_wconf 82' lang='lat' dir='ltr'>in</span> 
     </span>
     <span class='ocr_line' id='line_1_16' title="bbox 178 1552 1602 1600; baseline -0.001 -12"><span class='ocrx_word' id='word_1_108' title='bbox 178 1565 253 1588; x_wconf 91' lang='lat' dir='ltr'>non</span> <span class='ocrx_word' id='word_1_109' title='bbox 279 1553 487 1599; x_wconf 83' lang='lat' dir='ltr'>pretendere</span> <span class='ocrx_word' id='word_1_110' title='bbox 514 1553 697 1600; x_wconf 77' lang='lat' dir='ltr'>gloriatda</span> <span class='ocrx_word' id='word_1_111' title='bbox 724 1555 800 1589; x_wconf 84' lang='lat' dir='ltr'>noi.</span> <span class='ocrx_word' id='word_1_112' title='bbox 830 1553 1022 1590; x_wconf 81' lang='lat' dir='ltr'>Posciache</span> <span class='ocrx_word' id='word_1_113' title='bbox 1049 1565 1121 1588; x_wconf 89' lang='lat' dir='ltr'>non</span> <span class='ocrx_word' id='word_1_114' title='bbox 1140 1553 1374 1588; x_wconf 86' lang='lat' dir='ltr'>consistendo</span> <span class='ocrx_word' id='word_1_115' title='bbox 1401 1553 1538 1588; x_wconf 89' lang='lat' dir='ltr'>altrove</span> <span class='ocrx_word' id='word_1_116' title='bbox 1564 1552 1602 1587; x_wconf 76' lang='lat' dir='ltr'>la</span> 
     </span>
     <span class='ocr_line' id='line_1_17' title="bbox 179 1610 1598 1660; baseline -0.001 -13"><span class='ocrx_word' id='word_1_117' title='bbox 179 1610 378 1659; x_wconf 86' lang='lat' dir='ltr'>perfezione</span> <span class='ocrx_word' id='word_1_118' title='bbox 405 1624 423 1647; x_wconf 90' lang='lat' dir='ltr'>e</span> <span class='ocrx_word' id='word_1_119' title='bbox 450 1613 481 1648; x_wconf 82' lang='lat' dir='ltr'>la</span> <span class='ocrx_word' id='word_1_120' title='bbox 508 1613 727 1648; x_wconf 83' lang='lat' dir='ltr'>beatitudine</span> <span class='ocrx_word' id='word_1_121' title='bbox 745 1613 839 1648; x_wconf 86' lang='lat' dir='ltr'>della</span> <span class='ocrx_word' id='word_1_122' title='bbox 866 1622 1026 1648; x_wconf 82' lang='lat' dir='ltr'>creatura</span> <span class='ocrx_word' id='word_1_123' title='bbox 1045 1613 1290 1660; x_wconf 82' lang='lat' dir='ltr'>ragionevole‚</span> <span class='ocrx_word' id='word_1_124' title='bbox 1317 1612 1382 1647; x_wconf 86' lang='lat' dir='ltr'>che</span> <span class='ocrx_word' id='word_1_125' title='bbox 1401 1613 1460 1648; x_wconf 88' lang='lat' dir='ltr'>nel</span> <span class='ocrx_word' id='word_1_126' title='bbox 1478 1623 1598 1647; x_wconf 89' lang='lat' dir='ltr'>cono-</span> 
     </span>
     <span class='ocr_line' id='line_1_18' title="bbox 178 1670 1598 1714; baseline -0.001 -7"><span class='ocrx_word' id='word_1_127' title='bbox 178 1672 355 1707; x_wconf 85' lang='lat' dir='ltr'>scimento</span> <span class='ocrx_word' id='word_1_128' title='bbox 382 1672 440 1706; x_wconf 88' lang='lat' dir='ltr'>del</span> <span class='ocrx_word' id='word_1_129' title='bbox 466 1673 588 1707; x_wconf 87' lang='lat' dir='ltr'>Primo</span> <span class='ocrx_word' id='word_1_130' title='bbox 617 1673 714 1707; x_wconf 90' lang='lat' dir='ltr'>Vero</span> <span class='ocrx_word' id='word_1_131' title='bbox 742 1685 760 1708; x_wconf 91' lang='lat' dir='ltr'>e</span> <span class='ocrx_word' id='word_1_132' title='bbox 786 1672 982 1707; x_wconf 86' lang='lat' dir='ltr'>nell&#39;amor</span> <span class='ocrx_word' id='word_1_133' title='bbox 1009 1673 1065 1708; x_wconf 89' lang='lat' dir='ltr'>del</span> <span class='ocrx_word' id='word_1_134' title='bbox 1093 1674 1246 1708; x_wconf 89' lang='lat' dir='ltr'>Sommo</span> <span class='ocrx_word' id='word_1_135' title='bbox 1266 1673 1374 1714; x_wconf 85' lang='lat' dir='ltr'>Bene,</span> <span class='ocrx_word' id='word_1_136' title='bbox 1393 1670 1598 1707; x_wconf 81' lang='lat' dir='ltr'>manifesta-</span> 
     </span>
     <span class='ocr_line' id='line_1_19' title="bbox 180 1731 1600 1778; baseline 0 -14"><span class='ocrx_word' id='word_1_137' title='bbox 180 1741 301 1766; x_wconf 86' lang='lat' dir='ltr'>mente</span> <span class='ocrx_word' id='word_1_138' title='bbox 327 1731 399 1765; x_wconf 86' lang='lat' dir='ltr'>indi</span> <span class='ocrx_word' id='word_1_139' title='bbox 424 1742 547 1777; x_wconf 82' lang='lat' dir='ltr'>segue,</span> <span class='ocrx_word' id='word_1_140' title='bbox 578 1732 644 1766; x_wconf 83' lang='lat' dir='ltr'>che</span> <span class='ocrx_word' id='word_1_141' title='bbox 683 1732 718 1766; x_wconf 89' lang='lat' dir='ltr'>in</span> <span class='ocrx_word' id='word_1_142' title='bbox 758 1731 859 1767; x_wconf 87' lang='lat' dir='ltr'>voler</span> <span class='ocrx_word' id='word_1_143' title='bbox 886 1732 956 1778; x_wconf 86' lang='lat' dir='ltr'>egli</span> <span class='ocrx_word' id='word_1_144' title='bbox 984 1732 1107 1768; x_wconf 88' lang='lat' dir='ltr'>Primo</span> <span class='ocrx_word' id='word_1_145' title='bbox 1147 1731 1245 1766; x_wconf 86' lang='lat' dir='ltr'>Vero</span> <span class='ocrx_word' id='word_1_146' title='bbox 1274 1742 1291 1765; x_wconf 90' lang='lat' dir='ltr'>e</span> <span class='ocrx_word' id='word_1_147' title='bbox 1317 1732 1471 1766; x_wconf 84' lang='lat' dir='ltr'>Sommo</span> <span class='ocrx_word' id='word_1_148' title='bbox 1499 1732 1600 1765; x_wconf 80' lang='lat' dir='ltr'>Bene</span> 
     </span>
     <span class='ocr_line' id='line_1_20' title="bbox 180 1789 1598 1836; baseline -0.001 -11"><span class='ocrx_word' id='word_1_149' title='bbox 180 1802 276 1825; x_wconf 85' lang='lat' dir='ltr'>esser</span> <span class='ocrx_word' id='word_1_150' title='bbox 301 1789 517 1836; x_wconf 77' lang='lat' dir='ltr'>glorificato,</span> <span class='ocrx_word' id='word_1_151' title='bbox 549 1791 628 1825; x_wconf 80' lang='lat' dir='ltr'>cio‘e</span> <span class='ocrx_word' id='word_1_152' title='bbox 665 1792 877 1826; x_wconf 87' lang='lat' dir='ltr'>conosciuto</span> <span class='ocrx_word' id='word_1_153' title='bbox 920 1790 964 1825; x_wconf 90' lang='lat' dir='ltr'>ed</span> <span class='ocrx_word' id='word_1_154' title='bbox 991 1800 1113 1825; x_wconf 84' lang='lat' dir='ltr'>amato</span> <span class='ocrx_word' id='word_1_155' title='bbox 1154 1791 1195 1824; x_wconf 88' lang='lat' dir='ltr'>da</span> <span class='ocrx_word' id='word_1_156' title='bbox 1234 1790 1307 1832; x_wconf 79' lang='lat' dir='ltr'>noi,</span> <span class='ocrx_word' id='word_1_157' title='bbox 1346 1790 1466 1825; x_wconf 86' lang='lat' dir='ltr'>niente</span> <span class='ocrx_word' id='word_1_158' title='bbox 1505 1789 1598 1824; x_wconf 84' lang='lat' dir='ltr'>altro</span> 
     </span>
     <span class='ocr_line' id='line_1_21' title="bbox 181 1849 1603 1896; baseline 0.001 -14"><span class='ocrx_word' id='word_1_159' title='bbox 181 1850 300 1891; x_wconf 85' lang='lat' dir='ltr'>vuole,</span> <span class='ocrx_word' id='word_1_160' title='bbox 327 1861 364 1883; x_wconf 90' lang='lat' dir='ltr'>se</span> <span class='ocrx_word' id='word_1_161' title='bbox 392 1861 464 1883; x_wconf 91' lang='lat' dir='ltr'>non</span> <span class='ocrx_word' id='word_1_162' title='bbox 491 1850 653 1884; x_wconf 85' lang='lat' dir='ltr'>renderci</span> <span class='ocrx_word' id='word_1_163' title='bbox 680 1849 820 1895; x_wconf 86' lang='lat' dir='ltr'>perfetti</span> <span class='ocrx_word' id='word_1_164' title='bbox 847 1862 866 1884; x_wconf 88' lang='lat' dir='ltr'>e</span> <span class='ocrx_word' id='word_1_165' title='bbox 892 1851 1000 1885; x_wconf 83' lang='lat' dir='ltr'>beati:</span> <span class='ocrx_word' id='word_1_166' title='bbox 1021 1862 1039 1884; x_wconf 92' lang='lat' dir='ltr'>e</span> <span class='ocrx_word' id='word_1_167' title='bbox 1059 1850 1124 1885; x_wconf 89' lang='lat' dir='ltr'>che</span> <span class='ocrx_word' id='word_1_168' title='bbox 1143 1852 1241 1896; x_wconf 86' lang='lat' dir='ltr'>pero,</span> <span class='ocrx_word' id='word_1_169' title='bbox 1260 1861 1365 1884; x_wconf 86' lang='lat' dir='ltr'>corne</span> <span class='ocrx_word' id='word_1_170' title='bbox 1383 1849 1479 1893; x_wconf 89' lang='lat' dir='ltr'>dissi,</span> <span class='ocrx_word' id='word_1_171' title='bbox 1497 1861 1603 1895; x_wconf 84' lang='lat' dir='ltr'>mag-</span> 
     </span>
     <span class='ocr_line' id='line_1_22' title="bbox 182 1908 1594 1954; baseline 0 -12"><span class='ocrx_word' id='word_1_172' title='bbox 182 1908 260 1954; x_wconf 85' lang='lat' dir='ltr'>gior</span> <span class='ocrx_word' id='word_1_173' title='bbox 286 1908 459 1942; x_wconf 74' lang='lat' dir='ltr'>liberalita</span> <span class='ocrx_word' id='word_1_174' title='bbox 488 1920 505 1942; x_wconf 89' lang='lat' dir='ltr'>e</span> <span class='ocrx_word' id='word_1_175' title='bbox 532 1908 760 1943; x_wconf 85' lang='lat' dir='ltr'>beneficenza</span> <span class='ocrx_word' id='word_1_176' title='bbox 787 1909 832 1943; x_wconf 87' lang='lat' dir='ltr'>ha</span> <span class='ocrx_word' id='word_1_177' title='bbox 859 1918 1035 1944; x_wconf 81' lang='lat' dir='ltr'>mostrato</span> <span class='ocrx_word' id='word_1_178' title='bbox 1065 1909 1100 1942; x_wconf 85' lang='lat' dir='ltr'>in</span> <span class='ocrx_word' id='word_1_179' title='bbox 1127 1909 1335 1950; x_wconf 85' lang='lat' dir='ltr'>richiedere‚</span> <span class='ocrx_word' id='word_1_180' title='bbox 1362 1908 1427 1943; x_wconf 90' lang='lat' dir='ltr'>che</span> <span class='ocrx_word' id='word_1_181' title='bbox 1456 1919 1493 1943; x_wconf 91' lang='lat' dir='ltr'>se</span> <span class='ocrx_word' id='word_1_182' title='bbox 1522 1920 1594 1943; x_wconf 82' lang='lat' dir='ltr'>non</span> 
     </span>
     <span class='ocr_line' id='line_1_23' title="bbox 182 1967 1598 2014; baseline 0 -13"><span class='ocrx_word' id='word_1_183' title='bbox 182 1978 305 2001; x_wconf 81' lang='lat' dir='ltr'>avesse</span> <span class='ocrx_word' id='word_1_184' title='bbox 330 1967 496 2001; x_wconf 81' lang='lat' dir='ltr'>richiesto</span> <span class='ocrx_word' id='word_1_185' title='bbox 525 1979 594 2002; x_wconf 88' lang='lat' dir='ltr'>una</span> <span class='ocrx_word' id='word_1_186' title='bbox 622 1968 669 2003; x_wconf 83' lang='lat' dir='ltr'>tal</span> <span class='ocrx_word' id='word_1_187' title='bbox 696 1968 812 2013; x_wconf 84' lang='lat' dir='ltr'>gloria</span> <span class='ocrx_word' id='word_1_188' title='bbox 840 1968 883 2002; x_wconf 86' lang='lat' dir='ltr'>da</span> <span class='ocrx_word' id='word_1_189' title='bbox 909 1970 985 2004; x_wconf 87' lang='lat' dir='ltr'>noi.</span> <span class='ocrx_word' id='word_1_190' title='bbox 1016 1968 1111 2014; x_wconf 78' lang='lat' dir='ltr'>Qual</span> <span class='ocrx_word' id='word_1_191' title='bbox 1137 1969 1194 2014; x_wconf 81' lang='lat' dir='ltr'>piu</span> <span class='ocrx_word' id='word_1_192' title='bbox 1222 1967 1379 2003; x_wconf 80' lang='lat' dir='ltr'>benefica</span> <span class='ocrx_word' id='word_1_193' title='bbox 1417 1979 1435 2002; x_wconf 90' lang='lat' dir='ltr'>e</span> <span class='ocrx_word' id='word_1_194' title='bbox 1474 1967 1598 2002; x_wconf 75' lang='lat' dir='ltr'>liberal</span> 
     </span>
     <span class='ocr_line' id='line_1_24' title="bbox 181 2027 1603 2073; baseline 0.001 -13"><span class='ocrx_word' id='word_1_195' title='bbox 181 2028 333 2061; x_wconf 68' lang='lat' dir='ltr'>volonta</span> <span class='ocrx_word' id='word_1_196' title='bbox 359 2028 532 2073; x_wconf 84' lang='lat' dir='ltr'>potrebbe</span> <span class='ocrx_word' id='word_1_197' title='bbox 570 2028 642 2062; x_wconf 85' lang='lat' dir='ltr'>mai</span> <span class='ocrx_word' id='word_1_198' title='bbox 669 2040 785 2071; x_wconf 84' lang='lat' dir='ltr'>avere,</span> <span class='ocrx_word' id='word_1_199' title='bbox 812 2040 834 2063; x_wconf 94' lang='lat' dir='ltr'>o</span> <span class='ocrx_word' id='word_1_200' title='bbox 873 2028 906 2062; x_wconf 90' lang='lat' dir='ltr'>la</span> <span class='ocrx_word' id='word_1_201' title='bbox 933 2028 1013 2063; x_wconf 87' lang='lat' dir='ltr'>luce</span> <span class='ocrx_word' id='word_1_202' title='bbox 1040 2038 1146 2062; x_wconf 83' lang='lat' dir='ltr'>verso</span> <span class='ocrx_word' id='word_1_203' title='bbox 1181 2039 1227 2061; x_wconf 90' lang='lat' dir='ltr'>un</span> <span class='ocrx_word' id='word_1_204' title='bbox 1248 2032 1249 2035; x_wconf 79' lang='grc'>’</span> <span class='ocrx_word' id='word_1_205' title='bbox 1267 2027 1366 2062; x_wconf 87' lang='lat' dir='ltr'>cieco</span> <span class='ocrx_word' id='word_1_206' title='bbox 1405 2036 1501 2068; x_wconf 84' lang='lat' dir='ltr'>nato,</span> <span class='ocrx_word' id='word_1_207' title='bbox 1529 2029 1603 2062; x_wconf 82' lang='lat' dir='ltr'>che</span> 
     </span>
     <span class='ocr_line' id='line_1_25' title="bbox 182 2085 1602 2131; baseline 0.001 -12"><span class='ocrx_word' id='word_1_208' title='bbox 182 2086 420 2120; x_wconf 84' lang='lat' dir='ltr'>bramandolo</span> <span class='ocrx_word' id='word_1_209' title='bbox 448 2094 644 2131; x_wconf 85' lang='lat' dir='ltr'>spettatore</span> <span class='ocrx_word' id='word_1_210' title='bbox 671 2086 763 2121; x_wconf 86' lang='lat' dir='ltr'>delle</span> <span class='ocrx_word' id='word_1_211' title='bbox 790 2099 850 2121; x_wconf 87' lang='lat' dir='ltr'>sue</span> <span class='ocrx_word' id='word_1_212' title='bbox 877 2086 1042 2129; x_wconf 69' lang='lat' dir='ltr'>hellene,</span> <span class='ocrx_word' id='word_1_213' title='bbox 1071 2098 1093 2121; x_wconf 94' lang='lat' dir='ltr'>o</span> <span class='ocrx_word' id='word_1_214' title='bbox 1121 2087 1152 2121; x_wconf 85' lang='lat' dir='ltr'>la</span> <span class='ocrx_word' id='word_1_215' title='bbox 1181 2085 1281 2121; x_wconf 86' lang='lat' dir='ltr'>sonte</span> <span class='ocrx_word' id='word_1_216' title='bbox 1306 2097 1409 2121; x_wconf 88' lang='lat' dir='ltr'>verso</span> <span class='ocrx_word' id='word_1_217' title='bbox 1436 2098 1483 2120; x_wconf 89' lang='lat' dir='ltr'>un</span> <span class='ocrx_word' id='word_1_218' title='bbox 1517 2097 1602 2121; x_wconf 85' lang='lat' dir='ltr'>arso</span> 
     </span>
     <span class='ocr_line' id='line_1_26' title="bbox 184 2141 1604 2193; baseline 0.001 -15"><span class='ocrx_word' id='word_1_219' title='bbox 184 2145 216 2178; x_wconf 83' lang='lat' dir='ltr'>di</span> <span class='ocrx_word' id='word_1_220' title='bbox 245 2153 331 2187; x_wconf 82' lang='lat' dir='ltr'>sete,</span> <span class='ocrx_word' id='word_1_221' title='bbox 359 2145 425 2179; x_wconf 88' lang='lat' dir='ltr'>che</span> <span class='ocrx_word' id='word_1_222' title='bbox 454 2145 682 2190; x_wconf 83' lang='lat' dir='ltr'>procurando</span> <span class='ocrx_word' id='word_1_223' title='bbox 703 2146 736 2179; x_wconf 91' lang='lat' dir='ltr'>di</span> <span class='ocrx_word' id='word_1_224' title='bbox 757 2145 861 2193; x_wconf 82' lang='lat' dir='ltr'>fargli</span> <span class='ocrx_word' id='word_1_225' title='bbox 880 2155 1024 2192; x_wconf 81' lang='lat' dir='ltr'>gustare</span> <span class='ocrx_word' id='word_1_226' title='bbox 1044 2146 1076 2180; x_wconf 85' lang='lat' dir='ltr'>la</span> <span class='ocrx_word' id='word_1_227' title='bbox 1094 2146 1249 2181; x_wconf 81' lang='lat' dir='ltr'>frescura</span> <span class='ocrx_word' id='word_1_228' title='bbox 1270 2145 1365 2180; x_wconf 80' lang='lat' dir='ltr'>delle</span> <span class='ocrx_word' id='word_1_229' title='bbox 1383 2156 1444 2180; x_wconf 92' lang='lat' dir='ltr'>sue</span> <span class='ocrx_word' id='word_1_230' title='bbox 1463 2141 1604 2192; x_wconf 68' lang='lat' dir='ltr'>acque?</span> 
     </span>
     <span class='ocr_line' id='line_1_27' title="bbox 187 2204 1601 2241; baseline 0 -3"><span class='ocrx_word' id='word_1_231' title='bbox 187 2232 290 2239; x_wconf 92' lang='grc'><strong>.....</strong></span> <span class='ocrx_word' id='word_1_232' title='bbox 318 2205 409 2239; x_wconf 81' lang='lat' dir='ltr'>Guai</span> <span class='ocrx_word' id='word_1_233' title='bbox 438 2216 456 2238; x_wconf 81' lang='lat' dir='ltr'>a</span> <span class='ocrx_word' id='word_1_234' title='bbox 484 2204 560 2241; x_wconf 74' lang='lat' dir='ltr'>noi.</span> <span class='ocrx_word' id='word_1_235' title='bbox 589 2216 625 2238; x_wconf 91' lang='lat' dir='ltr'>se</span> <span class='ocrx_word' id='word_1_236' title='bbox 653 2205 839 2239; x_wconf 83' lang='lat' dir='ltr'>creandoci</span> <span class='ocrx_word' id='word_1_237' title='bbox 866 2216 989 2240; x_wconf 88' lang='lat' dir='ltr'>avesse</span> <span class='ocrx_word' id='word_1_238' title='bbox 1015 2205 1127 2240; x_wconf 87' lang='lat' dir='ltr'>detto:</span> <span class='ocrx_word' id='word_1_239' title='bbox 1157 2204 1334 2240; x_wconf 86' lang='lat' dir='ltr'>Godetevi</span> <span class='ocrx_word' id='word_1_240' title='bbox 1362 2204 1385 2238; x_wconf 84' lang='lat' dir='ltr'>il</span> <span class='ocrx_word' id='word_1_241' title='bbox 1404 2216 1526 2240; x_wconf 68' lang='lat' dir='ltr'>vostro</span> <span class='ocrx_word' id='word_1_242' title='bbox 1545 2215 1601 2239; x_wconf 89' lang='lat' dir='ltr'>es-</span> 
     </span>
     <span class='ocr_line' id='line_1_28' title="bbox 184 2263 1600 2310; baseline -0.001 -12"><span class='ocrx_word' id='word_1_243' title='bbox 184 2274 261 2298; x_wconf 83' lang='lat' dir='ltr'>sere</span> <span class='ocrx_word' id='word_1_244' title='bbox 288 2275 307 2298; x_wconf 92' lang='lat' dir='ltr'>e</span> <span class='ocrx_word' id='word_1_245' title='bbox 332 2263 525 2298; x_wconf 74' lang='lat' dir='ltr'>l&#39;universo</span> <span class='ocrx_word' id='word_1_246' title='bbox 554 2269 686 2303; x_wconf 75' lang='lat' dir='ltr'>creato,</span> <span class='ocrx_word' id='word_1_247' title='bbox 727 2276 786 2298; x_wconf 86' lang='lat' dir='ltr'>tna</span> <span class='ocrx_word' id='word_1_248' title='bbox 813 2276 832 2298; x_wconf 81' lang='lat' dir='ltr'>a</span> <span class='ocrx_word' id='word_1_249' title='bbox 859 2276 916 2298; x_wconf 88' lang='lat' dir='ltr'>me</span> <span class='ocrx_word' id='word_1_250' title='bbox 956 2263 1052 2299; x_wconf 86' lang='lat' dir='ltr'>nulla</span> <span class='ocrx_word' id='word_1_251' title='bbox 1079 2273 1225 2310; x_wconf 87' lang='lat' dir='ltr'>pensate</span> <span class='ocrx_word' id='word_1_252' title='bbox 1252 2265 1309 2309; x_wconf 78' lang='lat' dir='ltr'>piu</span> <span class='ocrx_word' id='word_1_253' title='bbox 1345 2265 1412 2298; x_wconf 87' lang='lat' dir='ltr'>che</span> <span class='ocrx_word' id='word_1_254' title='bbox 1449 2275 1488 2299; x_wconf 89' lang='lat' dir='ltr'>se</span> <span class='ocrx_word' id='word_1_255' title='bbox 1524 2275 1600 2299; x_wconf 72' lang='lat' dir='ltr'>non</span> 
     </span>
     <span class='ocr_line' id='line_1_29' title="bbox 184 2322 1602 2369; baseline 0 -12"><span class='ocrx_word' id='word_1_256' title='bbox 184 2322 270 2358; x_wconf 82' lang='lat' dir='ltr'>sossi</span> <span class='ocrx_word' id='word_1_257' title='bbox 297 2323 330 2357; x_wconf 85' lang='lat' dir='ltr'>al</span> <span class='ocrx_word' id='word_1_258' title='bbox 358 2324 504 2358; x_wconf 87' lang='lat' dir='ltr'>mondo.</span> <span class='ocrx_word' id='word_1_259' title='bbox 532 2323 617 2357; x_wconf 90' lang='lat' dir='ltr'>Non</span> <span class='ocrx_word' id='word_1_260' title='bbox 657 2324 809 2358; x_wconf 86' lang='lat' dir='ltr'>avrebbe</span> <span class='ocrx_word' id='word_1_261' title='bbox 837 2323 879 2357; x_wconf 88' lang='lat' dir='ltr'>da</span> <span class='ocrx_word' id='word_1_262' title='bbox 923 2325 983 2358; x_wconf 88' lang='lat' dir='ltr'>noi</span> <span class='ocrx_word' id='word_1_263' title='bbox 1010 2332 1118 2358; x_wconf 79' lang='lat' dir='ltr'>avuto</span> <span class='ocrx_word' id='word_1_264' title='bbox 1156 2324 1284 2369; x_wconf 85' lang='lat' dir='ltr'>gloria:</span> <span class='ocrx_word' id='word_1_265' title='bbox 1315 2335 1373 2357; x_wconf 89' lang='lat' dir='ltr'>ma</span> <span class='ocrx_word' id='word_1_266' title='bbox 1403 2323 1470 2358; x_wconf 89' lang='lat' dir='ltr'>che</span> <span class='ocrx_word' id='word_1_267' title='bbox 1507 2323 1602 2358; x_wconf 87' lang='lat' dir='ltr'>altro</span> 
     </span>
     <span class='ocr_line' id='line_1_30' title="bbox 184 2381 1599 2429; baseline -0.001 -13"><span class='ocrx_word' id='word_1_268' title='bbox 184 2384 241 2418; x_wconf 83' lang='lat' dir='ltr'>cio</span> <span class='ocrx_word' id='word_1_269' title='bbox 268 2383 416 2417; x_wconf 82' lang='lat' dir='ltr'>sarebbe</span> <span class='ocrx_word' id='word_1_270' title='bbox 443 2392 535 2418; x_wconf 83' lang='lat' dir='ltr'>stato</span> <span class='ocrx_word' id='word_1_271' title='bbox 554 2383 619 2417; x_wconf 89' lang='lat' dir='ltr'>che</span> <span class='ocrx_word' id='word_1_272' title='bbox 647 2394 720 2417; x_wconf 88' lang='lat' dir='ltr'>non</span> <span class='ocrx_word' id='word_1_273' title='bbox 748 2383 870 2418; x_wconf 81' lang='lat' dir='ltr'>volere</span> <span class='ocrx_word' id='word_1_274' title='bbox 890 2382 959 2429; x_wconf 84' lang='lat' dir='ltr'>egli</span> <span class='ocrx_word' id='word_1_275' title='bbox 988 2394 1104 2418; x_wconf 87' lang='lat' dir='ltr'>essere</span> <span class='ocrx_word' id='word_1_276' title='bbox 1123 2384 1155 2418; x_wconf 84' lang='lat' dir='ltr'>la</span> <span class='ocrx_word' id='word_1_277' title='bbox 1174 2393 1296 2418; x_wconf 86' lang='lat' dir='ltr'>nostra</span> <span class='ocrx_word' id='word_1_278' title='bbox 1322 2381 1599 2418; x_wconf 51' lang='lat' dir='ltr'>beatitudinem</span> 
     </span>
     <span class='ocr_line' id='line_1_31' title="bbox 187 2442 1601 2489; baseline -0.001 -12"><span class='ocrx_word' id='word_1_279' title='bbox 187 2443 243 2478; x_wconf 78' lang='lat' dir='ltr'>Cf.</span> <span class='ocrx_word' id='word_1_280' title='bbox 274 2444 380 2477; x_wconf 82' lang='lat' dir='ltr'>etiam</span> <span class='ocrx_word' id='word_1_281' title='bbox 409 2443 588 2486; x_wconf 81' lang='lat' dir='ltr'>Palmieri,</span> <span class='ocrx_word' id='word_1_282' title='bbox 629 2442 791 2489; x_wconf 86' lang='lat' dir='ltr'>theolog.</span> <span class='ocrx_word' id='word_1_283' title='bbox 821 2452 936 2477; x_wconf 84' lang='lat' dir='ltr'>natur.</span> <span class='ocrx_word' id='word_1_284' title='bbox 975 2442 1064 2477; x_wconf 87' lang='lat' dir='ltr'>thes.</span> <span class='ocrx_word' id='word_1_285' title='bbox 1092 2443 1234 2487; x_wconf 61' lang='lat' dir='ltr'>XLIV„</span> <span class='ocrx_word' id='word_1_286' title='bbox 1266 2454 1409 2478; x_wconf 80' lang='lat' dir='ltr'>necnon</span> <span class='ocrx_word' id='word_1_287' title='bbox 1437 2442 1480 2477; x_wconf 91' lang='lat' dir='ltr'>de</span> <span class='ocrx_word' id='word_1_288' title='bbox 1518 2444 1601 2477; x_wconf 88' lang='lat' dir='ltr'>Deo</span> 
     </span>
     <span class='ocr_line' id='line_1_32' title="bbox 184 2502 533 2537; baseline 0.006 -2"><span class='ocrx_word' id='word_1_289' title='bbox 184 2511 327 2536; x_wconf 79' lang='lat' dir='ltr'>creante</span> <span class='ocrx_word' id='word_1_290' title='bbox 353 2503 443 2536; x_wconf 83' lang='lat' dir='ltr'>thes.</span> <span class='ocrx_word' id='word_1_291' title='bbox 470 2502 533 2537; x_wconf 77' lang='lat' dir='ltr'>XI.</span> 
     </span>
     <span class='ocr_line' id='line_1_33' title="bbox 282 2560 779 2607; baseline 0.002 -13"><span class='ocrx_word' id='word_1_292' title='bbox 282 2562 336 2605; x_wconf 89' lang='lat'>(1)</span> <span class='ocrx_word' id='word_1_293' title='bbox 364 2560 404 2595; x_wconf 82' lang='lat' dir='ltr'>ln</span> <span class='ocrx_word' id='word_1_294' title='bbox 437 2572 462 2594; x_wconf 87' lang='lat'>1.</span> <span class='ocrx_word' id='word_1_295' title='bbox 491 2573 522 2606; x_wconf 86' lang='lat' dir='ltr'>p.</span> <span class='ocrx_word' id='word_1_296' title='bbox 551 2573 580 2607; x_wconf 90' lang='lat' dir='ltr'>q.</span> <span class='ocrx_word' id='word_1_297' title='bbox 611 2571 664 2596; x_wconf 85' lang='lat'>20.</span> <span class='ocrx_word' id='word_1_298' title='bbox 691 2572 721 2595; x_wconf 87' lang='lat' dir='ltr'>a.</span> <span class='ocrx_word' id='word_1_299' title='bbox 749 2570 779 2595; x_wconf 90' lang='lat'>2.</span> 
     </span>
    </p>
   </div>
  </div>
 </body>
</html>
