1734 2784
815 115 1048 155 ...82—

222 207 478 251 beatitudine
511 219 682 263 agentes
716 207 884 260 docent,
925 225 943 247 «
978 208 1188 249 visionem
1214 207 1293 248 Dei
1318 218 1430 249 tanta
1452 206 1633 251 efficacia

222 292 468 323 convertere
501 278 550 322 ad
585 296 628 322 se
662 291 793 321 totam
829 279 1013 322 animam
1049 290 1088 321 et
1123 278 1401 321 attentionem
1437 280 1557 336 eius,
1592 290 1637 321 ut

223 368 272 394 ex
296 352 335 394 vi
361 351 469 393 illiu3
502 366 738 408 numquam
766 350 871 393 beati
909 351 1074 408 possint
1108 350 1297 393 converti
1323 349 1375 392 ad
1401 349 1639 393 volendum

223 422 394 481 aliquid,
429 421 545 480 quod
578 437 666 465 non
701 423 752 464 sit
787 423 901 479 prius
936 422 1175 479 regulatum
1201 421 1248 464 ab
1283 422 1340 464 eis
1369 437 1467 464 cum
1502 421 1641 466 divina

223 494 445 537 bonitate»
485 493 569 552 (1).
604 494 798 536 Iamvero
835 493 952 551 quod
986 493 1035 536 ad
1069 492 1372 537 beatitudinem
1407 492 1639 537 naturalem

223 567 383 620 attinet,
417 565 482 609 vel
530 566 579 608 de
629 566 874 621 cognitione
924 565 1156 609 discursiva
1205 564 1307 609 illud
1357 565 1469 609 idem
1524 565 1639 609 affir-

224 651 376 695 matur,
425 636 540 694 quod
588 636 638 679 de
687 637 852 679 visione
886 638 1082 681 intuitiva
1128 638 1300 681 tradunt
1350 638 1640 681 communiter

223 709 432 766 theologi,
467 708 532 752 vel
567 721 678 751 certe
713 708 943 752 dicendum
977 722 1052 766 est,
1088 711 1229 753 Deum
1264 708 1532 768 providentia
1565 724 1640 753 sua

223 782 454 824 extrinseca
487 781 672 823 animam
707 780 859 824 talibus
894 782 934 824 in
970 781 1176 825 adiunctis
1210 797 1369 840 ponere
1412 795 1451 826 et
1484 781 1636 825 talibus

223 853 491 896 communire
524 851 703 905 auxiliis,
738 852 779 893 in
812 852 966 909 quibus
1000 865 1039 896 et
1075 870 1171 896 cum
1197 853 1349 912 quibus
1376 852 1643 897 infallibiliter

223 923 436 982 praevidet
470 939 560 966 eam
612 922 661 966 ad
707 922 761 976 id,
812 923 928 981 quod
978 924 1196 968 moraliter
1230 925 1520 968 inordinatum
1565 937 1642 979 est,

224 1010 459 1053 numquam
495 1010 537 1038 se
573 994 967 1051 determinaturam,
992 996 1179 1054 itemque
1207 995 1288 1040 hoc
1312 997 1439 1040 etiam
1464 995 1642 1049 efficere,

224 1079 268 1109 ut
305 1066 431 1108 huius
465 1067 525 1109 rei
560 1067 698 1108 anima
731 1081 923 1109 securam
960 1066 1107 1111 habeat
1146 1068 1454 1124 cognitionem.
1496 1068 1542 1109 In
1567 1065 1643 1109 hac

221 1138 346 1182 altera
378 1138 597 1193 sententia,
631 1138 803 1194 quae7si
826 1137 868 1179 in
893 1137 1069 1181 naturali
1104 1138 1253 1181 ordine
1288 1139 1506 1191 sistamus,
1542 1153 1640 1195 pro-

222 1209 395 1253 babilior
429 1221 506 1266 est,
526 1208 712 1252 exclusio
746 1209 905 1266 peccati
938 1225 1025 1252 non
1059 1222 1144 1252 tam
1168 1208 1215 1252 ab
1240 1210 1487 1266 intrinseco,
1512 1224 1640 1267 quam

223 1281 270 1325 ab
304 1282 540 1325 extrinseco
574 1281 769 1324 oriretur.
813 1299 831 1321 «
862 1281 943 1324 Hic
976 1296 1094 1338 ergo,
1124 1283 1232 1324 aits,
1258 1282 1529 1339 Augustinus
1552 1280 1638 1339 (2),

222 1365 495 1412 praeceptum
528 1364 605 1405 est,
654 1364 699 1394 ut
734 1367 821 1395 non
862 1367 1110 1410 peccemus:
1161 1352 1215 1395 ibi
1265 1353 1519 1410 praemium,
1553 1367 1638 1395 non

223 1442 349 1484 posse
383 1440 568 1484 peccare.
603 1425 685 1467 Hic
719 1437 992 1483 praeceptum
1039 1438 1115 1477 est,
1166 1437 1210 1468 ut
1244 1425 1462 1468 desideriis
1509 1425 1641 1468 carnis

222 1513 309 1540 non
345 1496 620 1540 obediamus:
656 1495 709 1538 ibi
744 1497 997 1554 praemium,
1048 1509 1092 1540 ut
1128 1496 1334 1540 desideria
1384 1496 1516 1539 carnis
1556 1511 1643 1539 non

224 1567 466 1610 habeamus
502 1585 521 1607 »

803 1697 967 1740 Tuesrs
1003 1698 1057 1740 X.

223 1817 431 1863 Beatimdo
460 1815 633 1875 perfecta
668 1832 746 1860 non
780 1816 983 1860 obtinetur
1018 1818 1058 1859 in
1093 1816 1163 1858 hac
1196 1816 1297 1871 vita,
1322 1814 1389 1858 sed
1410 1823 1643 1858 *reservatur

341 1888 552 1932 obtinenda
589 1890 627 1931 in
662 1888 791 1931 altera
825 1887 1048 1931 immortali
1082 1888 1185 1942 vita,
1219 1901 1319 1944 quac
1354 1886 1519 1930 mortali
1551 1887 1641 1929 huic

341 1961 526 2005 succedet.

344 2094 409 2136 29.
430 2082 809 2123 DffltousTitATio.
833 2078 991 2122 Tribus
1020 2079 1103 2121 iam
1128 2076 1276 2120 solutis
1302 2075 1638 2134 quaestionibus,

223 2164 367 2194 utrum
401 2152 454 2193 sit
487 2150 714 2203 beatitudo,
763 2152 806 2192 in
841 2165 928 2207 quo
978 2149 1263 2192 determinato
1307 2147 1422 2190 bono
1471 2148 1551 2189 sita
1584 2147 1638 2189 sit

222 2220 398 2267 felicitas
432 2221 651 2274 obiectiva‚
687 2233 725 2264 et
760 2221 893 2278 qualis
943 2220 1089 2264 debeat
1122 2235 1213 2263 esse
1243 2218 1354 2261 illius
1404 2218 1503 2261 boni
1538 2232 1638 2275 pos-

317 2420 373 2464 (1)
402 2420 453 2453 Ita
480 2419 620 2460 Suate2‚
648 2417 689 2452 de
716 2417 786 2451 fine
815 2417 875 2453 ult.
905 2417 993 2463 disp.
1014 2417 1056 2452 X.
1079 2426 1163 2452 sect.
1198 2427 1222 2451 1.
1253 2428 1286 2451 n.
1314 2426 1364 2460 17.
1394 2415 1446 2449 Cf.
1465 2415 1640 2456 Lessium‚

225 2479 268 2513 de
295 2490 440 2513 summo
468 2479 563 2512 bono
592 2489 664 2523 cap.
694 2487 749 2512 22.

320 2539 376 2583 (2)
404 2539 530 2574 Contr.
560 2537 644 2572 duas
670 2537 772 2583 epist.
800 2537 920 2583 Pelag.
948 2536 967 2571 1.
998 2537 1057 2570 HI.
1085 2549 1114 2572 c.
1142 2547 1173 2582 7.
1202 2535 1255 2571 Cf,
1283 2535 1393 2570 etiam
1423 2534 1444 2568 1.
1464 2533 1579 2569 XXII.
1601 2531 1643 2567 de

227 2598 317 2633 civit.
347 2598 413 2631 Dei
453 2610 529 2644 cap.
560 2607 615 2640 30.
658 2608 754 2631 nuni*
785 2608 825 2642 3.,
861 2597 919 2630 ubi
957 2608 981 2631 s.
1019 2596 1243 2641 Augustinus
1282 2594 1352 2629 duo
1392 2595 1480 2628 haec
1520 2594 1639 2627 docet:
