1734 2784
761 97 812 103 -“
850 85 933 127 340
967 97 1023 104 -

178 166 317 223 legem
354 167 576 222 ipsamque
610 165 915 221 obligationem
940 166 1176 223 formaliter
1210 167 1458 225 inspectam.
1484 169 1530 212 E.
1553 184 1594 226 g.

186 237 461 294 «indigentia
503 237 732 293 pauperis,
768 249 814 280 ut
847 237 1072 280 Suaresius
1104 235 1175 295 (1)
1209 238 1290 294 ait,
1338 251 1378 281 et
1426 238 1596 284 facultas

179 308 313 351 dantis
348 321 408 350 est
444 307 770 350 fundamentum
806 306 1041 350 honestatis
1074 307 1140 350 vel
1174 307 1445 365 obligationis
1479 323 1596 354 actus

179 378 492 434 eleemosynae,
528 389 567 420 et
602 389 744 420 tamen
778 392 906 421 nemo
942 377 1042 421 dicit
1075 379 1370 422 necessitatem
1401 382 1596 438 pauperis

179 464 268 491 esse
302 448 441 504 legem
477 447 786 505 eleemosynae.
813 448 963 492 Simile
988 460 1065 501 est,
1093 449 1208 506 quod
1243 448 1293 492 de
1316 452 1595 508 temperantia

179 520 303 563 tradit
333 520 386 562 D.
408 518 604 562 Thomas
623 518 710 577 (2),
728 520 1023 562 necessitatem
1059 521 1251 577 corporis
1282 536 1372 563 esse
1405 521 1596 578 regulam

178 591 504 648 temperantiae3
538 605 667 633 nemo
700 603 843 633 tamen
888 590 995 633 dicet
1045 606 1135 634 esse
1178 590 1348 647 legem,
1383 592 1457 635 sed
1504 607 1597 636 esse

179 659 504 703 fundamentum
523 660 666 717 legis.»
691 661 801 704 Item
825 661 1049 703 necessitas
1070 676 1143 704 seu
1162 661 1398 718 periculum
1420 663 1597 706 civitatis

179 743 241 774 cst
275 732 486 774 motivum
519 730 625 787 legis
661 730 808 780 civilis,
843 747 949 789 quae
982 730 1187 774 tributum
1213 734 1397 789 imponit
1429 733 1495 776 vel
1519 735 1596 776 mi-

178 803 309 845 litiam
335 802 550 859 praecipit,
573 817 660 845 non
686 815 747 845 est
781 816 921 846 tamen
956 804 1044 860 ipsa
1077 803 1160 856 lex,
1186 804 1374 862 itemque
1398 818 1461 848 est
1489 807 1597 849 ratio

179 887 217 916 et
240 873 567 916 fundamentum
594 872 883 930 obligationis,
908 889 992 916 non
1018 887 1080 916 est
1103 886 1244 916 tamen
1279 876 1367 931 ipsa
1391 875 1594 933 obligatio

177 945 385 989 tributum
438 943 634 987 solvendi
687 957 757 987 aut
811 959 971 987 nomen
1027 944 1153 988 dandi
1208 945 1395 989 militiae.
1451 947 1598 1004 Itaque

178 1030 324 1060 natura
358 1016 572 1059 rationalis
594 1050 605 1068 ,
657 1028 696 1059 et
731 1017 957 1058 intrinseca
991 1017 1287 1059 convenientia
1319 1016 1385 1060 vel
1419 1017 1594 1061 discon-

177 1088 331 1140 ventia‚
365 1102 494 1144 quam
527 1087 715 1129 actiones
749 1086 957 1144 quaedam
992 1086 1118 1129 relate
1167 1086 1216 1129 ad
1266 1086 1379 1129 illam
1429 1086 1599 1145 habent,

179 1171 240 1202 est
274 1160 488 1201 motivum
521 1157 625 1214 legis
651 1170 690 1200 et
713 1156 1042 1200 fundamentum
1067 1156 1352 1214 obligationis.
1378 1159 1475 1201 Hoc
1496 1173 1594 1201 sane

179 1242 254 1286 est,
287 1228 404 1287 quod
436 1240 741 1285 argumentum
775 1229 1002 1285 Vasquesii
1037 1227 1185 1284 probat
1220 1227 1467 1272 clarissime.
1513 1228 1598 1273 Sed

177 1299 418 1357 argumenti
451 1300 604 1341 vitium
639 1311 701 1341 est
736 1299 779 1340 in
812 1298 911 1353 hoc,
947 1298 1064 1356 quod
1100 1299 1378 1341 concludatur
1401 1312 1596 1342 naturam

178 1369 428 1413 rationalem
462 1384 552 1412 esse
587 1370 723 1427 ipsam
752 1368 891 1426 legem
913 1370 1135 1426 ipsamque
1159 1368 1480 1426 obligationem.
1501 1371 1599 1413 Hoc

179 1457 265 1484 non
298 1442 511 1499 sequitur,
538 1441 654 1483 «nisi
689 1440 867 1484 velimus
902 1440 1022 1484 valde
1056 1441 1285 1498 aequivoce
1310 1454 1348 1483 et
1373 1441 1603 1499 metapho-

178 1514 261 1556 rice
294 1513 469 1556 nomine
501 1512 607 1569 legis
641 1513 717 1564 uti,
753 1512 869 1570 quod
904 1513 1053 1555 evertit
1081 1524 1216 1554 totam
1245 1511 1600 1569 disputationem.

177 1585 292 1628 Nam
325 1585 612 1641 supponimus
655 1598 752 1625 cum
803 1584 1025 1626 communi
1077 1584 1284 1625 sententia
1321 1599 1409 1626 non
1457 1583 1600 1627 solum

179 1656 440 1711 Doctorum,
473 1653 548 1697 sed
581 1654 707 1697 etiam
741 1669 954 1696 canonum
989 1666 1027 1696 et
1074 1653 1219 1710 legum
1241 1690 1250 1708 ,
1299 1656 1363 1696 ius
1412 1653 1600 1697 naturale

180 1742 270 1770 esse
289 1742 439 1770 verum
462 1727 527 1769 ius
556 1738 596 1769 et
612 1725 753 1782 legem
782 1725 1017 1768 naturalem
1041 1741 1132 1768 esse
1152 1741 1294 1768 veram
1316 1725 1457 1782 legem
1475 1743 1496 1766 2>
1513 1725 1598 1784 (3).

304 1800 397 1840 126.
432 1798 680 1841 SCHomoN.
716 1797 877 1854 Itaque,
912 1809 956 1839 ut
995 1795 1329 1850 concludamus,
1378 1797 1464 1839 duo
1499 1797 1601 1840 haec

180 1870 259 1912 rite
294 1881 529 1912 teneantur.

298 1941 328 1982 Ι.
363 1939 539 1982 Moralis
573 1938 775 1995 obligatio
809 1953 895 1981 non
930 1939 1168 1996 concipitur
1221 1938 1517 1983 antecedenter
1550 1938 1601 1982 ad

180 2011 550 2068 praestitutionem
583 2009 676 2052 finis
711 2009 850 2052 ultimi
901 2009 1186 2052 humanarum
1234 2010 1483 2064 actionum,
1521 2009 1599 2053 ha-

180 2097 362 2139 rumque
397 2097 494 2124 cum
527 2080 599 2124 illo
633 2081 914 2124 connexionis
949 2096 1023 2123 seu
1059 2079 1108 2124 ad
1142 2080 1261 2122 illum
1295 2080 1594 2124 ordinationis.

181 2153 311 2210 Atqui
345 2151 639 2195 antecedenter
687 2150 737 2194 ad
786 2150 1099 2194 ordinationem
1149 2150 1314 2194 divinae
1367 2151 1599 2208 sapientiae

276 2354 332 2397 (1)
362 2354 412 2387 Ita
438 2353 577 2395 Suare2‚
605 2353 647 2386 de
673 2352 742 2399 leg.
770 2353 794 2388 1.
824 2353 868 2387 11.
900 2364 975 2398 cap.
1005 2364 1032 2396 ς.
1062 2365 1097 2387 n.
1126 2351 1158 2387 6.
1187 2353 1270 2398 Leg.
1299 2360 1420 2386 totum
1459 2359 1576 2396 caput.

276 2413 330 2456 (2)
360 2412 399 2445 In
429 2422 459 2445 2.
489 2421 519 2445 2.
548 2423 579 2457 q.
614 2421 691 2453 141.
720 2424 751 2447 a.
780 2411 814 2446 6.
1022 2443 1026 2446 .

276 2471 330 2514 (3)
360 2470 409 2504 Ita
436 2470 563 2503 Suarez
589 2470 637 2505 ib.
667 2481 767 2505 num.
800 2479 827 2512 ς.
856 2470 947 2505 Vide
974 2471 1083 2505 etiam
1110 2470 1335 2505 difficultates
1362 2469 1454 2515 apud
1485 2467 1594 2503 Ton-

182 2528 309 2575 giorgi‚
337 2528 417 2564 Eth.
442 2540 477 2563 n.
505 2537 580 2571 213.
607 2539 683 2574 sqq.
711 2529 803 2564 Vide
832 2529 1143 2575 Gury-Ballerini‚
1172 2529 1215 2563 de
1243 2529 1313 2575 leg.
1342 2540 1374 2574 p.
1403 2528 1447 2562 ΙΙ.
1476 2538 1506 2562 c.
1537 2537 1564 2562 1.
