1734 2784
746 79 1005 121 —268—

164 186 254 214 rem
288 184 326 213 et
361 172 510 228 eoipso
543 171 614 229 (1)
647 187 898 228 supremum
932 174 1064 216 totius
1089 173 1297 218 humanae
1331 176 1578 220 communi-

164 243 260 284 tatis
294 241 641 298 gubernatorem,
666 258 852 300 eumque
885 244 1268 302 sapientissimum,
1293 246 1583 290 iustissimum

166 328 207 356 et
241 315 578 370 sanctissimum,
600 315 738 356 immo
772 315 909 372 ipsam
933 316 1200 373 sapientiam,
1225 317 1430 360 iustitiam
1464 329 1505 361 et
1526 333 1589 361 re-

167 384 433 428 ctitudinem:
467 410 524 418 —
552 384 595 443 γ)
628 384 974 443 gubernatorem,
1009 388 1079 444 qui
1114 386 1207 430 talis
1241 388 1310 444 sit,
1347 404 1436 432 non
1459 404 1588 447 posse

170 471 259 498 non
292 455 519 513 prohibere
553 455 732 499 subditis
781 458 867 500 suis
916 459 1078 515 priores
1115 457 1203 501 illas
1252 459 1456 514 actiones,
1490 459 1590 503 alias

166 542 269 570 vero
304 542 391 570 non
441 543 567 584 posse
602 543 689 570 non
738 532 993 586 praecipere.
1027 531 1158 587 Atqui
1208 529 1309 573 haec
1341 531 1421 574 tria
1467 546 1590 574 mens

172 598 358 641 humana
393 615 467 657 per
500 600 642 657 ipsum
676 600 864 643 naturale
897 600 1044 644 lumen
1068 602 1105 645 ei
1134 601 1319 645 inditum
1354 603 1590 660 cognoscit.

172 671 288 728 Ergo
323 671 462 713 existit
495 672 537 713 in
572 670 749 714 homine
782 671 847 714 lex
882 672 1094 716 naturalis.

287 741 429 785 Maior
460 754 586 800 patet,
621 743 655 785 si
691 742 994 801 perpendatur,
1029 744 1135 801 quid
1169 745 1221 787 sit
1254 744 1320 787 lex
1353 745 1397 787 in
1436 759 1592 803 genere

170 825 214 856 et
248 812 350 871 quid
385 812 674 870 intelligamus
707 815 884 857 nomine
917 814 1022 871 legis
1057 814 1224 858 divinae
1256 815 1472 859 naturalis.

292 884 440 927 Minor
474 884 616 942 quoad
656 894 719 927 Ι.’ῃ
751 883 995 928 membrum
1030 898 1092 928 est
1125 884 1348 928 manifesta
1382 900 1436 929 ex
1469 884 1593 929 dictis

172 955 216 996 in
248 954 428 997 articulo
463 956 589 998 tertio
626 957 771 1014 capitis
805 956 1125 1014 praecedenti5‚
1160 957 1202 999 in
1236 972 1323 1014 quo
1358 955 1408 1001 de
1447 971 1594 1000 mora-

167 1024 298 1068 litatis
347 1026 575 1083 partitione
624 1028 806 1084 egimus.
842 1053 900 1060 —
935 1027 1093 1081 Quoad
1128 1037 1196 1072 21¹¹
1239 1025 1486 1070 membrum
1532 1037 1595 1071 est

170 1109 393 1155 comperta
425 1114 475 1140 ex
509 1098 575 1155 iis,
609 1115 714 1156 quae
750 1099 792 1141 in
826 1098 1072 1157 Theologia
1105 1098 1285 1142 naturali
1309 1098 1360 1142 de
1392 1099 1489 1142 Deo
1513 1110 1594 1142 tra-

169 1167 345 1212 duntur.
379 1194 437 1202 —
470 1169 606 1222 Quod
639 1182 800 1227 spectat
835 1169 886 1213 ad
921 1179 989 1226 3.“‘
1032 1168 1277 1213 membrum
1312 1169 1399 1229 (2),
1431 1168 1594 1227 guber-

267 1318 324 1362 (1)
355 1317 592 1352 «Secundum
620 1318 785 1352 eamdem
811 1319 1002 1362 rationem,
1031 1319 1146 1366 inquit
1175 1331 1202 1353 s.
1230 1319 1406 1361 Thomas,
1436 1329 1467 1354 1.
1497 1330 1532 1364 p.
1562 1330 1595 1365 q.

178 1384 257 1418 103.
283 1387 315 1410 a.
350 1385 389 1419 5.,
418 1377 591 1422 competit
619 1378 699 1411 Deo
727 1389 804 1412 esse
831 1378 1111 1424 gubernatorem
1139 1390 1259 1412 rerum
1298 1386 1332 1412 et
1359 1389 1504 1412 causam
1531 1388 1594 1412 ea-

170 1445 266 1468 rum:
296 1436 379 1481 quia
408 1435 568 1469 eiusdem
597 1443 647 1470 est
677 1448 752 1471 rem
779 1437 975 1482 producere
996 1446 1030 1471 et
1048 1437 1078 1471 ei
1099 1436 1361 1483 perfectionem
1388 1436 1482 1479 dare,
1501 1434 1596 1483 quod

170 1492 216 1527 ad
242 1494 507 1539 gubernantem
534 1495 737 1539 pertinet.»
769 1494 826 1530 Cf.
854 1495 964 1530 etiam
992 1504 1053 1530 art.
1088 1506 1114 1530 1.

270 1553 327 1597 (2)
355 1552 412 1587 Ad
442 1553 794 1589 demonstrationem
820 1554 928 1588 huius
955 1555 1049 1590 tertii
1077 1554 1233 1589 membri
1259 1553 1525 1596 illustrandam,
1545 1553 1598 1593 iu·

173 1612 263 1647 verit
290 1612 377 1646 haec
403 1612 528 1647 afferre
556 1626 597 1648 ex
623 1614 801 1657 Suaresio,
829 1615 871 1649 de
899 1615 970 1661 leg.
999 1615 1024 1650 l.
1053 1615 1096 1649 ΙΙ.
1117 1626 1146 1649 c.
1165 1614 1198 1650 6.
1228 1626 1327 1648 num.
1362 1623 1431 1657 23.:
1462 1627 1481 1646 «
1506 1614 1598 1660 Sup-

176 1671 292 1718 posita
318 1672 507 1706 voluntate
535 1673 681 1707 creandi
710 1682 876 1708 naturam
903 1674 1118 1708 rationalem
1147 1685 1230 1708 cum
1256 1673 1448 1709 sufficienti
1473 1673 1601 1718 cogni-

171 1730 275 1765 tione
303 1732 346 1765 ad
373 1733 596 1777 operandum
623 1734 761 1767 bonum
789 1742 822 1768 et
848 1733 1001 1776 malum,
1031 1743 1065 1769 et
1092 1745 1175 1769 cum
1202 1732 1394 1768 sufficienti
1420 1743 1597 1767 concursu

173 1801 219 1824 ex
245 1800 345 1836 parte
371 1792 439 1826 Dei
465 1792 508 1826 ad
535 1802 736 1839 utrumque,
763 1805 838 1828 non
866 1794 982 1839 potuit
999 1795 1098 1829 Deus
1116 1805 1190 1828 non
1207 1794 1301 1828 velle
1327 1793 1519 1839 prohibere
1536 1791 1598 1828 tali

174 1859 357 1884 creaturae
376 1860 475 1885 actus
495 1851 689 1887 intrinsece
707 1853 840 1895 malos,
857 1853 913 1888 vel
935 1853 1034 1888 nolle
1051 1853 1256 1900 praecipere
1281 1853 1457 1887 honestos
1469 1863 1598 1889 neces-,-

172 1909 296 1943 sarios.
326 1910 430 1951 Quia,
459 1912 550 1945 sicut
576 1923 650 1946 non
676 1920 797 1957 potest
835 1913 933 1947 Deus
960 1913 1116 1955 mentiri,
1146 1913 1194 1947 ita
1234 1923 1309 1946 non
1349 1919 1470 1958 potest
1507 1911 1597 1952 insi-

177 1968 316 2014 pienter
343 1968 401 2003 vel
430 1969 561 2004 iniuste
589 1971 798 2016 gubernare:
829 1981 922 2007 esset
950 1981 1070 2007 autem
1091 1972 1318 2017 providentia
1343 1971 1446 2006 valde
1480 1971 1599 2006 aliena

176 2039 197 2062 a
223 2027 342 2062 divina
369 2029 547 2074 sapientia
575 2039 608 2065 et
637 2030 809 2066 bonitate.
830 2042 905 2065 non
924 2031 1114 2077 prohibere
1131 2031 1187 2065 vel
1205 2030 1410 2078 praecipere
1428 2030 1501 2065 suis
1516 2030 1601 2065 sub-

176 2086 272 2127 ditis,
299 2099 391 2133 quae
417 2088 503 2122 talia
531 2099 661 2125 sunt....
688 2091 847 2125 Absolute
886 2099 1007 2136 posset
1044 2091 1145 2125 Deus
1171 2090 1259 2124 nihil
1297 2089 1503 2136 praecipere
1541 2087 1600 2124 vel

177 2146 381 2191 prohibere:
400 2155 523 2182 tamen
544 2160 583 2182 ex
599 2149 838 2195 suppositione,
857 2149 953 2196 quod
980 2149 1093 2184 voluit
1111 2149 1243 2183 habere
1270 2149 1434 2183 subditos
1459 2147 1600 2184 ratione

177 2213 328 2248 utentes,
347 2218 423 2240 non
450 2208 565 2252 potuit
591 2219 666 2242 non
692 2220 769 2243 esse
794 2208 980 2255 legislator
1003 2220 1130 2244 eorum
1156 2208 1282 2244 saltem
1311 2208 1346 2245 in
1360 2208 1430 2250 his,
1452 2218 1540 2255 quae
1555 2206 1600 2242 ad

178 2265 407 2300 honestatem
426 2266 624 2301 naturalem
643 2279 789 2302 morum
801 2268 1124 2314 pertinent....N0n
1140 2269 1367 2314 potestDeus
1385 2267 1600 2307 nonodisse

179 2325 317 2359 malum
344 2335 463 2360 rectae
491 2328 621 2362 rationi
650 2329 886 2370 contrarium3
916 2328 1023 2363 habet
1049 2337 1168 2363 autem
1188 2327 1260 2362 hoc
1286 2327 1411 2362 odium
1431 2338 1505 2361 non
1522 2335 1601 2362 tan·

178 2392 257 2418 turn
283 2394 321 2420 ut
347 2387 485 2431 privata
511 2398 680 2431 persona,
710 2388 771 2421 sed
799 2389 906 2423 etiam
945 2396 983 2422 ut
1009 2399 1198 2433 supremus
1237 2388 1469 2433 gubernator:
1511 2397 1598 2432 ergo

179 2442 318 2477 ratione
345 2444 449 2478 huius
475 2446 547 2480 odii
574 2447 649 2481 vult
669 2446 830 2492 obligare
847 2447 1022 2489 subditos,
1041 2458 1086 2481 ne
1103 2446 1191 2480 illud
1210 2446 1451 2481 committant.
1466 2459 1484 2476 »
1504 2443 1600 2480 Vide

179 2512 299 2547 super.
324 2514 403 2547 pag.
434 2502 532 2547 187.:
563 2504 649 2539 item
675 2517 754 2551 pag.
785 2515 852 2548 14„
880 2505 940 2539 ubi
967 2505 1116 2539 traditur
1142 2504 1328 2539 distinctio
1370 2502 1596 2538 necessitatis

1720 2465 1734 2515 Ξ

180 2562 216 2595 in
242 2562 446 2598 absolutam
473 2574 506 2599 et
531 2564 817 2610 hypotheticam,
845 2566 880 2599 in
907 2564 1150 2599 extrinsecam
1177 2571 1212 2598 et
1237 2563 1480 2598 intrinsecam.
1702 2544 1734 2784 ἐ
