1734 2784
760 119 814 126 -
850 109 936 151 440
968 119 1025 128 -

303 188 583 231 luzeium-rm.
610 189 639 231 I.
660 189 863 243 Definitio.
887 216 938 220 ——
959 189 1172 234 Definitur
1193 190 1241 235 ab
1267 193 1496 238 Aristotele
1517 195 1600 254 (1):

190 277 209 299 «
234 258 398 301 1111111115
433 274 558 302 verus
593 276 689 302 cum
725 262 887 304 ratione
911 262 1072 305 activus
1096 263 1204 306 circa
1227 279 1273 306 ea
1296 279 1402 321 quae
1432 264 1599 309 homini

183 330 290 372 1111111
326 330 390 372 vel
425 330 531 372 mala
565 344 717 374 sunt.»
757 333 857 384 Qua
891 334 931 375 in
967 332 1213 377 definitione
1245 350 1329 377 vox
1361 335 1521 379 habitus
1541 349 1601 380 te-

184 415 254 443 net
290 401 433 443 locum
467 404 648 460 generis,
681 402 782 446 aliae
815 420 916 446 vero
954 420 1082 447 Voces
1115 405 1260 448 locum
1300 419 1443 449 tenent
1484 407 1602 450 diffe-

180 474 350 516 rentiae.
386 473 552 516 Dicitur
583 490 701 517 verus
744 491 832 518 cnm
883 478 1036 519 rasione
1083 478 1255 531 activus,
1289 489 1335 520 ut
1378 477 1602 535 prudentia

185 556 428 587 secernatur
461 544 509 587 ab
551 545 760 588 habitibus
794 546 1063 605 speculativis
1107 560 1147 590 et
1190 547 1238 591 ab
1282 547 1427 592 habitu
1475 565 1600 594 erro-

179 617 234 659 ris
269 616 333 658 vel
367 632 387 658 :1
430 632 699 674 quacumque
748 617 959 672 facultate,
1009 635 1114 677 quae
1163 619 1213 663 ad
1251 635 1402 663 verum
1437 633 1475 665 et
1516 621 1600 665 fal-

180 702 276 731 sum
312 689 364 730 sit
397 687 653 731 indifferens.
687 689 885 744 Additur,
918 692 1023 734 circa
1056 706 1101 734 ea
1143 706 1245 749 qnae
1293 692 1447 736 homini
1497 692 1600 737 bona

179 770 252 804 ant
283 761 394 803 mala
427 770 533 814 sunt,
558 774 603 804 ut
636 761 885 805 excludatur
917 763 1146 806 Dialectica
1178 763 1244 807 vel
1267 764 1373 808 alius
1415 764 1598 821 habitus,

181 834 252 890 qui
288 834 340 875 sit
372 849 498 875 verus
533 849 629 875 cum
663 835 827 877 ratione
860 836 1036 891 activus,
1068 851 1156 878 non
1189 848 1332 879 tamen
1365 838 1498 880 virtus
1545 839 1600 881 sit

180 904 366 947 moralis.
404 905 578 947 Brevius
613 922 634 948 a
668 906 879 949 Cicerone
903 906 973 965 (2)
1007 906 1220 951 definitur:
1261 923 1440 951 «rerum
1473 924 1598 966 expe-

176 975 402 1019 tendarum
438 975 826 1035 fugiendarumque
850 978 1036 1022 scientia.
1057 995 1076 1018 »
1116 979 1261 1036 Itaque
1286 978 1513 1036 prudentia
1535 991 1599 1023 est

175 1048 309 1090 virtus
342 1047 424 1090 hoc
472 1047 629 1090 habens
678 1065 850 1105 munuS,
884 1049 1137 1092 ostendendi
1170 1052 1214 1093 in
1247 1051 1415 1094 actione
1449 1052 1597 1109 quavis

173 1131 264 1161 tum
300 1119 490 1163 debitum
524 1120 653 1163 finem
687 1133 780 1163 tum
815 1137 1002 1178 congrua
1036 1122 1189 1180 media,
1222 1138 1389 1166 necnon
1443 1139 1597 1168 conve-

173 1192 334 1234 nientes
369 1192 708 1235 circumstantias
757 1193 982 1250 temporis,
1017 1194 1118 1246 loci,
1168 1194 1288 1237 modi
1337 1206 1431 1252 etc.‚
1483 1195 1597 1239 unde

179 1261 249 1304 fiat
280 1275 326 1305 ut
349 1278 457 1320 opus
483 1264 536 1306 sit
558 1265 599 1306 in
623 1263 822 1306 omnibus
848 1277 886 1307 et
911 1264 1052 1322 quoad
1077 1267 1222 1308 omnia
1244 1278 1356 1309 recte
1382 1279 1592 1312 exactum.

296 1334 493 1386 Quaeres
517 1347 672 1388 autem,
698 1336 923 1392 quomodo
948 1335 1171 1393 prudentia
1195 1336 1277 1379 dici
1300 1339 1438 1394 possit
1460 1338 1594 1380 virtus

177 1404 377 1448 moralis?
409 1405 512 1458 Etsi,
542 1414 615 1463 per
665 1421 702 1449 se
745 1405 981 1464 loquendo,
1030 1408 1084 1450 sit
1130 1408 1265 1451 virtus
1313 1409 1594 1452 intellectualis

176 1477 391 1534 pertinens
426 1475 477 1519 ad
510 1478 719 1520 rationem
753 1479 980 1535 practicam
1014 1491 1054 1521 et
1085 1478 1231 1521 sedem
1264 1477 1420 1522 habens
1455 1480 1497 1522 in
1525 1478 1591 1522 fa-

173 1548 325 1591 cultate
359 1548 625 1603 intellectiva;
658 1562 801 1592 tamen
835 1551 1053 1608 participat
1085 1551 1295 1593 rationem
1317 1550 1486 1593 virtutis
1510 1566 1593 1594 mo-

173 1620 275 1663 ralis
310 1621 466 1678 duplici
499 1637 552 1664 ex
588 1622 736 1679 capite:
771 1647 826 1654 —
860 1623 958 1679 quia
990 1623 1298 1680 praesupponit
1323 1622 1592 1666 voluntatem

172 1690 278 1734 bene
313 1691 566 1750 dispositam
599 1709 699 1750 erga
731 1692 860 1736 finem
909 1694 1109 1736 ultimum
1143 1693 1214 1752 (3)
1245 1719 1304 1726 ——
1337 1695 1436 1752 quia
1485 1694 1594 1739 «ad-

266 1912 322 1956 (1)
346 1911 461 1947 Ethic.
487 1913 550 1946 VI.
580 1921 610 1956 5.
637 1913 803 1947 Λεὶπετκι
830 1911 896 1958 ἀρφ.
917 1911 1018 1950 αὐτὴν
1043 1907 1132 1946 εἶναι
1153 1912 1226 1953 ἕξιν
1249 1913 1358 1949 ἀληθῆ
1377 1913 1462 1959 μετὰ.
1481 1913 1591 1957 λόγου

173 1972 364 2015 πρακτικὴν
391 1970 468 2014 περὶ
493 1970 535 2003 τὰ
561 1970 727 2016 ἀιθρώπῳ
752 1971 867 2015 ἀγαθὰ.
891 1970 949 2004 καὶ
974 1973 1074 2005 κκκὰ..
1102 1971 1157 2005 De
1192 1971 1260 2006 hac
1295 1971 1506 2006 definitione
1543 1971 1589 2007 cf.

174 2029 410 2072 Pallavicino,
440 2029 497 2076 qui
526 2039 622 2064 recte
648 2029 758 2064 addit:
790 2030 921 2065 «Cum
949 2030 1076 2064 dicitur
1101 2031 1287 2076 prudentia
1324 2031 1459 2065 habitus
1491 2041 1590 2065 verus

174 2100 247 2123 cum
274 2089 406 2123 ratione
433 2090 576 2132 actfvus,
606 2101 679 2124 non
706 2098 757 2124 est
784 2089 1062 2134 intelligendum
1102 2089 1146 2124 de
1185 2090 1344 2133 veritate,
1371 2101 1480 2136 quam
1519 2090 1587 2124 haae

173 2149 255 2182 beat
281 2148 468 2194 prudentia
494 2161 558 2195 per
583 2147 876 2184 conformitatem
911 2148 954 2183 ad
992 2148 1175 2184 obiectum
1216 2149 1304 2194 (hoc
1341 2149 1438 2183 enim
1477 2148 1588 2184 modo

173 2217 295 2253 posset
322 2208 532 2254 prudentiae
558 2210 703 2243 subesse
729 2207 870 2251 falsum,
899 2219 979 2242 cum
1020 2208 1187 2254 respiciat
1223 2208 1404 2242 obiectum
1441 2207 1588 2242 contin-

171 2269 288 2315 gens),
315 2268 376 2302 sed
404 2281 467 2314 per
491 2269 791 2314 adaequationem
818 2279 898 2302 cum
926 2268 1088 2313 appetitu
1116 2275 1226 2302 recto:
1257 2278 1366 2313 quam
1399 2266 1586 2301 rectitudi-

168 2340 252 2362 nem
280 2336 457 2373 praestant
483 2329 631 2363 virtutes
657 2328 691 2361 in
719 2327 879 2373 appetitu
917 2328 1124 2362 residentes:
1153 2335 1186 2362 et
1225 2326 1292 2362 hac
1326 2327 1464 2361 ratione
1502 2337 1588 2371 pru-

169 2386 288 2421 dentia
315 2387 406 2420 circa
433 2398 557 2421 verum
584 2396 754 2433 perpetuo
782 2395 955 2429 versatur,
983 2397 1066 2420 cum
1092 2396 1236 2432 semper
1260 2385 1389 2420 habeat
1422 2384 1589 2420 ordinem
1641 2381 1643 2383 ’
1690 2400 1699 2407 ·

165 2444 214 2479 ad
240 2446 437 2491 appetitum
466 2455 616 2480 rectum.
635 2460 652 2477 »

262 2504 319 2549 (2)
347 2504 401 2538 De
428 2504 490 2538 off.
523 2515 549 2538 1.
576 2515 632 2550 43.
659 2505 750 2540 Item
777 2516 803 2540 S.
831 2504 1055 2551 Augustinus
1081 2503 1103 2538 l.
1131 2503 1187 2547 83.
1214 2504 1285 2550 Qq.
1312 2515 1344 2550 q.
1373 2513 1427 2548 30.

261 2563 316 2608 (3)
346 2562 401 2598 Cf.
428 2574 455 2597 5.
480 2564 564 2606 Th„
594 2574 625 2598 2.
654 2575 686 2599 2.
713 2576 745 2610 q.
771 2574 825 2608 47.
863 2575 894 2599 a.
940 2575 967 2599 1.
1005 2564 1059 2598 lbi
1093 2574 1119 2597 s.
1144 2564 1284 2598 Doctor
1317 2561 1419 2597 affert
1455 2560 1588 2597 defini-
1614 2587 1619 2590 ⁴
1671 2567 1684 2592 ,ἰ
