1734 2784
797 98 1061 138 -162—

216 196 281 237 his
315 192 525 236 exclusive
558 203 701 233 tractat
734 190 951 245 theologia
984 188 1329 246 supernaturalis.
1364 190 1474 233 Sunt
1510 207 1635 248 prae-

220 280 332 308 terea
365 262 532 305 habitus
564 261 770 304 naturales
802 273 842 303 et
878 275 951 317 per
984 260 1160 302 iteratos
1185 270 1300 302 actus
1323 262 1525 318 acquisiti,
1560 263 1632 320 qui

217 335 406 378 tribuunt
440 333 653 390 potentiae
686 347 812 388 posse
854 331 1033 385 facilius,
1081 331 1307 387 promptius
1351 343 1391 374 et
1417 332 1633 390 perfectius

217 422 339 461 agere
372 403 489 460 illud,
527 403 643 460 quod
676 404 763 459 ipsa
801 403 926 444 etiam
950 403 1041 444 sine
1074 400 1217 443 habitu
1254 412 1394 458 potest
1431 403 1631 459 quadarn-

212 491 334 520 tenus
368 475 545 519 efficere:
579 474 720 532 quales
754 486 851 516 sunt
872 490 907 517 e.
933 490 972 529 g.
998 472 1163 516 habitus
1190 472 1384 530 pulsandi
1409 473 1629 530 citharam,

213 547 461 591 conficiendi
501 561 664 597 versus,
715 543 991 587 convertendi
1042 545 1083 586 in
1116 544 1260 586 Deum
1307 557 1496 587 mentem
1550 558 1629 590 etc.

213 620 381 663 Scilicet
414 631 529 661 actus
562 618 727 673 saepius
762 616 979 658 instaurati
1016 616 1268 672 imprimunt
1307 628 1345 658 et
1379 615 1628 674 relinquunt

212 694 253 734 in
287 691 476 749 potentia
514 688 684 745 aliquod
732 687 862 730 veluti
909 687 1143 744 vestigium
1198 687 1276 742 sui,
1321 702 1394 730 seu
1444 687 1627 745 aliquam

212 764 465 821 pronitatem
501 760 550 802 ad
585 758 699 802 idem
734 758 1014 815 operandum,
1048 773 1122 815 per
1156 774 1284 815 quam
1320 757 1515 816 deinceps
1549 776 1625 818 po-

213 834 345 876 tentia
378 833 543 874 iuvatur
577 843 616 872 et
649 829 782 872 veluti
812 828 1043 886 impellitur
1065 827 1115 871 ad
1139 828 1300 871 similes
1325 841 1440 871 actus
1466 829 1624 873 minori

215 920 313 947 cum
349 915 503 946 conatu
538 914 578 945 et
611 902 866 958 propensius
901 900 1130 943 eliciendos
1164 899 1247 958 (1).

329 973 528 1025 Habitus,
572 987 760 1030 quorum
808 971 1094 1014 consideratio
1129 972 1301 1028 proprie
1345 971 1525 1028 pertinet
1573 972 1623 1016 ad

208 1043 528 1102 philosophiam
562 1043 786 1099 moralem,
819 1055 917 1084 sunt
942 1042 1107 1084 habitus
1131 1042 1340 1099 acquisiti,
1364 1043 1479 1100 iique
1507 1058 1622 1100 prae-

202 1117 368 1169 sertim,
402 1117 474 1173 qui
507 1116 674 1159 morales
707 1115 919 1169 dicuntur,
971 1116 1129 1172 quique
1174 1126 1271 1156 sunt
1321 1113 1621 1158 inclinationes

203 1187 254 1230 ad
287 1200 402 1230 actus
438 1187 646 1230 moraliter
680 1187 798 1229 honos
838 1186 903 1229 vel
932 1186 1060 1229 malos
1104 1184 1472 1243 reproducendos,
1521 1198 1620 1230 sunt

206 1274 361 1315 nempe
394 1259 564 1300 virtutes
597 1256 662 1300 vel
695 1258 810 1299 vitia.

321 1330 374 1372 Il.
409 1330 552 1382 Hisce,
586 1345 692 1385 quae
725 1328 775 1371 ad
798 1329 1043 1385 propositae
1067 1328 1328 1385 quaestionis
1352 1329 1617 1372 solutionem

205 1399 436 1453 sufficiunt,
454 1400 635 1443 breviter
658 1400 916 1457 praemissiS,
940 1398 1025 1441 duo
1051 1399 1290 1441 statuimus.
1309 1424 1365 1431 —-
1384 1399 1537 1456 Primo,
1556 1399 1618 1443 di-

203 1470 386 1513 cendum
421 1483 482 1513 est
514 1470 722 1523 habitum,
755 1482 906 1528 utpote
939 1470 1172 1513 voluntarie
1205 1484 1250 1513 ac
1282 1469 1401 1513 libere
1436 1479 1616 1515 contrac-

200 1551 305 1594 tum,
340 1557 427 1585 non
462 1542 595 1585 tollere
628 1541 916 1584 voluntarium
951 1553 990 1584 et
1023 1540 1204 1584 liberum
1238 1541 1281 1583 in
1315 1540 1409 1593 illis,
1435 1557 1541 1599 quae
1564 1557 1616 1584 ex

197 1628 250 1655 eo
282 1611 411 1656 fiunt:
436 1612 537 1655 haec
561 1613 691 1669 igitur
723 1624 821 1654 sunt
853 1610 1090 1654 voluntaria
1124 1623 1164 1653 et
1196 1610 1337 1664 libera,
1372 1612 1437 1654 sin
1471 1612 1614 1654 minus

197 1684 241 1725 in
274 1699 409 1726 causa.
429 1709 484 1716 —
506 1683 706 1737 Secundo,
732 1681 993 1725 «dicendum
1018 1694 1095 1739 est,
1113 1694 1159 1724 ut
1192 1683 1330 1740 inquit
1354 1683 1509 1726 Suarez
1527 1682 1613 1742 (2),

193 1769 246 1796 ex
281 1754 588 1797 consuetudine
636 1766 677 1796 et
710 1753 853 1796 habitu
900 1768 974 1809 per
1024 1752 1136 1795 illam
1180 1754 1387 1810 acquisito
1422 1752 1527 1807 fieri,
1566 1766 1612 1796 ut

197 1825 395 1867 voluntas
429 1827 581 1869 maiori
615 1824 963 1883 promptitudine
992 1824 1162 1877 feratur,
1196 1825 1295 1877 quia
1328 1825 1480 1867 maiori
1514 1824 1612 1868 faci-

189 1896 306 1939 litate
340 1909 380 1939 et
413 1897 690 1940 delectatione
725 1909 925 1953 operatur
959 1912 1009 1939 ex
1043 1895 1203 1952 habitu,
1233 1911 1361 1953 quam
1395 1897 1486 1939 sine
1520 1895 1610 1950 illo,

190 1969 341 2010 ceteris
384 1968 575 2024 paribus:
624 1981 662 2010 at
704 1983 807 2010 vero
858 1968 1008 2010 maiori
1059 1979 1211 2009 conatu
1266 1982 1496 2023 operamur
1547 1983 1608 2021 ea,

187 2053 294 2094 quae
342 2037 503 2080 facilius
552 2050 591 2080 et
625 2038 852 2080 iucundius
901 2037 1133 2080 efficimus:
1184 2038 1242 2080 sic
1285 2053 1389 2093 ergo
1437 2037 1606 2080 habitus

187 2117 301 2165 auget
349 2110 644 2162 volunlariitm,
695 2110 791 2165 quia
835 2121 1115 2165 augmentum
1164 2108 1392 2151 voluntarii
1446 2110 1488 2150 in
1521 2108 1605 2151 hoc

186 2181 395 2238 consistit,
429 2179 544 2237 quod
576 2180 774 2222 voluntas
809 2181 958 2223 maiori
992 2182 1155 2238 impetu
1202 2179 1370 2223 feratur.
1412 2182 1468 2223 At
1500 2196 1602 2223 vero

279 2366 332 2408 (1)
359 2367 412 2399 De
439 2364 561 2397 habitu
590 2364 622 2396 in
650 2375 778 2409 genere
806 2364 921 2408 agitur
941 2365 974 2396 in
993 2363 1251 2408 Metaphysica.
1275 2361 1330 2396 Cf.
1352 2363 1496 2402 Suarez,
1516 2361 1596 2394 Me·-

185 2423 282 2468 raph.
312 2425 404 2468 disp.
434 2424 577 2466 XLIX„
605 2435 633 2458 s,
662 2423 743 2464 Th,
774 2434 803 2456 Ι.
835 2433 864 2455 2.
895 2435 911 2456 a
941 2431 1077 2468 quaest.
1110 2432 1152 2465 50
1177 2422 1220 2455 ad
1249 2430 1380 2467 quaest.
1413 2427 1490 2464 54¹⁰.

275 2483 330 2526 (2)
356 2484 409 2516 De
436 2482 571 2516 volunt.
602 2491 634 2515 et
661 2481 774 2515 invol.
804 2481 930 2526 disput.
964 2482 1022 2514 ΠΙ.
1050 2489 1133 2514 sect.
1164 2481 1221 2514 HI.
1251 2491 1347 2513 num.
1382 2478 1433 2513 16.
