1734 2784
149 195 212 238 vis
247 195 315 239 sit:
349 206 412 238 est
444 194 671 238 necessitas
705 193 913 238 obiectiva
951 208 992 238 et
1022 194 1213 238 absoluta
1245 209 1477 251 exsurgens
1516 208 1570 237 ex

148 266 382 309 necessaria
414 265 590 309 actionis
625 280 723 308 cum
755 264 838 308 fine
894 265 1050 309 ultimo
1099 266 1378 310 connexione.
1421 267 1569 310 Restat

111 348 113 350 ’
149 353 264 381 nunc
294 336 613 395 inquirendum,
646 335 861 380 undenam
904 354 951 381 ea
997 338 1100 381 fluat
1147 353 1192 381 ac
1240 337 1458 396 procedat,
1491 352 1567 380 seu

150 409 373 467 quodnam
406 409 459 451 sit
491 409 581 452 eius
614 407 710 451 fons
745 422 784 451 et
820 410 1096 467 principium.

238 475 241 477 ’
268 481 370 533 Qua
400 481 443 523 in
475 495 520 523 re
552 479 705 537 triplex
738 481 1014 538 potissimum
1048 494 1110 524 est
1144 482 1365 524 sententia.
1404 506 1461 513 —
1483 479 1570 523 Alii

149 563 358 608 statuunt,
392 566 485 594 eam
518 551 647 594 fluere
681 552 926 599 immediate
956 551 1004 594 ab
1037 552 1305 595 ordinatione
1339 551 1470 594 divini
1503 552 1568 593 in-

148 621 341 666 tellectus
376 622 626 679 divinaeque
659 621 916 666 voluntatis:
953 623 1056 666 haec
1089 636 1152 666 est
1184 624 1404 676 sententia,
1438 638 1566 680 quam

149 693 465 751 amplectimur,
486 694 690 751 cuiusque
722 695 944 737 veritatem
978 695 1053 737 hac
1087 696 1130 737 in
1163 695 1271 737 thesi
1304 695 1565 737 assumimus

148 764 470 809 vindicandam.
487 765 640 808 —Alii
663 778 822 823 tenent,
845 782 937 808 eam
962 768 1104 823 primo
1129 766 1356 824 procedere
1379 765 1426 809 ab
1451 765 1563 809 ordi-

148 838 318 880 natione
352 838 484 894 ipsius
522 837 733 880 humanae
767 838 955 881 rationis:
982 838 1082 880 haec
1105 851 1166 881 est
1190 839 1396 880 sententia
1413 839 1564 883 Ratio-

148 909 410 952 nalistaruin.
435 908 732 951 —Affirmant
765 909 959 965 alii,eam
995 911 1136 967 primo
1171 910 1358 952 derivare
1395 909 1442 952 ab
1478 911 1565 967 ipsa

150 993 298 1023 natura
332 979 542 1032 rationali,
578 981 645 1022 cui
677 981 865 1023 actiones
900 980 1060 1038 aliquae
1095 982 1365 1023 intrinsecam
1414 981 1566 1024 habent

150 1050 507 1107 convenientiam,
540 1050 640 1092 aliae
674 1066 775 1093 vero
810 1052 1081 1093 intrinsecam
1126 1051 1563 1095 disconvenientiam:

149 1121 251 1164 haec
286 1134 349 1164 est
381 1123 589 1164 sententia
622 1124 848 1179 Vasquesii
882 1122 1163 1180 aliorumque.

273 1208 366 1249 119.
400 1195 781 1236 DEMONSTRATIO.
808 1194 1195 1246 Quemadmodum
1229 1196 1269 1237 in
1304 1195 1412 1237 thesi
1449 1211 1564 1252 prae-

149 1265 326 1309 cedente
361 1267 501 1323 primo
535 1265 711 1322 quidem
746 1267 1110 1322 investigavimus,
1129 1266 1231 1324 quid
1255 1268 1295 1309 in
1320 1283 1476 1323 genere
1509 1269 1563 1310 sit

149 1337 354 1395 obligatio
403 1338 577 1395 quaevis
627 1337 708 1393 legi
757 1337 926 1381 cuilibet
975 1338 1228 1395 inhaerens,
1262 1339 1413 1382 deinde
1461 1355 1566 1382 vero

150 1422 405 1466 conceptum
439 1409 681 1466 generalem
716 1411 956 1466 quaestioni
988 1410 1154 1466 speciali
1178 1410 1434 1467 applicantes
1464 1409 1565 1452 defi-

149 1482 353 1534 nivimus,
375 1480 477 1538 quid
495 1482 537 1522 in
561 1481 699 1538 specie
723 1482 776 1523 sit
799 1480 1001 1537 obligatio
1025 1481 1129 1537 legis
1154 1482 1353 1523 naturalis
1379 1483 1561 1539 propria,

150 1553 204 1595 ita
238 1551 314 1594 hac
348 1553 387 1594 in
421 1551 529 1594 thesi
564 1553 705 1609 primo
739 1551 913 1608 quidem
948 1553 1226 1609 inquiremus,
1262 1552 1476 1610 quodnam
1511 1554 1563 1595 sit

150 1624 337 1681 primum
382 1622 656 1680 obligationis
707 1624 891 1665 cuiusvis
927 1625 1198 1680 principium,
1242 1639 1328 1681 quo
1373 1625 1564 1681 invento,

148 1694 324 1738 obvium
358 1695 436 1737 erit
470 1693 764 1747 determinare,
785 1694 1001 1751 quodnam
1038 1695 1076 1735 in
1103 1695 1338 1751 particulari
1370 1697 1422 1738 sit
1449 1697 1565 1753 prin-

150 1768 311 1825 cipium
346 1766 617 1824 obligationis
650 1766 755 1823 legis
791 1766 1003 1809 naturalis.
1039 1768 1150 1810 Hinc
1184 1767 1286 1810 duas
1336 1770 1375 1810 in
1426 1782 1563 1826 partes

150 1838 464 1882 demonstratio
513 1839 797 1896 dispescitur,
848 1838 1087 1895 generalem
1138 1839 1338 1896 alteram,
1391 1840 1565 1883 alteram

150 1909 390 1967 specialem.

267 1981 299 2024 I.
335 1981 554 2038 Obligatio
589 1980 784 2037 quaevis,
834 1994 879 2022 ut
928 1982 1009 2023 iam
1060 1980 1216 2039 pluries
1267 1981 1426 2023 dictum
1475 1994 1562 2038 est,

150 2053 339 2109 exsurgit
371 2067 423 2095 ex
459 2053 691 2095 necessaria
724 2053 902 2094 actionis
937 2067 1035 2094 cum
1070 2051 1222 2095 ultimo
1274 2052 1355 2094 fine
1405 2067 1568 2095 conne-

148 2126 288 2167 xione.
323 2125 517 2167 Iamvero
552 2125 628 2166 etsi
664 2125 745 2166 sint
781 2123 998 2176 actiones,
1033 2140 1139 2180 quae
1170 2125 1332 2179 exigunt
1373 2125 1566 2166 connecti

152 2212 250 2238 cum
285 2195 439 2238 ultimo
473 2194 554 2238 fine
571 2194 693 2253 (tales
728 2207 825 2237 sunt
858 2195 1044 2237 actiones
1079 2195 1128 2237 de
1152 2210 1195 2237 se
1220 2195 1355 2237 bonae
1379 2208 1418 2237 et
1443 2194 1492 2237 de
1523 2210 1567 2237 se

151 2267 319 2325 malae),
352 2266 465 2309 nulla
496 2279 638 2309 tamen
671 2279 733 2308 est
767 2267 890 2319 actio,
925 2282 1031 2324 quae
1065 2267 1109 2309 de
1141 2282 1177 2309 se
1212 2268 1265 2308 sit
1289 2282 1386 2309 cum
1412 2265 1563 2309 ultimo

150 2337 232 2381 fine
265 2353 411 2395 reapse
445 2353 648 2394 connexa,
681 2336 755 2380 sed
788 2338 959 2380 actualis
995 2337 1096 2380 haec
1141 2353 1238 2379 cum
1293 2337 1443 2379 ultimo
1486 2336 1568 2380 fine

151 2411 411 2463 coniunctio,
434 2426 483 2452 ex
506 2424 637 2466 eaque
671 2424 901 2465 exsurgens
931 2408 1148 2466 obligatio,
1173 2408 1329 2467 pendet
1363 2407 1410 2451 ab
1434 2410 1567 2451 activa

150 2480 420 2524 ordinatione
453 2480 688 2523 intellectus
722 2493 762 2522 et
796 2480 1025 2523 voluntatis
1060 2481 1167 2523 entis
1206 2479 1415 2536 alicuius,
1450 2479 1566 2537 quod

150 2563 404 2610 potestatem
439 2550 595 2594 habens
628 2550 914 2607 coniungendi
938 2552 1124 2594 actiones
1154 2567 1251 2594 cum
1282 2550 1439 2593 ultimo
1472 2549 1569 2602 fine,
