1734 2784
203 237 244 265 et
268 223 392 264 etiam
430 221 471 262 in
504 220 795 277 Metapliysica
827 220 898 278 (1)
921 221 1251 275 demonstratur,
1284 223 1390 265 visIO
1424 225 1628 269 intuitivcc

208 294 286 335 Dei
323 291 425 334 nulli
459 304 598 334 creato
634 291 863 334 intellectui
898 305 960 334 cst
993 309 1090 335 vere
1124 293 1339 346 naturalis,
1365 294 1388 337 i.
1414 310 1448 337 e.
1483 310 1622 354 neque

207 378 267 407 est
302 365 342 406 in
377 376 582 420 potestate
615 376 802 415 naturae,
851 363 905 405 ita
948 375 993 406 ut
1026 376 1173 406 natura
1221 365 1358 421 possit
1406 381 1499 408 eam
1533 367 1627 409 suis:

208 436 364 478 viribus
398 435 473 478 sibi
509 451 770 492 comparare,
802 449 939 491 neque
973 450 995 477 a
1026 447 1175 477 natura
1217 436 1417 491 exigitur,
1453 452 1504 480 ne
1536 437 1622 480 fru-

208 520 289 549 stra
324 509 388 551 sit.
422 534 478 540 —
513 507 669 560 Quoad
707 508 799 562 2¹¹¹.)
834 506 938 548 ratio
973 518 1049 562 est,
1083 507 1194 563 quia,
1227 509 1413 565 seposita
1456 509 1622 552 visione

208 578 398 619 inluizivcz
430 589 469 619 et
505 576 755 629 immediata,
788 575 865 618 alia
899 575 1061 620 divinae
1086 579 1290 621 essentiae
1312 579 1503 635 cognitio
1536 594 1624 622 non

210 661 412 704 remanet,
445 648 523 689 nisi
559 647 783 690 discm‘siva
816 647 895 704 vel,
930 660 975 690 ut
1009 648 1075 690 alii
1114 648 1363 706 loquuntur,
1411 651 1629 707 arguitivct

209 733 248 762 et
284 719 485 762 mediata:
519 719 691 773 scilicet,
727 718 962 761 intellectus
995 736 1045 762 ex
1078 718 1294 762 effectibus
1330 719 1497 774 divinis,
1530 732 1624 764 tum

209 806 363 848 nempe
396 807 445 834 ex
479 790 600 832 rebus
634 790 917 848 sensibilibus,
940 804 1032 833 tum
1065 792 1341 848 potissimum
1376 808 1426 834 ex
1457 792 1624 835 entibus

209 861 515 919 spiritualibus,
551 877 632 918 ope
675 861 889 904 discursus
939 877 1011 904 seu
1061 863 1270 905 ratiocinii
1318 862 1369 906 ad
1416 861 1626 906 infinitam

211 934 424 977 Creatoris
459 932 762 990 perfectionem
797 934 887 976 sine
920 932 1001 976 ulla
1035 935 1190 976 erroris
1225 950 1271 976 ac
1305 933 1420 977 dubii
1462 934 1631 977 admix-

209 1007 324 1048 tione
358 1004 677 1061 intelligendam
712 1017 952 1061 assurgeret
985 1004 1070 1063 (2).
1105 1030 1162 1037 —
1197 1005 1357 1058 Quoad
1393 1008 1485 1062 3³³.)
1519 1007 1630 1048 ratio

207 1090 287 1131 est,
322 1077 420 1135 quia
452 1075 624 1119 felicitas
659 1089 721 1119 est
753 1089 903 1129 status,
938 1077 979 1118 in
1013 1091 1099 1134 quo
1133 1078 1273 1119 omnis
1307 1075 1504 1119 naturalis
1528 1089 1628 1119 ten-

211 1150 351 1192 dentia
383 1165 454 1190 seu
504 1147 715 1190 ordinatio
750 1159 812 1190 est
845 1147 1020 1204 expleta.
1055 1148 1188 1205 Atqui
1237 1149 1378 1190 omnis
1427 1146 1631 1190 naturalis

209 1220 423 1264 tendentia
455 1235 542 1261 non
576 1231 637 1261 est
685 1218 861 1276 expleta,
894 1218 1065 1276 quando
1098 1219 1238 1262 anima
1285 1219 1361 1262 etsi
1399 1230 1634 1275 cognoscat

212 1294 372 1343 Deam,
407 1305 547 1333 tannen
585 1306 725 1347 ipsum
773 1291 993 1347 cognoscit
1037 1290 1274 1333 secundum
1307 1290 1488 1347 gradum
1523 1289 1630 1333 infe-

211 1366 368 1408 riorem
401 1362 488 1419 illo,
523 1363 639 1405 cuius
674 1374 735 1404 est
768 1362 1011 1404 naturaliter
1046 1377 1189 1419 capax.
1238 1363 1352 1418 Ergo
1392 1363 1545 1419 anima,
1581 1373 1628 1404 ut

213 1437 266 1478 sit
298 1435 429 1487 beata,
464 1433 586 1477 debet
619 1435 762 1476 Deum
797 1448 1059 1490 cognoscere
1092 1446 1275 1488 tantum,
1311 1445 1519 1490 quantum
1552 1448 1634 1475 na-

213 1507 367 1550 turales
400 1505 703 1562 intelligentiae
748 1505 859 1547 vires
893 1517 1073 1562 possunt
1121 1506 1264 1547 Deum
1313 1506 1531 1561 attingere.
1567 1505 1636 1547 Ex

214 1578 365 1636 quibus
400 1578 529 1631 vides,
564 1577 719 1635 duplici
761 1593 810 1621 ex
844 1578 977 1634 capite
1010 1576 1313 1620 beatitudinem
1358 1592 1483 1634 posse
1521 1575 1628 1619 defi-

215 1666 306 1692 cere
340 1662 380 1692 et
413 1665 502 1692 esse
536 1648 844 1706 imperfectam:
877 1665 925 1691 ex
961 1657 1077 1706 parte
1109 1648 1260 1704 obiecti,
1308 1659 1513 1704 quatenus
1546 1646 1633 1690 bo-

216 1738 336 1774 num,
370 1720 484 1777 quod
519 1721 774 1777 possidetur,
799 1736 887 1762 non
910 1721 962 1762 sit
985 1719 1213 1772 sufficiens,
1237 1735 1310 1762 seu
1344 1734 1431 1761 non
1454 1734 1631 1776 respon-

217 1792 309 1835 deat
357 1792 474 1833 omni
525 1791 702 1833 naturali
749 1791 984 1834 tendentiae
1033 1790 1243 1833 humanae
1290 1790 1546 1832 voluntatis:
1581 1805 1635 1832 ex

211 1873 325 1921 parte
349 1863 528 1920 formae,
564 1879 636 1904 seu
672 1862 804 1919 modi,
838 1878 924 1919 quo
960 1862 1201 1919 possidetur
1249 1860 1484 1913 obiectum,
1520 1876 1633 1917 qua-

216 1949 338 1977 tenus
373 1934 530 1976 bonum
582 1932 796 1976 infinitum
844 1949 931 1975 non
981 1932 1246 1990 possideatur
1293 1933 1334 1973 in
1384 1947 1434 1974 eo
1484 1930 1631 1987 gradU‚

219 2007 337 2048 cuius
371 2006 510 2047 anima
557 2018 617 2047 est
651 2006 893 2048 naturaliter
941 2021 1079 2062 capas.
1114 2030 1170 2036 —
1204 2003 1363 2056 Quoad
1397 2007 1489 2061 4m.)
1525 2003 1636 2045 ratio-

219 2089 279 2119 est
314 2075 575 2118 desumenda
608 2093 656 2117 ex
689 2075 872 2132 generali
921 2076 1145 2133 principio,
1194 2076 1236 2116 in
1287 2090 1372 2131 quo
1421 2074 1636 2126 statuitur,

220 2250 335 2284 Conc.
366 2248 531 2287 Labbaei,
558 2257 643 2281 tom.
674 2248 715 2280 II.
744 2257 832 2291 part.
861 2257 904 2289 2.‚
936 2247 1002 2281 col,
1033 2246 1152 2292 2566).
1186 2245 1379 2292 Beguardis
1410 2245 1630 2290 praeiverant

220 2309 254 2342 in
281 2308 349 2341 hoc
375 2319 494 2341 errore
521 2307 743 2348 eunomiani,
773 2308 844 2352 qui,
872 2316 963 2340 teste
990 2307 1237 2348 Tlieodoreto,
1266 2317 1339 2340 non
1368 2305 1486 2339 solum
1513 2305 1632 2338 Deum

220 2368 369 2401 naturali
394 2368 521 2400 virture
548 2378 587 2399 ac
615 2366 800 2411 perspicue
827 2366 948 2408 videri,
975 2367 1034 2399 sed
1073 2365 1331 2412 comprehendi
1366 2376 1473 2411 posse
1500 2365 1542 2398 ab
1569 2363 1640 2397 hu-

220 2438 328 2461 mano
354 2427 538 2461 intellectu
566 2426 765 2460 incredibili
790 2426 937 2459 audacia
966 2433 1205 2461 autumarunt.
1228 2441 1244 2456 »

317 2487 372 2529 (1)
402 2485 455 2521 Cs.
486 2486 665 2526 I’almieri,
695 2485 825 2519 Theoi.
853 2494 924 2518 nat.
954 2484 1041 2519 thes.
1063 2486 1157 2519 VIII.
1307 2528 1311 2532 ὁ

317 2546 372 2588 (2)
402 2544 457 2579 Cf.
487 2544 682 2589 Taparelli‚
711 2544 828 2588 saggt'o
856 2548 972 2578 teoret.
1001 2544 1179 2578 dissertaz.
1221 2554 1245 2577 1.
1280 2555 1355 2588 cap.
1388 2553 1420 2577 2.
1449 2553 1547 2576 num.
1572 2549 1636 2584 40.

222 2602 278 2638 Cf.
305 2603 518 2648 Tongiorgi‚
539 2603 616 2638 Eth.
649 2614 745 2637 num.
766 2612 822 2648 49.

1700 0 1730 153 „usca-nd
