1734 2784
181 203 364 245 quarum
400 185 647 243 complexus
681 186 900 228 constituit
924 185 1135 242 ordinem,
1159 201 1288 243 quem
1313 185 1496 229 dicimus
1519 202 1601 230 na-

182 258 376 301 turalem.
426 258 591 313 Paucis,
634 256 757 300 debet
805 272 897 300 esse
942 256 1178 299 conformis
1233 256 1373 300 ordini
1420 258 1600 302 naturali

179 329 362 386 completa
395 337 581 386 spectato,
617 340 664 371 ut
697 329 739 370 in
773 328 864 384 ipsa
911 327 1039 371 huius
1078 327 1251 371 theseos
1302 330 1602 373 enunciatione

183 416 379 457 expresse
412 398 667 443 affirmatur:
701 414 837 452 secus,
867 400 976 442 actio
1002 399 1079 442 erit
1103 401 1213 442 mala
1246 398 1311 442 vel
1346 411 1458 443 certe
1492 398 1601 443 defi-

185 473 298 514 ciens
331 472 374 513 in
407 470 609 514 bonitate.

305 542 387 601 2.⁰)
422 542 580 585 Eadem
617 557 746 599 porro
779 542 960 595 ratione,
996 554 1042 584 ut
1076 543 1184 585 actio
1220 543 1273 585 sit
1305 541 1416 585 bona
1450 542 1602 600 simpli-

184 616 295 668 citer,
329 626 500 671 oportet
533 626 578 656 ut
613 628 659 655 ea
691 612 872 670 completa
905 621 1082 670 spectata
1116 614 1168 655 sit
1202 612 1437 656 conformis
1461 613 1600 656 ordini

187 684 362 728 naturali
398 684 480 742 (Ι).
518 683 689 741 Duplici
738 684 853 726 enim
897 683 1033 726 modo
1081 696 1225 741 potest
1268 684 1376 727 actio
1419 683 1607 726 humana

189 756 470 799 considerari:
499 757 649 812 primo,
682 754 988 797 tantummodo
1027 763 1101 812 per
1133 771 1170 798 se
1204 767 1244 798 et
1272 757 1496 813 praecisive
1530 770 1604 798 seu

184 826 402 870 secundnm
432 841 551 868 suam
582 825 868 878 substantiam,
902 824 1007 868 facta
1031 827 1237 869 nimirum
1272 826 1552 870 abstractione
1584 843 1606 870 a

186 897 269 940 fine
316 897 528 954 operantis
583 896 757 954 aliisque
805 897 985 939 actionis
1027 896 1273 940 individuae
1321 898 1606 941 circumstan-

187 970 255 1011 tiis
289 968 380 1027 (2):
414 968 596 1025 secundo,
629 967 741 1011 nulla
775 967 882 1010 sacta
915 969 1176 1025 praecisione
1217 980 1258 1010 et
1293 981 1604 1026 consequenter

187 1041 313 1083 etiam
346 1039 563 1083 secundm
580 1039 707 1098 finem
730 1041 934 1097 operantis
958 1055 1126 1082 necnon
1148 1040 1365 1082 secundum
1388 1040 1606 1084 accidentia

187 1128 260 1155 seu
296 1112 632 1154 circumstantias
666 1110 765 1153 alias
799 1126 966 1168 omnes,
1014 1126 1120 1168 quae
1155 1112 1368 1154 actionem
1411 1111 1453 1153 in
1492 1110 1606 1153 indi-

185 1183 317 1226 viduo
350 1182 647 1226 determinant.
683 1183 876 1224 Iamvero
911 1194 956 1224 ut
989 1184 1098 1225 actio
1132 1183 1185 1225 sit
1217 1181 1328 1224 bona
1360 1183 1610 1240 simpliciter,

189 1270 297 1312 opus
318 1266 394 1310 est,
413 1266 458 1296 ut
478 1253 595 1296 nullo
616 1269 665 1296 ex
689 1254 823 1310 capite
846 1254 900 1295 sit
921 1252 970 1296 ab
1000 1253 1151 1296 ordine
1175 1253 1354 1296 naturali
1380 1252 1609 1307 difformis,

187 1341 325 1383 neque
358 1337 543 1382 spectata
576 1339 649 1381 per
683 1339 727 1366 se
760 1340 832 1366 seu
869 1340 918 1366 ex
952 1323 1134 1380 obiecto,
1170 1339 1307 1381 neque
1336 1325 1526 1382 inspecta
1559 1340 1610 1368 ex

189 1397 532 1453 circumstantiis,
565 1412 703 1453 neque
737 1412 787 1438 ex
818 1395 902 1438 fine
937 1396 1185 1453 operantis:
1219 1396 1254 1438 si
1289 1412 1339 1438 ex
1362 1410 1449 1438 uno
1474 1397 1608 1453 capite

190 1467 367 1520 deficiat,
401 1467 510 1509 actio
545 1468 623 1509 erit
658 1466 766 1509 mala
798 1468 823 1509 i.
859 1483 894 1509 e.
928 1467 995 1509 vel
1029 1483 1078 1509 ex
1111 1478 1204 1509 toto
1239 1466 1364 1519 mala,
1398 1466 1465 1509 vel
1499 1479 1611 1510 certe

189 1540 232 1582 in
263 1538 450 1581 bonitate
485 1537 695 1581 deficiens
732 1537 868 1590 Quod
902 1537 1026 1581 docet
1059 1554 1091 1581 S.
1128 1536 1327 1581 Thomas
1361 1537 1478 1580 hisce
1509 1553 1611 1581 ver-

189 1610 251 1652 bis
275 1610 359 1668 (3):
382 1629 403 1649 «
421 1610 525 1654 Non
549 1622 611 1653 est
635 1610 742 1652 actio
766 1608 878 1651 bona
897 1610 1142 1667 simpliciter,
1162 1610 1241 1651 nisi
1267 1624 1419 1652 omnes
1442 1609 1610 1652 bonita-

189 1694 252 1724 tes
276 1694 530 1724 concurrant
552 1681 624 1740 (ex
648 1680 831 1737 obiecto,
855 1697 905 1723 ex
927 1680 1023 1738 fine,
1048 1697 1098 1724 ex
1121 1679 1486 1738 circumstantiis):
1509 1681 1607 1738 quia

287 1901 343 1945 (1‘)
372 1900 429 1934 Cf.
461 1912 486 1934 s.
515 1900 600 1942 Th„
621 1911 646 1934 1.
676 1911 704 1935 2.
735 1912 764 1946 q.
800 1900 910 1936 18:21.
941 1910 973 1935 2.
1002 1911 1092 1946 sqq.,
1122 1911 1152 1934 2.
1181 1909 1273 1934 sent.
1303 1899 1383 1935 dist.
1418 1898 1464 1942 36.
1487 1909 1549 1934 art.
1581 1909 1613 1944 5.

190 1959 513 2004 Quemadmodum
552 1960 586 1992 in
622 1960 750 1993 ceteris
788 1960 892 1993 rebus
929 1960 1075 1993 bonitas
1113 1971 1174 1993 seu
1202 1959 1292 1993 ratio
1332 1960 1607 1995 convenientiae

191 2019 384 2054 attenditur
409 2019 444 2052 in
472 2018 676 2063 particulari
704 2019 900 2052 secundum
929 2019 1164 2052 substantiam
1193 2019 1252 2060 rei,
1280 2018 1479 2052 secundum
1511 2019 1608 2052 acci-

191 2079 323 2120 dentia,
351 2078 547 2112 secundum
576 2079 825 2112 habitudinem
853 2090 872 2112 a
902 2088 1020 2119 causa,
1043 2089 1061 2110 a
1089 2090 1155 2124 qua
1183 2077 1399 2121 dependent3
1420 2076 1468 2110 ita
1496 2077 1606 2111 etiam

194 2140 229 2171 in
256 2149 332 2172 esse
358 2149 501 2171 morum
530 2138 671 2171 bonitas
699 2146 798 2171 actus
825 2137 974 2170 humani
1012 2137 1237 2182 dignoscitur
1265 2136 1300 2169 in
1339 2135 1544 2180 particulari
1570 2146 1613 2169 ex

194 2199 336 2232 actione
362 2206 502 2242 sumpta
528 2208 589 2242 per
617 2208 664 2238 se,
692 2205 829 2242 sumpta
859 2196 1059 2229 secundum
1080 2195 1290 2237 accidentia,
1315 2204 1457 2240 sumpta
1477 2205 1609 2228 secun-

195 2257 279 2290 dum
307 2268 449 2290 causam
477 2266 509 2290 et
536 2256 645 2289 finem
673 2257 865 2301 operantis.
895 2255 986 2290 Vide
1014 2266 1131 2300 super.
1161 2266 1243 2300 pag.
1275 2254 1346 2289 116.

289 2316 343 2359 (2)
374 2315 719 2356 «Circumstantiae‚
749 2314 863 2359 inquit
889 2326 916 2351 s,
945 2314 1120 2354 Tbomas3
1153 2325 1179 2347 1.
1209 2324 1237 2348 2‘
1257 2325 1289 2359 q.
1319 2324 1349 2357 7.
1370 2325 1401 2348 a.
1428 2324 1466 2355 1.,
1488 2312 1612 2346 dicun-

195 2384 250 2408 tur
277 2386 520 2420 quaecumque
549 2374 778 2408 conditiones
805 2383 886 2408 sunt
915 2382 1013 2407 extra
1041 2374 1275 2407 substantiam
1302 2382 1413 2415 actus,
1433 2380 1466 2406 et
1489 2380 1614 2406 tamen

195 2435 374 2479 attingunt
394 2434 510 2479 aliquo
532 2434 642 2468 modo
662 2434 862 2467 humanum
881 2441 1013 2466 actum.
1029 2432 1135 2467 Unde
1155 2432 1447 2467 circumstantiae
1465 2439 1613 2465 actuum

196 2492 438 2526 humanorum
464 2493 647 2527 accidentia
675 2504 799 2526 eorum
828 2492 976 2526 dicenda
1005 2501 1133 2526 sunt.»

293 2553 346 2596 (3)
374 2553 413 2585 In
446 2563 473 2587 1.
505 2563 536 2586 2.
566 2563 599 2597 q.
635 2553 686 2587 18.
716 2563 746 2586 a.
773 2560 808 2594 4.
838 2550 881 2584 ad
912 2557 963 2593 3¹¹¹.
