1734 2784
723 83 990 125 -280—

145 176 471 234 promulgatrix,
491 191 563 233 per
598 175 751 219 iudicia
786 176 850 219 illa
884 177 1099 234 naturalia,
1117 190 1336 235 tamquam
1374 193 1447 236 per
1480 195 1562 223 vo-

154 265 265 300 cem,
298 247 506 290 voluntati
540 246 786 304 proclamat,
820 259 882 290 est
916 247 980 290 lex
1015 249 1156 292 divina
1189 248 1389 292 naturalis
1414 250 1456 292 in
1490 266 1561 293 se-

151 320 328 375 metipsa
362 330 560 375 spectata.

270 391 366 432 Huc
399 389 506 433 redit
539 389 769 448 descriptio
794 389 899 447 legis
924 390 1141 448 naturaliS,
1162 407 1291 449 quam
1315 407 1346 436 s,
1366 391 1563 436 Thomas

147 462 272 505 tradit
302 462 401 521 (1):
432 461 695 506 «Omnibus
729 461 853 504 rebus
886 462 1146 505 naturalibus
1180 464 1324 506 insunt
1357 463 1563 521 quaedam

151 534 369 591 principia,
402 533 554 590 quibus
588 549 675 576 non
708 533 848 576 solum
885 536 1152 590 operationes
1177 537 1368 592 proprias
1399 535 1564 580 efficere

150 605 332 662 possint,
366 604 439 646 sed
474 603 627 662 quibus
661 605 787 647 ctiam
823 620 890 647 eas
925 606 1226 649 convenientes
1249 605 1321 649 fini
1355 622 1435 650 suo
1470 606 1565 650 red-

149 675 261 733 dant,
293 677 382 719 sive
415 677 500 719 sint
533 677 734 733 actiones,
767 692 873 734 quae
908 690 1223 735 consequantur
1257 694 1345 721 rem
1380 677 1565 736 aliquam

151 765 200 791 ex
233 759 380 791 natura
413 748 477 791 sui
511 749 694 806 generis,
727 749 815 791 sive
849 765 898 792 ex
923 763 1069 792 natura
1094 750 1272 806 speciei:
1307 762 1353 793 ut
1378 751 1564 807 magneti

148 820 355 878 competit
388 818 485 862 ferri
519 819 723 863 deorsum
756 837 805 862 ex
829 833 977 863 natura
1001 822 1065 863 sui
1090 823 1271 878 generiS,
1295 834 1335 864 et
1360 821 1565 864 attrahere

150 889 309 934 ferrum
357 906 407 934 ex
453 903 600 934 natura
647 908 747 934 suae
795 893 965 949 speciei.
1015 893 1134 936 Sicut
1180 905 1321 936 autem
1363 893 1406 936 in
1439 893 1564 936 rebus

147 962 367 1019 agentibus
400 980 450 1007 ex
481 965 732 1007 necessitate
766 976 939 1007 naturae
973 965 1182 1022 principia
1213 966 1433 1008 actionum
1466 977 1565 1009 sunt

147 1035 261 1091 ipsae
308 1033 487 1089 formae,
530 1052 551 1078 a
593 1034 745 1093 quibus
794 1037 1066 1093 operationes
1109 1037 1305 1094 propriae
1352 1030 1576 1095 prodeunt*

147 1106 449 1149 convenientes
482 1105 570 1160 fini3
604 1108 659 1149 ita
691 1108 735 1149 in
768 1106 850 1159 his,
901 1123 1006 1164 quae
1055 1109 1349 1165 cognitionem
1395 1109 1564 1166 partici-

147 1189 260 1233 pant,
293 1177 501 1236 principia
534 1177 687 1235 agendi
720 1190 818 1220 sunt
853 1179 1043 1234 cognitio
1088 1191 1128 1221 et
1169 1179 1397 1236 appetitus.
1437 1179 1564 1224 Unde

145 1260 330 1305 oportet,
363 1248 480 1306 quod
513 1249 555 1291 in
590 1249 629 1291 vi
664 1250 877 1305 cognitiva
919 1250 971 1292 sit
1010 1249 1208 1292 naturalis
1249 1251 1489 1308 conceptio,
1521 1263 1565 1294 et

146 1319 190 1362 in
222 1320 262 1362 vi
294 1320 520 1377 appetitiva
551 1319 752 1363 naturalis
786 1321 1016 1375 inclinatio,
1051 1321 1202 1378 quibus
1237 1322 1429 1378 operatio
1453 1337 1561 1365 con-

145 1391 321 1433 veniens
355 1392 514 1447 generi,
548 1392 635 1435 sive
668 1393 822 1449 speciei
857 1392 1058 1436 reddatur
1090 1405 1340 1450 competens
1364 1392 1451 1437 fini.
1476 1393 1562 1438 Sed

145 1463 244 1520 quia
277 1461 412 1506 homo
446 1463 555 1506 inter
588 1476 725 1507 cetera
756 1463 951 1507 animalia
985 1465 1195 1507 rationem
1221 1464 1314 1519 finis
1339 1465 1563 1522 cognoscit

146 1545 186 1578 et
220 1534 548 1592 proportionem
583 1536 842 1593 operationis
876 1535 927 1578 ad
948 1534 1094 1593 finem,
1118 1535 1215 1579 ideo
1237 1521 1438 1578 riaturalis
1461 1550 1563 1579 con-

145 1605 287 1663 ceptio
320 1618 383 1649 est
415 1607 452 1649 ei
484 1605 631 1663 indita,
663 1622 746 1664 qua
780 1606 978 1664 dirigitur
1025 1607 1076 1650 ad
1110 1607 1375 1664 operandum
1409 1622 1563 1651 conve-

145 1677 324 1731 nienter,
359 1693 465 1736 quae
513 1678 577 1721 lex
619 1678 824 1721 naturalis
870 1679 935 1721 vel
978 1680 1042 1722 ius
1083 1678 1270 1721 naturale
1317 1678 1485 1737 dicitur,
1518 1679 1562 1722 in

147 1749 294 1791 ceteris
342 1762 483 1792 autem
532 1748 817 1792 animantibus
850 1750 1074 1793 aestimatio
1121 1751 1327 1793 naturalis
1367 1762 1558 1795 vocatur.

144 1819 274 1861 Bruta
306 1821 419 1862 enim
453 1836 504 1863 ex
534 1821 576 1863 vi
608 1833 780 1864 naturae
811 1821 1088 1878 impelluntur
1122 1821 1172 1864 ad
1205 1820 1419 1878 agendum
1455 1837 1561 1865 con-

142 1891 359 1933 venientes
393 1892 596 1944 actiones,
632 1893 766 1949 magis
800 1909 928 1950 quam
953 1892 1214 1950 regulentur,
1238 1893 1355 1950 quasi
1383 1893 1560 1951 proprio

140 1960 314 2005 arbitrio
347 1964 524 2019 agentia.
561 1965 648 2007 Lex
679 1979 767 2020 ergo
800 1965 1005 2007 naturalis
1045 1964 1144 2007 nihil
1187 1963 1304 2007 aliud
1336 1971 1404 2020 est,
1437 1978 1561 2022 quam

237 2182 295 2227 (1)
321 2181 444 2228 Suppl.
471 2194 503 2229 q.
530 2181 585 2225 65.
615 2193 645 2217 a.
679 2193 720 2224 1.‚
742 2182 800 2216 ubi
828 2183 1004 2228 conceptio
1029 2182 1122 2217 sumi
1141 2181 1364 2216 debersensu
1383 2181 1560 2217 obiectivo.

144 2241 241 2276 Nota
266 2241 469 2283 discrimen,
497 2241 593 2287 quod
618 2241 688 2275 hoc
714 2241 750 2274 in
778 2241 861 2276 loco
890 2253 909 2275 a
937 2253 963 2275 s.
991 2240 1138 2275 Thoma
1157 2240 1322 2275 statuitur
1340 2240 1428 2275 inter
1453 2240 1561 2286 legem

146 2300 336 2334 naturalem
362 2309 396 2335 et
422 2300 687 2334 aestimationem
713 2301 919 2334 naturalem.
935 2301 1031 2334 Haec
1057 2299 1263 2334 aestimatio
1284 2310 1345 2333 seu
1368 2299 1560 2334 instinctus

143 2359 326 2402 naturalis,
354 2371 424 2406 quo
450 2358 619 2393 animalia
646 2359 747 2393 bruta
786 2368 968 2405 reguntur,
997 2368 1032 2394 et
1069 2371 1088 2393 a
1115 2357 1257 2392 fortiori
1290 2358 1378 2392 illud
1416 2358 1559 2404 pondus

145 2427 293 2452 naturae
320 2429 381 2452 seu
408 2418 595 2452 inclinatio
622 2419 727 2453 rebus
753 2418 1020 2453 insensibilibus
1046 2431 1090 2453 ex
1110 2419 1266 2453 efficacia
1283 2426 1450 2452 aeternae
1468 2417 1560 2463 legis

144 2478 270 2519 indita,
298 2489 361 2523 per
387 2488 494 2523 quarn
521 2477 682 2523 singulae
709 2478 751 2512 ad
779 2480 946 2524 proprios
973 2487 1072 2513 actus
1097 2477 1155 2512 vel
1182 2477 1270 2511 fines
1305 2476 1468 2518 tendunt,
1497 2476 1558 2510 lo-

139 2537 288 2571 cutione
312 2535 544 2569 solummodo
571 2536 764 2582 impropria
792 2546 826 2572 et
854 2537 1105 2583 metaphorica
1130 2536 1199 2571 dici
1229 2543 1378 2581 possunt
1405 2535 1474 2570 lex.

1714 2446 1717 2453 ἡ
1710 2431 1723 2442 ἓ
1708 2376 1723 2427 ,μ’
1705 2344 1721 2369 *L
1718 2317 1723 2321 .
