1734 2784
142 206 270 252 illam.
305 207 552 264 Ignorantia
584 205 695 249 dicitv
711 205 990 263 privationem
1024 204 1220 247 scientiae
1244 202 1422 257 debitae,
1457 202 1561 246 dum

142 277 300 322 scilicet
333 277 456 322 alicui
490 277 606 321 deest
639 277 829 334 cognitio
863 292 1029 330 eorum,
1064 291 1170 333 quae
1195 287 1316 333 aptus
1351 287 1473 318 natus
1499 286 1560 318 est

141 350 247 394 scire
279 351 305 393 i.
340 366 375 394 e.
411 365 519 408 quae
552 360 718 393 tenetur
752 350 869 392 scire.
896 349 1026 391 Error
1055 359 1197 391 autem
1225 359 1286 390 est
1311 345 1559 404 approbatio

141 421 231 466 falsi
262 437 343 480 pro
376 437 491 465 vero.
525 422 673 479 Itaque
706 421 935 465 nescientia
969 421 1111 463 minus
1158 419 1270 476 dicit,
1304 434 1422 462 error
1465 419 1559 476 plus

141 493 254 548 dicit,
288 509 416 552 quam
466 494 720 551 ignorantia,
768 509 874 551 quae
924 492 1104 551 proinde
1154 491 1346 535 medium
1397 491 1559 535 obtinet

138 565 285 609 locum
319 566 427 610 inter
449 566 727 610 nescientiam
753 578 793 609 et
817 581 1007 610 errorem
1030 566 1104 622 (1).
1126 565 1271 608 Errori
1295 564 1557 623 applicentur

139 655 200 695 ea,
224 654 329 697 quae
362 637 414 682 de
447 639 687 696 ignorantia
721 637 873 681 dicturi
898 652 1073 681 sumus:
1099 637 1336 695 eademque
1361 649 1557 695 aptentur

139 711 265 754 etiam
299 710 635 768 inadvertentiae‚
669 726 774 768 quae
823 710 1037 763 definitur,
1073 711 1253 754 carentia
1297 708 1556 766 cognitionis

137 783 309 826 actualis
341 783 385 825 in
419 798 487 835 eo,
522 783 593 840 qui
627 782 704 825 etsi
739 781 913 839 aliquid,
949 799 982 826 e.
1018 799 1055 839 g.
1092 782 1246 839 legem,
1292 780 1556 824 habitualiter

137 866 382 912 cognoscat,
417 854 467 898 de
499 853 571 897 illo
605 866 747 898 tamen
782 853 848 896 hic
882 867 920 897 et
955 868 1066 896 nunc
1111 852 1164 896 ob
1199 853 1432 896 memoriae
1467 852 1554 894 im—

136 926 404 971 becillitatem
438 942 526 970 non
561 925 822 980 recordatur,
855 941 942 969 non
978 927 1145 984 cogitat.
1173 926 1287 968 Haec
1323 924 1401 968 dici
1428 924 1554 967 etiam

137 998 245 1043 solet
280 999 588 1044 inconsideratio
621 1015 694 1043 seu
728 998 890 1042 oblivio.

254 1071 375 1114 Duae
409 1084 508 1114 sunt
541 1071 787 1130 praecipuae
821 1069 1052 1114 divisiones
1101 1069 1364 1126 ignorantiae
1401 1068 1554 1126 (item-

134 1159 217 1201 que
236 1145 392 1188 erroris
415 1156 455 1188 et
473 1143 836 1202 inadvertentiae).
855 1168 912 1176 —
942 1143 1022 1201 ΙΝ)
1044 1143 1211 1187 Ralione
1237 1142 1374 1186 obiecti
1405 1141 1470 1184 vel
1495 1141 1552 1183 rei

134 1231 240 1273 quae
273 1216 507 1273 ignoratur,
556 1215 834 1273 distinguitur
877 1216 919 1256 in
954 1214 1243 1271 ignorantiam
1294 1214 1410 1265 iaris,
1446 1213 1555 1270 facti

132 1300 172 1331 et
202 1297 363 1347 poenae.
400 1289 524 1332 Prior
557 1301 620 1331 est
654 1288 890 1345 ignorantia
923 1287 1026 1344 legis
1060 1286 1124 1330 vel
1158 1286 1368 1343 praecepti
1393 1283 1550 1342 aliquid

132 1359 380 1417 imperantis
429 1372 498 1402 aut
547 1359 839 1418 prohibentis:
875 1371 914 1401 et
940 1358 1042 1401 haec
1076 1357 1372 1413 subdividitur,
1422 1368 1551 1414 prout

130 1443 321 1474 versatur
354 1430 420 1474 vel
455 1433 560 1475 circa
594 1431 733 1489 legem
768 1446 841 1474 seu
878 1432 941 1473 ius
966 1429 1167 1486 naturale,
1190 1429 1257 1472 vel
1280 1431 1386 1472 circa
1410 1428 1549 1485 legem

130 1519 205 1547 seu
238 1504 303 1546 ius
352 1504 589 1561 positivum
628 1503 711 1563 (2).
762 1503 904 1547 Altera
955 1517 1017 1546 est
1066 1503 1305 1559 ignorantia
1349 1500 1445 1544 facti
1482 1500 1549 1542 vel

128 1574 314 1618 adiuncti
348 1575 522 1618 alicuius
556 1575 847 1633 cognoscendi
882 1591 958 1633 pro
993 1574 1275 1633 applicatione
1310 1572 1443 1630 legis:
1481 1572 1548 1616 ille

130 1663 163 1690 e.
197 1662 236 1704 g.
271 1647 344 1705 qui
377 1648 453 1690 scit
487 1647 661 1705 quidem
695 1659 969 1706 praeceptum
999 1646 1333 1690 ecclesiasticum
1359 1646 1408 1689 de
1432 1646 1544 1688 ieiu-

128 1720 218 1774 nio,
253 1718 326 1762 sed
357 1721 525 1777 ignorat
557 1733 627 1763 aut
660 1736 747 1763 non
781 1720 959 1763 advertit
1008 1719 1121 1762 hunc
1165 1734 1256 1762 esse
1291 1718 1420 1773 diem,
1459 1733 1545 1775 quo

125 1803 188 1834 est
220 1790 510 1843 ieiunandum,
546 1804 736 1835 versatur
766 1792 806 1834 in
846 1792 1084 1847 ignorantia
1122 1803 1192 1833 aut
1233 1790 1537 1834 inadvertentia

127 1863 234 1907 facti.
272 1865 419 1908 Tertia
462 1877 524 1908 est
579 1866 817 1922 ignorantia
871 1880 1031 1922 poenae
1075 1863 1284 1921 specialis,
1341 1863 1417 1906 sub
1464 1879 1545 1921 qua

127 1935 285 1994 aliquid
309 1937 564 1994 praecipitur
597 1936 663 1979 vel
687 1935 947 1994 prohibetur.
969 1961 1023 1968 -
1045 1936 1123 1994 2.⁰)
1145 1936 1324 1980 Ratione
1365 1935 1543 1978 subiecti

127 2007 330 2051 dividitur
362 2008 404 2051 in
439 2009 724 2066 ignorantiam
760 2008 1037 2052 invincibilem
1058 2021 1097 2051 et
1120 2006 1360 2051 vincibilem.
1396 2009 1542 2051 Invin-

126 2078 257 2122 cibilis
290 2091 353 2123 est
387 2096 433 2123 ea
467 2095 572 2138 quae
607 2079 758 2137 depelli
794 2095 879 2123 non
914 2081 1053 2137 potuit
1088 2080 1367 2138 acquisitione
1392 2084 1540 2138 cogni-

124 2152 252 2195 tionis
285 2153 523 2211 oppositae,
558 2152 621 2195 vel
657 2154 755 2210 quia
778 2153 964 2210 suspicio
990 2151 1039 2195 de
1065 2153 1392 2209 investigatione
1418 2154 1537 2195 insti-

124 2222 279 2267 tuenda
311 2239 549 2281 numquam
584 2224 627 2266 in
661 2235 803 2266 mente
828 2222 976 2266 oborta
1001 2235 1077 2276 est,
1102 2223 1166 2267 vel
1191 2225 1303 2281 quia,
1335 2225 1367 2266 si
1393 2222 1542 2267 oborta

219 2372 272 2417 (1)
301 2371 504 2407 Discrimen
533 2372 624 2406 inter
652 2373 893 2415 ignorantiam
921 2381 953 2406 et
989 2383 1146 2408 errorem
1174 2372 1266 2406 clare
1294 2373 1394 2408 vides
1421 2375 1455 2407 in
1484 2373 1538 2416 iis,

123 2432 181 2478 qui
210 2432 434 2478 ignorantiae
462 2432 717 2477 mysteriorum
738 2432 834 2467 Fidei
855 2433 1096 2479 superaddunt
1125 2434 1232 2468 etiam
1251 2435 1441 2480 oppositas
1472 2435 1539 2470 illis

123 2491 299 2537 mysteriis
328 2490 508 2526 falsitates.

217 2552 272 2595 (2)
300 2551 389 2585 Item
418 2551 444 2584 si
472 2552 610 2587 nescias
628 2564 750 2587 casum
778 2552 933 2600 aliquem
955 2554 1214 2600 comprehendi
1242 2556 1398 2600 generali
1420 2556 1536 2601 aliqua

121 2609 211 2656 lege,
238 2610 438 2656 ignorantia
465 2611 529 2646 erit
558 2611 653 2646 iuris.
681 2611 736 2647 Cf.
759 2613 939 2648 Ballerini.
966 2625 1041 2659 syn.
1071 2614 1112 2649 de
1140 2624 1206 2649 act.
1234 2614 1333 2649 hum.
1361 2626 1461 2651 num.
1485 2624 1525 2650 22
