<?xml version="1.0" encoding="UTF-8"?>
<!DOCTYPE html PUBLIC "-//W3C//DTD XHTML 1.0 Transitional//EN"
    "http://www.w3.org/TR/xhtml1/DTD/xhtml1-transitional.dtd">
<html xmlns="http://www.w3.org/1999/xhtml" xml:lang="en" lang="en">
 <head>
  <title>
</title>
<meta http-equiv="Content-Type" content="text/html;charset=utf-8" />
  <meta name='ocr-system' content='tesseract 3.04.00' />
  <meta name='ocr-capabilities' content='ocr_page ocr_carea ocr_par ocr_line ocrx_word'/>
</head>
<body>
  <div class='ocr_page' id='page_1' title='image "./institutionesphi01ferr_0127.png"; bbox 0 0 1734 2784; ppageno 0'>
   <div class='ocr_carea' id='block_1_1' title="bbox 624 315 968 368">
    <p class='ocr_par' dir='ltr' id='par_1_1' title="bbox 624 315 968 368">
     <span class='ocr_line' id='line_1_1' title="bbox 624 315 968 368; baseline -0.009 -1"><span class='ocrx_word' id='word_1_1' title='bbox 624 316 865 368; x_wconf 80' lang='lat' dir='ltr'><strong>CAPUT</strong></span> <span class='ocrx_word' id='word_1_2' title='bbox 908 315 968 365; x_wconf 92' lang='lat' dir='ltr'>II.</span> 
     </span>
    </p>
   </div>
   <div class='ocr_carea' id='block_1_2' title="bbox 512 457 1070 494">
    <p class='ocr_par' dir='ltr' id='par_1_2' title="bbox 512 457 1070 494">
     <span class='ocr_line' id='line_1_2' title="bbox 512 457 1070 494; baseline -0.002 -1"><span class='ocrx_word' id='word_1_3' title='bbox 512 459 576 494; x_wconf 88' lang='lat' dir='ltr'>DE</span> <span class='ocrx_word' id='word_1_4' title='bbox 603 457 812 493; x_wconf 86' lang='lat' dir='ltr'>ACTIBUS</span> <span class='ocrx_word' id='word_1_5' title='bbox 840 457 1070 492; x_wconf 87' lang='lat' dir='ltr'>HUMANIS.</span> 
     </span>
    </p>
   </div>
   <div class='ocr_carea' id='block_1_3' title="bbox 75 581 1518 1932">
    <p class='ocr_par' dir='ltr' id='par_1_3' title="bbox 83 581 1516 1145">
     <span class='ocr_line' id='line_1_3' title="bbox 205 581 1514 643; baseline -0.001 -18"><span class='ocrx_word' id='word_1_6' title='bbox 205 589 276 643; x_wconf 81' lang='lat'>36,</span> <span class='ocrx_word' id='word_1_7' title='bbox 312 604 334 626; x_wconf 89' lang='lat'>‹&lt;</span> <span class='ocrx_word' id='word_1_8' title='bbox 370 585 571 642; x_wconf 83' lang='lat' dir='ltr'>Cognitis</span> <span class='ocrx_word' id='word_1_9' title='bbox 619 599 763 626; x_wconf 84' lang='lat' dir='ltr'>rerum</span> <span class='ocrx_word' id='word_1_10' title='bbox 818 582 1002 637; x_wconf 82' lang='lat' dir='ltr'>finibus,</span> <span class='ocrx_word' id='word_1_11' title='bbox 1046 583 1184 641; x_wconf 89' lang='lat' dir='ltr'>inquit</span> <span class='ocrx_word' id='word_1_12' title='bbox 1219 581 1392 626; x_wconf 87' lang='lat' dir='ltr'>Tullius</span> <span class='ocrx_word' id='word_1_13' title='bbox 1426 581 1514 640; x_wconf 86' lang='lat'>(1),</span> 
     </span>
     <span class='ocr_line' id='line_1_4' title="bbox 83 653 1507 713; baseline -0.005 -12"><span class='ocrx_word' id='word_1_14' title='bbox 83 659 252 701; x_wconf 84' lang='lat' dir='ltr'>inventa</span> <span class='ocrx_word' id='word_1_15' title='bbox 271 658 380 701; x_wconf 86' lang='lat' dir='ltr'>vitae</span> <span class='ocrx_word' id='word_1_16' title='bbox 403 658 467 699; x_wconf 83' lang='lat' dir='ltr'>via</span> <span class='ocrx_word' id='word_1_17' title='bbox 490 668 553 699; x_wconf 93' lang='lat' dir='ltr'>est</span> <span class='ocrx_word' id='word_1_18' title='bbox 580 654 954 713; x_wconf 77' lang='lat' dir='ltr'>conformatioque</span> <span class='ocrx_word' id='word_1_19' title='bbox 988 655 1185 697; x_wconf 85' lang='lat' dir='ltr'>omnium</span> <span class='ocrx_word' id='word_1_20' title='bbox 1221 653 1465 696; x_wconf 87' lang='lat' dir='ltr'>officiorum</span> <span class='ocrx_word' id='word_1_21' title='bbox 1487 671 1507 694; x_wconf 84' lang='lat'>»</span> 
     </span>
     <span class='ocr_line' id='line_1_5' title="bbox 84 726 1514 787; baseline -0.003 -15"><span class='ocrx_word' id='word_1_22' title='bbox 84 730 278 787; x_wconf 88' lang='lat' dir='ltr'>positum</span> <span class='ocrx_word' id='word_1_23' title='bbox 296 740 376 781; x_wconf 90' lang='lat' dir='ltr'>est,</span> <span class='ocrx_word' id='word_1_24' title='bbox 396 740 442 770; x_wconf 92' lang='lat' dir='ltr'>ut</span> <span class='ocrx_word' id='word_1_25' title='bbox 460 727 527 770; x_wconf 89' lang='lat' dir='ltr'>alii</span> <span class='ocrx_word' id='word_1_26' title='bbox 546 727 797 785; x_wconf 77' lang='lat' dir='ltr'>loquuntur,</span> <span class='ocrx_word' id='word_1_27' title='bbox 810 726 1139 769; x_wconf 83' lang='lat' dir='ltr'>fundamentum</span> <span class='ocrx_word' id='word_1_28' title='bbox 1158 726 1292 768; x_wconf 87' lang='lat' dir='ltr'>totius</span> <span class='ocrx_word' id='word_1_29' title='bbox 1313 726 1514 768; x_wconf 85' lang='lat' dir='ltr'>scientiae</span> 
     </span>
     <span class='ocr_line' id='line_1_6' title="bbox 84 797 1515 857; baseline -0.003 -14"><span class='ocrx_word' id='word_1_30' title='bbox 84 799 282 857; x_wconf 82' lang='lat' dir='ltr'>moralis,</span> <span class='ocrx_word' id='word_1_31' title='bbox 314 800 452 843; x_wconf 89' lang='lat' dir='ltr'>immo</span> <span class='ocrx_word' id='word_1_32' title='bbox 500 800 761 842; x_wconf 86' lang='lat' dir='ltr'>constitutus</span> <span class='ocrx_word' id='word_1_33' title='bbox 796 812 872 855; x_wconf 86' lang='lat' dir='ltr'>est,</span> <span class='ocrx_word' id='word_1_34' title='bbox 906 799 1027 841; x_wconf 86' lang='lat' dir='ltr'>sicuti</span> <span class='ocrx_word' id='word_1_35' title='bbox 1061 799 1306 841; x_wconf 80' lang='lat' dir='ltr'>Lactantius</span> <span class='ocrx_word' id='word_1_36' title='bbox 1340 797 1411 856; x_wconf 82' lang='lat'>(2)</span> <span class='ocrx_word' id='word_1_37' title='bbox 1445 798 1515 851; x_wconf 81' lang='lat' dir='ltr'>ait,</span> 
     </span>
     <span class='ocr_line' id='line_1_7' title="bbox 87 869 1511 930; baseline -0.002 -15"><span class='ocrx_word' id='word_1_38' title='bbox 87 890 110 912; x_wconf 84' lang='grc'><strong>«</strong></span> <span class='ocrx_word' id='word_1_39' title='bbox 142 873 276 915; x_wconf 89' lang='lat' dir='ltr'>totius</span> <span class='ocrx_word' id='word_1_40' title='bbox 310 872 540 930; x_wconf 78' lang='lat' dir='ltr'>sapientiae</span> <span class='ocrx_word' id='word_1_41' title='bbox 589 871 714 915; x_wconf 83' lang='lat' dir='ltr'>cardo</span> <span class='ocrx_word' id='word_1_42' title='bbox 753 889 792 914; x_wconf 92' lang='lat'>&gt;›.</span> <span class='ocrx_word' id='word_1_43' title='bbox 842 872 957 914; x_wconf 87' lang='lat' dir='ltr'>Iacto</span> <span class='ocrx_word' id='word_1_44' title='bbox 1007 882 1148 913; x_wconf 86' lang='lat' dir='ltr'>autem</span> <span class='ocrx_word' id='word_1_45' title='bbox 1194 869 1511 922; x_wconf 85' lang='lat' dir='ltr'>fundamento,</span> 
     </span>
     <span class='ocr_line' id='line_1_8' title="bbox 85 940 1511 1003; baseline -0.004 -15"><span class='ocrx_word' id='word_1_46' title='bbox 85 945 137 989; x_wconf 86' lang='lat' dir='ltr'>ad</span> <span class='ocrx_word' id='word_1_47' title='bbox 170 946 314 1003; x_wconf 89' lang='lat' dir='ltr'>ipsum</span> <span class='ocrx_word' id='word_1_48' title='bbox 348 960 462 987; x_wconf 90' lang='lat' dir='ltr'>nunc</span> <span class='ocrx_word' id='word_1_49' title='bbox 495 943 802 987; x_wconf 85' lang='lat' dir='ltr'>exstruendum</span> <span class='ocrx_word' id='word_1_50' title='bbox 836 942 1077 986; x_wconf 84' lang='lat' dir='ltr'>aedificium</span> <span class='ocrx_word' id='word_1_51' title='bbox 1122 943 1298 1000; x_wconf 88' lang='lat' dir='ltr'>propius</span> <span class='ocrx_word' id='word_1_52' title='bbox 1343 940 1511 984; x_wconf 89' lang='lat' dir='ltr'>accedi-</span> 
     </span>
     <span class='ocr_line' id='line_1_9' title="bbox 84 1012 1516 1074; baseline -0.003 -14"><span class='ocrx_word' id='word_1_53' title='bbox 84 1032 198 1070; x_wconf 86' lang='lat' dir='ltr'><strong>mus,</strong></span> <span class='ocrx_word' id='word_1_54' title='bbox 223 1029 347 1074; x_wconf 89' lang='lat' dir='ltr'>atque</span> <span class='ocrx_word' id='word_1_55' title='bbox 380 1016 464 1059; x_wconf 91' lang='lat' dir='ltr'>hoc</span> <span class='ocrx_word' id='word_1_56' title='bbox 496 1017 539 1059; x_wconf 90' lang='lat' dir='ltr'>in</span> <span class='ocrx_word' id='word_1_57' title='bbox 573 1016 709 1073; x_wconf 89' lang='lat' dir='ltr'>capite</span> <span class='ocrx_word' id='word_1_58' title='bbox 737 1015 787 1058; x_wconf 89' lang='lat' dir='ltr'>de</span> <span class='ocrx_word' id='word_1_59' title='bbox 811 1015 956 1058; x_wconf 72' lang='lat' dir='ltr'>obiecto</span> <span class='ocrx_word' id='word_1_60' title='bbox 980 1014 1188 1058; x_wconf 69' lang='lat' dir='ltr'>materiali</span> <span class='ocrx_word' id='word_1_61' title='bbox 1210 1012 1516 1071; x_wconf 76' lang='lat' dir='ltr'>philosophiae</span> 
     </span>
     <span class='ocr_line' id='line_1_10' title="bbox 86 1087 827 1145; baseline -0.003 -14"><span class='ocrx_word' id='word_1_62' title='bbox 86 1089 259 1132; x_wconf 78' lang='lat' dir='ltr'>moralis</span> <span class='ocrx_word' id='word_1_63' title='bbox 295 1088 504 1132; x_wconf 81' lang='lat' dir='ltr'>disserere</span> <span class='ocrx_word' id='word_1_64' title='bbox 537 1087 827 1145; x_wconf 79' lang='lat' dir='ltr'>aggredimur.</span> 
     </span>
    </p>

    <p class='ocr_par' dir='ltr' id='par_1_4' title="bbox 75 1156 1518 1932">
     <span class='ocr_line' id='line_1_11' title="bbox 206 1156 1516 1216; baseline -0.005 -11"><span class='ocrx_word' id='word_1_65' title='bbox 206 1174 274 1216; x_wconf 83' lang='lat'>37.</span> <span class='ocrx_word' id='word_1_66' title='bbox 310 1159 547 1204; x_wconf 90' lang='lat' dir='ltr'>Obiectum</span> <span class='ocrx_word' id='word_1_67' title='bbox 598 1159 806 1202; x_wconf 71' lang='lat' dir='ltr'>materiale</span> <span class='ocrx_word' id='word_1_68' title='bbox 862 1157 1161 1216; x_wconf 73' lang='lat' dir='ltr'>philosophiae</span> <span class='ocrx_word' id='word_1_69' title='bbox 1214 1156 1420 1210; x_wconf 82' lang='lat' dir='ltr'>moraliS,</span> <span class='ocrx_word' id='word_1_70' title='bbox 1470 1168 1516 1199; x_wconf 87' lang='lat' dir='ltr'>ut</span> 
     </span>
     <span class='ocr_line' id='line_1_12' title="bbox 88 1229 1515 1288; baseline -0.003 -14"><span class='ocrx_word' id='word_1_71' title='bbox 88 1232 131 1275; x_wconf 90' lang='lat' dir='ltr'>in</span> <span class='ocrx_word' id='word_1_72' title='bbox 165 1231 355 1288; x_wconf 86' lang='lat' dir='ltr'>Prologo</span> <span class='ocrx_word' id='word_1_73' title='bbox 389 1230 592 1284; x_wconf 83' lang='lat' dir='ltr'>diximus,</span> <span class='ocrx_word' id='word_1_74' title='bbox 627 1242 690 1274; x_wconf 89' lang='lat' dir='ltr'>est</span> <span class='ocrx_word' id='word_1_75' title='bbox 724 1230 781 1284; x_wconf 86' lang='lat' dir='ltr'>id,</span> <span class='ocrx_word' id='word_1_76' title='bbox 805 1232 847 1273; x_wconf 87' lang='lat' dir='ltr'>in</span> <span class='ocrx_word' id='word_1_77' title='bbox 873 1246 958 1288; x_wconf 87' lang='lat' dir='ltr'>quo</span> <span class='ocrx_word' id='word_1_78' title='bbox 987 1230 1093 1272; x_wconf 86' lang='lat' dir='ltr'>ratio</span> <span class='ocrx_word' id='word_1_79' title='bbox 1119 1229 1384 1284; x_wconf 79' lang='lat' dir='ltr'>moralitatis,</span> <span class='ocrx_word' id='word_1_80' title='bbox 1408 1243 1515 1286; x_wconf 88' lang='lat' dir='ltr'>quae</span> 
     </span>
     <span class='ocr_line' id='line_1_13' title="bbox 75 1300 1515 1362; baseline -0.003 -16"><span class='ocrx_word' id='word_1_81' title='bbox 75 1302 258 1362; x_wconf 73' lang='lat' dir='ltr'>formale</span> <span class='ocrx_word' id='word_1_82' title='bbox 307 1314 370 1345; x_wconf 87' lang='lat' dir='ltr'>est</span> <span class='ocrx_word' id='word_1_83' title='bbox 417 1302 544 1345; x_wconf 90' lang='lat' dir='ltr'>huius</span> <span class='ocrx_word' id='word_1_84' title='bbox 593 1302 794 1345; x_wconf 73' lang='lat' dir='ltr'>scientiae</span> <span class='ocrx_word' id='word_1_85' title='bbox 844 1301 1076 1355; x_wconf 83' lang='lat' dir='ltr'>obiectum,</span> <span class='ocrx_word' id='word_1_86' title='bbox 1124 1301 1347 1358; x_wconf 87' lang='lat' dir='ltr'>reperitur.</span> <span class='ocrx_word' id='word_1_87' title='bbox 1382 1300 1515 1357; x_wconf 80' lang='lat' dir='ltr'>Atqui</span> 
     </span>
     <span class='ocr_line' id='line_1_14' title="bbox 87 1370 1515 1431; baseline -0.003 -15"><span class='ocrx_word' id='word_1_88' title='bbox 87 1374 194 1416; x_wconf 86' lang='lat' dir='ltr'>ratio</span> <span class='ocrx_word' id='word_1_89' title='bbox 229 1373 480 1416; x_wconf 84' lang='lat' dir='ltr'>moralitatis</span> <span class='ocrx_word' id='word_1_90' title='bbox 514 1374 715 1430; x_wconf 79' lang='lat' dir='ltr'>proxime</span> <span class='ocrx_word' id='word_1_91' title='bbox 764 1386 806 1417; x_wconf 88' lang='lat' dir='ltr'>et</span> <span class='ocrx_word' id='word_1_92' title='bbox 856 1372 1143 1431; x_wconf 73' lang='lat' dir='ltr'>principaliter</span> <span class='ocrx_word' id='word_1_93' title='bbox 1193 1373 1302 1415; x_wconf 89' lang='lat' dir='ltr'>inest</span> <span class='ocrx_word' id='word_1_94' title='bbox 1351 1370 1515 1414; x_wconf 80' lang='lat' dir='ltr'>actibus</span> 
     </span>
     <span class='ocr_line' id='line_1_15' title="bbox 86 1442 1514 1502; baseline -0.003 -14"><span class='ocrx_word' id='word_1_95' title='bbox 86 1444 331 1488; x_wconf 78' lang='lat' dir='ltr'>voluntariis</span> <span class='ocrx_word' id='word_1_96' title='bbox 364 1443 603 1501; x_wconf 84' lang='lat' dir='ltr'>iisdemque</span> <span class='ocrx_word' id='word_1_97' title='bbox 637 1444 801 1488; x_wconf 78' lang='lat' dir='ltr'>liberi5:</span> <span class='ocrx_word' id='word_1_98' title='bbox 835 1463 853 1485; x_wconf 85' lang='lat'>‹&lt;</span> <span class='ocrx_word' id='word_1_99' title='bbox 878 1444 949 1501; x_wconf 83' lang='lat' dir='ltr'>ibi,</span> <span class='ocrx_word' id='word_1_100' title='bbox 983 1445 1119 1502; x_wconf 88' lang='lat' dir='ltr'>inquit</span> <span class='ocrx_word' id='word_1_101' title='bbox 1153 1460 1184 1486; x_wconf 77' lang='lat' dir='ltr'>s,</span> <span class='ocrx_word' id='word_1_102' title='bbox 1210 1443 1406 1486; x_wconf 79' lang='lat' dir='ltr'>Thomas</span> <span class='ocrx_word' id='word_1_103' title='bbox 1427 1442 1514 1500; x_wconf 80' lang='lat'>(3),</span> 
     </span>
     <span class='ocr_line' id='line_1_16' title="bbox 86 1514 1516 1574; baseline -0.002 -15"><span class='ocrx_word' id='word_1_104' title='bbox 86 1517 233 1574; x_wconf 89' lang='lat' dir='ltr'>incipit</span> <span class='ocrx_word' id='word_1_105' title='bbox 266 1532 403 1574; x_wconf 85' lang='lat' dir='ltr'>genus</span> <span class='ocrx_word' id='word_1_106' title='bbox 438 1517 590 1568; x_wconf 80' lang='lat' dir='ltr'>moris,</span> <span class='ocrx_word' id='word_1_107' title='bbox 626 1515 694 1558; x_wconf 88' lang='lat' dir='ltr'>ubi</span> <span class='ocrx_word' id='word_1_108' title='bbox 731 1518 871 1574; x_wconf 84' lang='lat' dir='ltr'>primo</span> <span class='ocrx_word' id='word_1_109' title='bbox 907 1515 1151 1559; x_wconf 89' lang='lat' dir='ltr'>dominium</span> <span class='ocrx_word' id='word_1_110' title='bbox 1184 1514 1417 1558; x_wconf 70' lang='lat' dir='ltr'>voluntatis</span> <span class='ocrx_word' id='word_1_111' title='bbox 1454 1515 1516 1557; x_wconf 88' lang='lat' dir='ltr'>in-</span> 
     </span>
     <span class='ocr_line' id='line_1_17' title="bbox 86 1585 1510 1644; baseline -0.001 -14"><span class='ocrx_word' id='word_1_112' title='bbox 86 1588 314 1630; x_wconf 85' lang='lat' dir='ltr'>venitur.»</span> <span class='ocrx_word' id='word_1_113' title='bbox 354 1588 468 1644; x_wconf 85' lang='lat' dir='ltr'>Ergo</span> <span class='ocrx_word' id='word_1_114' title='bbox 503 1586 719 1630; x_wconf 84' lang='lat' dir='ltr'>obiectum</span> <span class='ocrx_word' id='word_1_115' title='bbox 754 1588 968 1630; x_wconf 82' lang='lat' dir='ltr'>materiale</span> <span class='ocrx_word' id='word_1_116' title='bbox 1001 1586 1301 1644; x_wconf 77' lang='lat' dir='ltr'>philosophiae</span> <span class='ocrx_word' id='word_1_117' title='bbox 1336 1585 1510 1629; x_wconf 85' lang='lat' dir='ltr'>moralis</span> 
     </span>
     <span class='ocr_line' id='line_1_18' title="bbox 87 1658 1518 1717; baseline -0.001 -16"><span class='ocrx_word' id='word_1_118' title='bbox 87 1660 283 1717; x_wconf 85' lang='lat' dir='ltr'>proxime</span> <span class='ocrx_word' id='word_1_119' title='bbox 316 1670 356 1701; x_wconf 91' lang='lat' dir='ltr'>et</span> <span class='ocrx_word' id='word_1_120' title='bbox 389 1658 674 1716; x_wconf 81' lang='lat' dir='ltr'>principaliter</span> <span class='ocrx_word' id='word_1_121' title='bbox 713 1672 814 1702; x_wconf 84' lang='lat' dir='ltr'>sunt</span> <span class='ocrx_word' id='word_1_122' title='bbox 861 1659 919 1702; x_wconf 90' lang='lat' dir='ltr'>illi</span> <span class='ocrx_word' id='word_1_123' title='bbox 968 1671 1113 1712; x_wconf 85' lang='lat' dir='ltr'>actus,</span> <span class='ocrx_word' id='word_1_124' title='bbox 1165 1659 1236 1716; x_wconf 93' lang='lat' dir='ltr'>qui</span> <span class='ocrx_word' id='word_1_125' title='bbox 1287 1658 1518 1701; x_wconf 73' lang='lat' dir='ltr'>voluntarii</span> 
     </span>
     <span class='ocr_line' id='line_1_19' title="bbox 87 1729 1512 1789; baseline -0.001 -16"><span class='ocrx_word' id='word_1_126' title='bbox 87 1730 217 1773; x_wconf 88' lang='lat' dir='ltr'>simul</span> <span class='ocrx_word' id='word_1_127' title='bbox 250 1742 350 1774; x_wconf 86' lang='lat' dir='ltr'>sunt</span> <span class='ocrx_word' id='word_1_128' title='bbox 384 1743 425 1774; x_wconf 90' lang='lat' dir='ltr'>et</span> <span class='ocrx_word' id='word_1_129' title='bbox 449 1731 584 1774; x_wconf 72' lang='lat' dir='ltr'>liberi.-</span> <span class='ocrx_word' id='word_1_130' title='bbox 609 1731 701 1774; x_wconf 85' lang='lat' dir='ltr'>illae</span> <span class='ocrx_word' id='word_1_131' title='bbox 724 1747 879 1789; x_wconf 83' lang='lat' dir='ltr'>nempe</span> <span class='ocrx_word' id='word_1_132' title='bbox 903 1732 1107 1788; x_wconf 74' lang='lat' dir='ltr'>actiones,</span> <span class='ocrx_word' id='word_1_133' title='bbox 1132 1746 1351 1788; x_wconf 86' lang='lat' dir='ltr'>«quarum</span> <span class='ocrx_word' id='word_1_134' title='bbox 1377 1729 1512 1772; x_wconf 90' lang='lat' dir='ltr'>homo</span> 
     </span>
     <span class='ocr_line' id='line_1_20' title="bbox 87 1800 1510 1861; baseline -0.001 -16"><span class='ocrx_word' id='word_1_135' title='bbox 87 1814 152 1845; x_wconf 86' lang='lat' dir='ltr'>est</span> <span class='ocrx_word' id='word_1_136' title='bbox 173 1801 419 1846; x_wconf 89' lang='lat' dir='ltr'>dominus...</span> <span class='ocrx_word' id='word_1_137' title='bbox 445 1819 551 1861; x_wconf 87' lang='lat' dir='ltr'>quae</span> <span class='ocrx_word' id='word_1_138' title='bbox 575 1819 625 1846; x_wconf 84' lang='lat' dir='ltr'>ex</span> <span class='ocrx_word' id='word_1_139' title='bbox 642 1803 859 1846; x_wconf 85' lang='lat' dir='ltr'>voluntate</span> <span class='ocrx_word' id='word_1_140' title='bbox 885 1802 1111 1846; x_wconf 81' lang='lat' dir='ltr'>deliberata</span> <span class='ocrx_word' id='word_1_141' title='bbox 1133 1802 1403 1860; x_wconf 88' lang='lat' dir='ltr'>procedunt»</span> <span class='ocrx_word' id='word_1_142' title='bbox 1426 1800 1510 1859; x_wconf 74' lang='lat'>(4).</span> 
     </span>
     <span class='ocr_line' id='line_1_21' title="bbox 88 1872 1517 1932; baseline -0.001 -17"><span class='ocrx_word' id='word_1_143' title='bbox 88 1873 188 1915; x_wconf 85' lang='lat' dir='ltr'>Dixi</span> <span class='ocrx_word' id='word_1_144' title='bbox 234 1873 420 1931; x_wconf 77' lang='lat' dir='ltr'>proxime</span> <span class='ocrx_word' id='word_1_145' title='bbox 469 1886 510 1917; x_wconf 92' lang='lat' dir='ltr'>et</span> <span class='ocrx_word' id='word_1_146' title='bbox 550 1875 854 1932; x_wconf 77' lang='lat' dir='ltr'>principaliter:</span> <span class='ocrx_word' id='word_1_147' title='bbox 905 1875 995 1931; x_wconf 90' lang='lat' dir='ltr'>ipse</span> <span class='ocrx_word' id='word_1_148' title='bbox 1044 1874 1156 1916; x_wconf 90' lang='lat' dir='ltr'>enim</span> <span class='ocrx_word' id='word_1_149' title='bbox 1206 1872 1342 1915; x_wconf 90' lang='lat' dir='ltr'>homo</span> <span class='ocrx_word' id='word_1_150' title='bbox 1391 1883 1517 1929; x_wconf 88' lang='lat' dir='ltr'>atque</span> 
     </span>
    </p>
   </div>
   <div class='ocr_carea' id='block_1_4' title="bbox 91 1985 341 1991">
    <p class='ocr_par' dir='ltr' id='par_1_5' title="bbox 91 1985 341 1991">
     <span class='ocr_line' id='line_1_22' title="bbox 91 1985 341 1991; baseline 0 0"><span class='ocrx_word' id='word_1_151' title='bbox 91 1985 341 1991; x_wconf 95' lang='lat' dir='ltr'> </span> 
     </span>
    </p>
   </div>
   <div class='ocr_carea' id='block_1_5' title="bbox 90 2033 1518 2608">
    <p class='ocr_par' dir='ltr' id='par_1_6' title="bbox 90 2033 1518 2608">
     <span class='ocr_line' id='line_1_23' title="bbox 183 2033 599 2080; baseline 0 -10"><span class='ocrx_word' id='word_1_152' title='bbox 183 2035 240 2080; x_wconf 85' lang='lat'>(1)</span> <span class='ocrx_word' id='word_1_153' title='bbox 268 2036 324 2070; x_wconf 91' lang='lat' dir='ltr'>De</span> <span class='ocrx_word' id='word_1_154' title='bbox 350 2033 480 2069; x_wconf 83' lang='lat' dir='ltr'>finibus</span> <span class='ocrx_word' id='word_1_155' title='bbox 506 2035 528 2070; x_wconf 85' lang='lat' dir='ltr'>l.</span> <span class='ocrx_word' id='word_1_156' title='bbox 554 2035 599 2070; x_wconf 88' lang='lat' dir='ltr'>V.</span> 
     </span>
     <span class='ocr_line' id='line_1_24' title="bbox 183 2094 784 2139; baseline 0 -10"><span class='ocrx_word' id='word_1_157' title='bbox 183 2095 241 2139; x_wconf 89' lang='lat'>(2)</span> <span class='ocrx_word' id='word_1_158' title='bbox 269 2095 350 2129; x_wconf 78' lang='lat' dir='ltr'>Div.</span> <span class='ocrx_word' id='word_1_159' title='bbox 379 2094 526 2129; x_wconf 86' lang='lat' dir='ltr'>institut.</span> <span class='ocrx_word' id='word_1_160' title='bbox 554 2095 576 2129; x_wconf 89' lang='lat'>1.</span> <span class='ocrx_word' id='word_1_161' title='bbox 603 2094 667 2127; x_wconf 86' lang='grc' dir='ltr'>ΙΙΙ.</span> <span class='ocrx_word' id='word_1_162' title='bbox 696 2104 723 2129; x_wconf 82' lang='lat' dir='ltr'>c.</span> <span class='ocrx_word' id='word_1_163' title='bbox 753 2105 784 2138; x_wconf 88' lang='lat'>7.</span> 
     </span>
     <span class='ocr_line' id='line_1_25' title="bbox 185 2154 1516 2201; baseline -0.002 -13"><span class='ocrx_word' id='word_1_164' title='bbox 185 2154 242 2199; x_wconf 85' lang='lat'>(3)</span> <span class='ocrx_word' id='word_1_165' title='bbox 271 2154 310 2188; x_wconf 90' lang='lat' dir='ltr'>In</span> <span class='ocrx_word' id='word_1_166' title='bbox 338 2163 371 2190; x_wconf 88' lang='lat'>2.</span> <span class='ocrx_word' id='word_1_167' title='bbox 401 2162 491 2188; x_wconf 81' lang='lat' dir='ltr'>sent.</span> <span class='ocrx_word' id='word_1_168' title='bbox 518 2154 601 2189; x_wconf 82' lang='lat' dir='ltr'>dist.</span> <span class='ocrx_word' id='word_1_169' title='bbox 631 2155 766 2189; x_wconf 72' lang='lat' dir='ltr'>XXIV.</span> <span class='ocrx_word' id='word_1_170' title='bbox 796 2167 827 2201; x_wconf 89' lang='lat' dir='ltr'>q.</span> <span class='ocrx_word' id='word_1_171' title='bbox 858 2163 886 2197; x_wconf 84' lang='lat'>3.</span> <span class='ocrx_word' id='word_1_172' title='bbox 914 2164 976 2189; x_wconf 84' lang='lat' dir='ltr'>art.</span> <span class='ocrx_word' id='word_1_173' title='bbox 997 2166 1027 2189; x_wconf 84' lang='lat'>2.</span> <span class='ocrx_word' id='word_1_174' title='bbox 1049 2156 1153 2199; x_wconf 82' lang='lat' dir='ltr'>Quae</span> <span class='ocrx_word' id='word_1_175' title='bbox 1171 2155 1278 2188; x_wconf 83' lang='lat' dir='ltr'>verba</span> <span class='ocrx_word' id='word_1_176' title='bbox 1298 2154 1332 2187; x_wconf 87' lang='lat' dir='ltr'>in</span> <span class='ocrx_word' id='word_1_177' title='bbox 1355 2162 1516 2188; x_wconf 86' lang='lat' dir='ltr'>mentem</span> 
     </span>
     <span class='ocr_line' id='line_1_26' title="bbox 90 2213 1078 2261; baseline 0.002 -15"><span class='ocrx_word' id='word_1_178' title='bbox 90 2223 264 2248; x_wconf 88' lang='lat' dir='ltr'>revocant</span> <span class='ocrx_word' id='word_1_179' title='bbox 290 2213 349 2248; x_wconf 83' lang='lat' dir='ltr'>illa</span> <span class='ocrx_word' id='word_1_180' title='bbox 376 2213 445 2248; x_wconf 85' lang='lat' dir='ltr'>alia</span> <span class='ocrx_word' id='word_1_181' title='bbox 471 2213 581 2247; x_wconf 86' lang='lat' dir='ltr'>divini</span> <span class='ocrx_word' id='word_1_182' title='bbox 610 2215 756 2253; x_wconf 78' lang='lat' dir='ltr'>Poetae,</span> <span class='ocrx_word' id='word_1_183' title='bbox 788 2215 893 2261; x_wconf 80' lang='lat' dir='ltr'>Purg.</span> <span class='ocrx_word' id='word_1_184' title='bbox 921 2214 1078 2248; x_wconf 78' lang='lat' dir='ltr'>XVIIl.:</span> 
     </span>
     <span class='ocr_line' id='line_1_27' title="bbox 376 2284 1215 2331; baseline 0.001 -11"><span class='ocrx_word' id='word_1_185' title='bbox 376 2285 491 2320; x_wconf 85' lang='lat' dir='ltr'>Color</span> <span class='ocrx_word' id='word_1_186' title='bbox 518 2284 584 2319; x_wconf 89' lang='lat' dir='ltr'>che</span> <span class='ocrx_word' id='word_1_187' title='bbox 612 2285 838 2331; x_wconf 80' lang='lat' dir='ltr'>ragionando</span> <span class='ocrx_word' id='word_1_188' title='bbox 867 2286 1000 2320; x_wconf 78' lang='lat' dir='ltr'>andaro</span> <span class='ocrx_word' id='word_1_189' title='bbox 1027 2286 1059 2320; x_wconf 81' lang='lat' dir='ltr'>al</span> <span class='ocrx_word' id='word_1_190' title='bbox 1089 2285 1215 2329; x_wconf 85' lang='lat' dir='ltr'>fondo,</span> 
     </span>
     <span class='ocr_line' id='line_1_28' title="bbox 469 2333 1182 2375; baseline 0 -8"><span class='ocrx_word' id='word_1_191' title='bbox 469 2333 675 2367; x_wconf 77' lang='lat' dir='ltr'>S&#39;accorsei·</span> <span class='ocrx_word' id='word_1_192' title='bbox 702 2333 813 2367; x_wconf 84' lang='lat' dir='ltr'>d&#39;esta</span> <span class='ocrx_word' id='word_1_193' title='bbox 843 2333 963 2368; x_wconf 86' lang='lat' dir='ltr'>innata</span> <span class='ocrx_word' id='word_1_194' title='bbox 993 2334 1182 2375; x_wconf 81' lang='lat' dir='ltr'>libertate;</span> 
     </span>
     <span class='ocr_line' id='line_1_29' title="bbox 470 2381 1177 2423; baseline 0.001 -8"><span class='ocrx_word' id='word_1_195' title='bbox 470 2382 561 2415; x_wconf 75' lang='lat' dir='ltr'>Pero</span> <span class='ocrx_word' id='word_1_196' title='bbox 590 2381 762 2416; x_wconf 76' lang='lat' dir='ltr'>moralita</span> <span class='ocrx_word' id='word_1_197' title='bbox 792 2381 938 2416; x_wconf 77' lang='lat' dir='ltr'>lasciaro</span> <span class='ocrx_word' id='word_1_198' title='bbox 967 2382 999 2415; x_wconf 86' lang='lat' dir='ltr'>al</span> <span class='ocrx_word' id='word_1_199' title='bbox 1028 2381 1177 2423; x_wconf 82' lang='lat' dir='ltr'>mondo,</span> 
     </span>
     <span class='ocr_line' id='line_1_30' title="bbox 190 2450 1517 2498; baseline 0 -13"><span class='ocrx_word' id='word_1_200' title='bbox 190 2450 246 2495; x_wconf 84' lang='lat'>(4)</span> <span class='ocrx_word' id='word_1_201' title='bbox 276 2451 327 2486; x_wconf 86' lang='lat' dir='ltr'>Ita</span> <span class='ocrx_word' id='word_1_202' title='bbox 354 2462 380 2485; x_wconf 88' lang='lat' dir='ltr'>s.</span> <span class='ocrx_word' id='word_1_203' title='bbox 410 2450 589 2492; x_wconf 85' lang='lat' dir='ltr'>Thomas,</span> <span class='ocrx_word' id='word_1_204' title='bbox 635 2461 662 2485; x_wconf 87' lang='lat'>1.</span> <span class='ocrx_word' id='word_1_205' title='bbox 692 2462 722 2486; x_wconf 89' lang='lat'>2.</span> <span class='ocrx_word' id='word_1_206' title='bbox 764 2464 795 2498; x_wconf 91' lang='lat' dir='ltr'>q.</span> <span class='ocrx_word' id='word_1_207' title='bbox 830 2463 855 2487; x_wconf 90' lang='lat'>1.</span> <span class='ocrx_word' id='word_1_208' title='bbox 892 2464 923 2486; x_wconf 87' lang='lat' dir='ltr'>a.</span> <span class='ocrx_word' id='word_1_209' title='bbox 970 2463 995 2486; x_wconf 91' lang='lat'>1.</span> <span class='ocrx_word' id='word_1_210' title='bbox 1035 2453 1077 2486; x_wconf 78' lang='lat' dir='ltr'>Et</span> <span class='ocrx_word' id='word_1_211' title='bbox 1115 2452 1150 2485; x_wconf 87' lang='lat' dir='ltr'>in</span> <span class='ocrx_word' id='word_1_212' title='bbox 1187 2464 1219 2498; x_wconf 90' lang='lat' dir='ltr'>q.</span> <span class='ocrx_word' id='word_1_213' title='bbox 1250 2451 1280 2486; x_wconf 87' lang='lat'>6.</span> <span class='ocrx_word' id='word_1_214' title='bbox 1311 2463 1341 2486; x_wconf 82' lang='lat' dir='ltr'>a.</span> <span class='ocrx_word' id='word_1_215' title='bbox 1370 2463 1400 2486; x_wconf 85' lang='lat'>2.</span> <span class='ocrx_word' id='word_1_216' title='bbox 1427 2451 1517 2485; x_wconf 86' lang='lat' dir='ltr'>haec</span> 
     </span>
     <span class='ocr_line' id='line_1_31' title="bbox 90 2506 1518 2558; baseline 0.003 -18"><span class='ocrx_word' id='word_1_217' title='bbox 90 2506 211 2543; x_wconf 85' lang='lat' dir='ltr'>addit:</span> <span class='ocrx_word' id='word_1_218' title='bbox 242 2522 260 2542; x_wconf 89' lang='lat'>«</span> <span class='ocrx_word' id='word_1_219' title='bbox 287 2511 339 2544; x_wconf 84' lang='lat' dir='ltr'>Ex</span> <span class='ocrx_word' id='word_1_220' title='bbox 366 2510 437 2544; x_wconf 90' lang='lat' dir='ltr'>hoc</span> <span class='ocrx_word' id='word_1_221' title='bbox 464 2511 655 2557; x_wconf 80' lang='lat' dir='ltr'>contingit,</span> <span class='ocrx_word' id='word_1_222' title='bbox 683 2512 778 2558; x_wconf 86' lang='lat' dir='ltr'>quod</span> <span class='ocrx_word' id='word_1_223' title='bbox 806 2512 921 2546; x_wconf 81' lang='lat' dir='ltr'>hoino</span> <span class='ocrx_word' id='word_1_224' title='bbox 949 2521 1004 2546; x_wconf 79' lang='lat' dir='ltr'>est</span> <span class='ocrx_word' id='word_1_225' title='bbox 1031 2511 1200 2546; x_wconf 83' lang='lat' dir='ltr'>dominus</span> <span class='ocrx_word' id='word_1_226' title='bbox 1221 2511 1273 2544; x_wconf 83' lang='lat' dir='ltr'>sui</span> <span class='ocrx_word' id='word_1_227' title='bbox 1294 2520 1402 2554; x_wconf 85' lang='lat' dir='ltr'>actus,</span> <span class='ocrx_word' id='word_1_228' title='bbox 1423 2510 1518 2557; x_wconf 88' lang='lat' dir='ltr'>quod</span> 
     </span>
     <span class='ocr_line' id='line_1_32' title="bbox 90 2565 917 2608; baseline 0.005 -8"><span class='ocrx_word' id='word_1_229' title='bbox 90 2565 197 2603; x_wconf 86' lang='lat' dir='ltr'>habet</span> <span class='ocrx_word' id='word_1_230' title='bbox 225 2569 523 2605; x_wconf 79' lang='lat' dir='ltr'>deliberationem</span> <span class='ocrx_word' id='word_1_231' title='bbox 553 2570 594 2605; x_wconf 87' lang='lat' dir='ltr'>de</span> <span class='ocrx_word' id='word_1_232' title='bbox 623 2572 694 2605; x_wconf 83' lang='lat' dir='ltr'>suis</span> <span class='ocrx_word' id='word_1_233' title='bbox 720 2572 869 2608; x_wconf 82' lang='lat' dir='ltr'>actibus.</span> <span class='ocrx_word' id='word_1_234' title='bbox 899 2586 917 2604; x_wconf 89' lang='lat'>»</span> 
     </span>
    </p>
   </div>
  </div>
 </body>
</html>
