1734 2784
736 98 1001 151 —360—

159 192 246 234 six-e
279 190 627 247 septentrionales
674 192 761 234 sive
809 191 1108 244 Anici-icarios,
1156 190 1275 249 plura
1320 191 1578 236 documenta

159 262 398 319 suppeditat
434 262 539 304 inter
574 274 735 304 ceteros
768 263 955 305 Patuzzi.
980 261 1102 305 Adeo
1127 274 1172 305 ut
1195 277 1345 305 verum
1370 263 1437 317 sit,
1461 263 1578 322 quod

163 347 272 375 recte
316 348 400 374 non
452 334 505 375 ita
549 332 714 390 pridem
763 333 1060 377 animadvertit
1108 348 1351 392 anonymus
1401 333 1578 392 quidam

162 407 270 447 inter
318 405 624 462 Protestantes,
671 403 943 462 Religionem
995 404 1280 449 Christianam
1329 405 1436 449 nihil
1477 407 1579 450 novi

162 476 236 518 hac
271 477 312 517 in
346 488 462 533 parte
496 477 537 519 in
573 476 784 520 mundum
836 477 1041 531 intulisse,
1083 477 1117 519 si
1152 478 1338 535 excipias
1388 477 1580 521 medium

162 546 362 589 hactenus
396 548 610 604 ignotum,
644 564 716 605 per
751 547 867 605 quod
901 548 1189 591 scelestissimi
1239 550 1397 607 quique
1439 549 1505 592 vel
1538 549 1580 592 in

162 617 250 673 ipsa
284 619 434 660 mortis
468 630 657 661 extrema
706 618 886 677 periodo
935 619 982 662 ab
1017 618 1081 662 his
1123 621 1303 663 aeternis
1352 620 1502 677 poenis
1536 635 1580 663 se

161 688 321 745 eripere
354 690 537 746 possint,
574 705 617 732 ac
651 689 757 733 coeli
792 702 1015 747 compotes
1050 702 1090 733 et
1124 690 1300 733 heredes
1333 689 1437 734 fieri.
1472 707 1494 730 »

279 761 330 803 II.
365 760 486 803 Adde
518 761 705 815 secundo,
732 761 813 805 hoc
839 761 996 818 dogma
1029 761 1080 805 de
1112 774 1316 819 perpetua
1343 777 1580 819 poenarum

163 831 388 874 duratione
422 832 602 875 omnino
637 848 873 890 congruere
907 843 1005 876 cum
1042 846 1175 876 rectae
1210 833 1386 876 rationis
1420 832 1582 890 princi-

167 904 260 960 piis.
296 904 420 948 Ratio
455 903 613 946 scilicet
645 903 750 947 bene
785 904 975 947 consulta
1000 904 1177 962 percipit
1202 919 1360 962 poenas
1392 916 1579 947 aeternas

163 991 254 1017 esse
288 1000 344 1007 —
377 976 517 1032 primo
542 977 667 1019 iustas
697 1002 757 1010 —
788 976 976 1019 secundo
1000 977 1251 1020 necessarias
1275 975 1326 1019 ad
1349 975 1580 1018 humanam

163 1044 425 1088 voluntatem
459 1047 501 1088 in
532 1045 637 1103 legis
672 1046 865 1090 custodia
899 1046 1218 1090 continendam.
1265 1048 1391 1100 Quae
1439 1058 1581 1089 autem

160 1132 321 1174 poenae
354 1131 447 1160 tum
482 1119 614 1161 iustae
648 1131 746 1162 sunt
780 1131 872 1162 tum
906 1120 1182 1176 necessariae,
1216 1134 1284 1161 eas
1317 1119 1484 1176 sapiens
1536 1133 1582 1161 ac

161 1202 329 1232 sanctus
376 1189 635 1247 gubernator
669 1203 708 1233 et
743 1190 995 1234 determinat
1043 1207 1117 1234 seu
1161 1190 1500 1246 comminitatur,
1542 1202 1582 1232 et

162 1261 324 1317 irrogat
358 1278 430 1304 seu
466 1263 724 1320 exsequitur:
760 1263 801 1305 in
825 1262 906 1305 hoc
932 1263 1045 1305 enim
1080 1261 1239 1320 duplici
1272 1273 1382 1304 statu
1417 1277 1580 1318 poenae

163 1344 260 1373 sunt
295 1332 642 1390 considerandae,
675 1335 999 1377 comminationis
1034 1346 1073 1376 et
1106 1334 1355 1377 executionis.

280 1404 606 1449 ARGUMENTUM
649 1405 679 1448 Ι.
717 1405 872 1448 Poenae
918 1413 1103 1448 aeternae
1151 1404 1334 1461 inprimis
1375 1412 1470 1446 sunt
1512 1404 1579 1445 izc-

161 1484 256 1518 stae.
290 1499 346 1506 —
380 1476 430 1517 Et
462 1491 561 1518 sane
593 1491 771 1533 poenae,
806 1491 911 1533 quae
945 1476 1273 1533 proportionem
1298 1472 1452 1517 habent
1484 1488 1581 1516 cum

164 1545 496 1602 inordinatione,
529 1547 571 1588 in
606 1547 726 1589 cuius
775 1546 1006 1589 vindictam
1055 1545 1259 1599 feruntur,
1294 1546 1351 1588 ita
1398 1557 1444 1588 ut
1491 1545 1582 1587 eius

163 1617 411 1672 gravitatem
431 1633 519 1660 non
543 1617 759 1674 excedant,
781 1617 899 1672 tales,
924 1618 1114 1674 inquam,
1142 1632 1302 1674 poenae
1327 1628 1425 1659 sunt
1445 1617 1581 1659 iustae.

163 1688 293 1745 Atqui
329 1703 503 1744 poenae*
525 1702 714 1732 aeternae
747 1687 899 1731 habent
932 1689 1259 1746 proportionem
1294 1703 1392 1730 cum
1424 1685 1583 1730 inordi-

163 1759 334 1802 natione
368 1759 514 1816 culpae
546 1761 701 1816 gravis,
736 1776 813 1802 nec
860 1775 952 1803 eam
987 1759 1210 1803 excedunt.
1259 1759 1373 1815 Ergo
1422 1773 1582 1816 poenae

163 1842 353 1873 aeternae
387 1843 484 1873 sunt
520 1833 660 1874 iustae.
704 1830 848 1874 Probo
896 1832 1125 1874 minorem.
1175 1831 1343 1873 Poenae
1390 1841 1583 1872 aeternae

165 1901 319 1944 habent
352 1902 608 1960 praedictam
642 1904 987 1960 proportionem,
1022 1903 1056 1945 si
1093 1901 1215 1960 culpa
1251 1901 1390 1958 gravis
1434 1915 1582 1958 quarn-

165 1972 261 2015 dam
295 1973 421 2017 habet
452 1974 718 2018 infinitatem:
752 1986 853 2017 tunc
886 1974 999 2017 enim
1049 1985 1214 2016 tantum
1257 1971 1384 2025 abest,
1418 1983 1464 2014 ut
1512 1986 1582 2014 eae

166 2044 371 2087 excedant
404 2047 653 2102 gravitatem
689 2045 852 2103 culpae,
877 2057 923 2087 ut
956 2045 1095 2087 immo
1121 2043 1197 2086 hac
1230 2043 1313 2086 sint
1336 2041 1474 2084 multo
1499 2041 1583 2083 mi-

166 2131 306 2158 nores.
341 2117 472 2173 Atqui
504 2116 764 2160 inordinatio
798 2117 839 2158 in
869 2116 990 2174 culpa
1022 2115 1141 2173 gravi
1181 2113 1304 2158 habet
1352 2111 1581 2171 quamdam

170 2192 433 2236 infinitatem.
468 2194 564 2236 Hoc
587 2206 727 2236 autem
752 2194 812 2236 sic
834 2193 1012 2250 explico.
1039 2192 1162 2245 Quid
1185 2203 1248 2235 est
1271 2192 1409 2248 gravis
1434 2189 1582 2248 culpa?

169 2264 243 2305 Est
278 2266 442 2307 aversio
476 2281 498 2307 a
529 2264 614 2307 fine
647 2264 801 2307 ultimo
835 2277 873 2308 et
904 2264 1001 2307 finis
1035 2263 1176 2306 ultimi
1219 2272 1506 2319 contemptus:
1540 2261 1583 2303 in

168 2350 304 2391 eoque
339 2335 477 2378 differt
510 2352 532 2379 a
564 2335 686 2394 culpa
717 2336 813 2393 levi,
847 2335 965 2394 quod
997 2351 1073 2393 per
1105 2335 1213 2378 hanc
1234 2334 1370 2376 homo
1399 2332 1584 2376 deflectit

168 2404 215 2447 ab
250 2405 402 2449 ultimo
422 2406 518 2463 fine,
551 2422 639 2449 non
663 2419 805 2450 autem
839 2423 930 2449 sese
965 2406 1115 2449 avertit
1148 2405 1197 2448 ab
1230 2405 1340 2462 ipso,
1371 2402 1484 2446 haud
1518 2417 1582 2445 re-

166 2489 359 2520 verenter
383 2493 481 2534 erga
504 2479 646 2534 ipsum
671 2493 715 2520 se
737 2479 858 2534 gerit,
882 2493 967 2520 non
992 2490 1132 2520 tamen
1155 2477 1298 2534 ipsum
1329 2474 1579 2518 contemnit.

165 2551 359 2593 Iamvero
408 2551 570 2592 aversio
603 2549 651 2591 ab
702 2549 842 2607 aliquo
882 2561 921 2592 et
971 2561 1241 2607 contemptus
1290 2547 1469 2591 alicuius
1518 2557 1580 2590 est
