1734 2784
89 176 268 220 omnino
301 177 471 235 requiri,
507 190 552 220 ut
585 179 679 236 quis
712 178 826 222 licite
859 191 989 237 ponat
1021 178 1086 223 vel
1121 181 1289 224 omittat
1323 180 1507 240 aliquam

87 249 314 292 actionem:
349 264 575 308 quousque
608 251 723 294 enim
747 250 897 309 aliquis
921 263 984 295 est
1008 251 1086 295 sibi
1112 253 1325 307 conscius,
1355 269 1399 296 se
1425 268 1514 298 non

88 319 331 364 adhibuisse
365 320 646 366 sufficientem
676 322 942 380 diligentiam
970 323 1020 367 ad
1047 323 1350 381 detegendum,
1376 337 1519 369 utrum

87 392 155 437 lex
187 394 335 438 existat
370 410 525 447 necne,
560 410 648 438 non
685 410 814 439 omne
839 396 1025 454 prudens
1051 395 1230 440 dubium
1255 409 1396 454 potest
1429 414 1521 442 esse

91 464 317 509 exclusum
352 464 402 509 de
436 465 658 510 honestate
696 467 878 511 actionis
911 467 972 511 vel
1012 469 1277 512 omissionis.
1314 482 1336 512 2
1343 469 1395 528 .0)
1417 470 1521 513 Vio-

89 535 189 580 latio
222 536 342 595 legis,
376 553 482 596 quae
515 550 732 597 sequatur,
774 552 836 582 est
870 540 1108 583 voluntaria
1140 554 1179 584 et
1213 541 1341 585 libera
1373 542 1522 586 saltem

102 609 145 652 in
179 624 317 662 causa,
352 609 376 653 i.
413 625 448 653 e.
483 611 523 652 in
558 611 797 659 omissione
832 610 994 655 debitae
1042 612 1349 671 inquisitioniS,
1397 615 1522 672 atque

91 680 276 740 proinde
311 693 375 725 est
410 683 550 740 agenti
590 682 864 741 imputabilis,

215 754 332 798 Hinc
353 753 564 812 intelliges
583 755 803 813 principia,
819 771 924 813 quae
939 767 1182 800 statuuntur
1201 756 1250 800 de
1265 759 1524 802 conscientia

95 824 351 870 vincibiliter
384 841 574 870 erronea.
600 827 645 871 Si
680 828 732 871 sit
768 828 1032 884 permittens,
1052 844 1137 871 non
1174 845 1405 887 possumus
1430 845 1523 874 eam

92 898 230 957 sequi:
256 913 291 941 si
312 898 366 941 sit
391 899 652 956 praecipiens
687 898 752 942 vel
786 898 1032 957 prohibenS,
1051 915 1129 943 nec
1163 915 1395 958 possumus
1429 917 1522 945 eam

92 971 232 1028 sequi,
252 986 331 1013 nec
350 985 584 1029 possumus
621 982 767 1014 contra
799 986 892 1014 eam
917 987 1040 1029 agere
1060 972 1143 1030 (1).
1165 972 1232 1016 Sic
1262 973 1304 1015 in
1326 974 1524 1032 exemplo

92 1041 217 1086 allato
246 1043 323 1085 viri
359 1043 650 1100 protestantis,
670 1043 702 1085 is
738 1055 928 1100 peccaret
962 1044 1050 1087 sive
1075 1044 1364 1101 permanendo
1389 1046 1431 1088 in
1450 1061 1525 1089 sua

94 1125 230 1171 secta,
269 1114 358 1157 sive
393 1113 687 1171 amplectendo
714 1113 980 1158 Catholicam
1007 1116 1252 1161 Ecclesiam:
1279 1117 1319 1159 in
1344 1129 1525 1176 utroque

103 1187 217 1230 enim
254 1202 350 1230 casu
385 1199 564 1245 poneret
598 1187 810 1230 actionem
859 1187 950 1231 sine
1000 1188 1149 1232 morali
1181 1189 1434 1233 certitudine
1475 1189 1525 1234 de

94 1258 275 1302 liceitate
309 1258 456 1316 ipsius
495 1258 564 1302 Ad
599 1258 701 1317 quid
737 1275 841 1318 ergo
878 1261 1076 1304 tenetur?
1103 1261 1296 1305 Tenetur
1329 1260 1524 1306 adhibere

93 1331 376 1376 sufficientem
415 1330 527 1375 illam
565 1331 835 1390 diligentiam
870 1333 920 1376 ad
956 1333 1178 1376 veritatem
1228 1334 1525 1392 detegendam,

95 1419 223 1462 quam
258 1404 337 1448 sibi
377 1404 574 1448 conscius
628 1415 691 1447 est
725 1420 768 1447 se
801 1405 995 1448 nondum
1045 1404 1302 1463 adhibuisse,
1351 1408 1526 1464 eiusque

95 1475 311 1534 diligentis
346 1476 645 1535 inquisitionis
681 1491 761 1534 ope
796 1476 1009 1536 deponere
1059 1479 1361 1521 conscientiam
1396 1479 1527 1522 vinci-

94 1547 234 1592 biliter
281 1562 518 1602 erroneam,
571 1546 739 1605 sibique
784 1563 1029 1606 comparare
1065 1550 1385 1605 conscientiam,
1421 1566 1528 1608 quae

102 1633 213 1664 certa
247 1634 286 1664 et
321 1633 430 1664 recta
466 1620 534 1677 sit,
566 1619 631 1663 vel
667 1621 701 1662 si
736 1621 789 1662 sit
823 1635 1012 1673 erronea,
1049 1621 1100 1664 sit
1134 1636 1308 1665 erronea
1343 1623 1524 1666 invinci-

95 1692 244 1738 biliter.

215 1766 389 1824 Excipe,
426 1764 542 1823 quod
576 1776 736 1821 spectat
770 1763 821 1807 ad
845 1765 1172 1822 praecipientem
1207 1766 1272 1809 vel
1297 1765 1528 1824 prohiben-

96 1850 183 1882 tem
217 1837 536 1893 conscientiam,
571 1850 712 1879 casum
766 1834 895 1888 illius,
942 1836 1013 1894 qui
1070 1849 1208 1881 certus
1260 1839 1439 1881 omnino
1475 1840 1528 1882 sit

105 1909 155 1953 de
188 1908 370 1952 liceitate
420 1908 614 1964 actionis,
661 1925 695 1951 e,
742 1924 781 1965 g.
828 1908 989 1965 ieiunii,
1038 1921 1076 1951 et
1122 1909 1373 1954 vincibiliter
1419 1924 1528 1954 erret

104 1985 415 2030 tantummodo
451 1987 559 2029 circa
592 1985 914 2043 obligationem,
949 2002 982 2029 e.
1018 2002 1058 2043 g.
1095 1987 1308 2031 ieiunandi
1342 1988 1411 2031 tali
1446 1988 1527 2042 die,

98 2073 205 2117 quae
241 2057 452 2116 obligatio
487 2056 536 2101 de
571 2055 684 2100 sacto
718 2072 805 2100 non
840 2055 959 2099 adsit.
996 2058 1042 2100 In
1077 2057 1145 2100 tali
1181 2060 1294 2101 enim
1340 2075 1435 2102 casu
1473 2059 1527 2102 il-

97 2130 262 2175 licitum
295 2129 468 2189 quidem
504 2128 612 2172 foret
652 2143 775 2185 agere
824 2140 971 2172 contra
1026 2129 1155 2173 talem
1207 2131 1527 2186 conscientiam,

194 2383 250 2428 (1)
277 2382 355 2418 Huc
382 2380 465 2417 facit
496 2380 596 2423 illud,
627 2380 720 2427 quod
749 2378 853 2414 docet
886 2378 1065 2414 Ballerini.
1105 2377 1148 2412 de
1176 2388 1296 2412 conse.
1328 2377 1363 2410 in
1405 2376 1527 2411 adnot.

98 2444 141 2478 ab
168 2442 282 2478 initio:
316 2457 331 2473 α
351 2443 382 2477 A
409 2442 514 2487 culpa
541 2451 584 2475 ne
611 2439 669 2474 ille
695 2439 837 2487 quidem
865 2439 1035 2473 immunis
1061 2448 1125 2480 est,
1157 2438 1214 2484 qui
1257 2438 1346 2473 inter
1383 2446 1522 2472 temere

97 2501 279 2548 agendum
306 2510 443 2548 partem
472 2499 571 2534 illam
598 2498 836 2546 amplectitur,
858 2510 945 2546 quae
985 2509 1065 2533 cum
1094 2507 1185 2532 recta
1227 2496 1359 2543 agendi
1388 2508 1524 2531 norma

98 2562 310 2608 congruit.»
