1734 2784
79 182 242 235 litiani,
266 197 395 240 quam
437 182 546 225 actio
595 197 645 224 ex
691 196 735 224 se
778 180 924 224 habet:
973 180 1198 238 aliquindo
1242 180 1494 248 bonitmitem

81 256 210 312 q'iiam
242 254 353 296 actio
386 269 436 296 ex
469 252 635 295 obiecto
668 251 803 308 habet,
836 253 985 295 vitiant
1018 264 1059 294 et
1093 245 1400 310 corrumpunt:
1425 254 1498 297 ali-

82 323 254 384 quando
287 324 514 376 actionem,
547 339 654 380 quae
687 339 738 366 ex
769 338 813 365 se
846 338 919 365 seu
953 339 1003 365 ex
1036 322 1204 366 obiecto
1239 336 1301 366 est
1325 324 1495 368 indiffe-

83 412 178 439 rens
211 394 443 448 moraliter,
477 394 760 437 determinant
792 395 835 436 in
869 393 1006 451 aliqua
1050 394 1332 437 moralitatis
1342 395 1497 456 specie.

83 492 139 500 —
159 467 368 519 Quaeres,
391 465 616 523 quomodo
642 464 795 508 addant
819 465 1074 522 quandoque
1099 480 1258 508 novam
1274 459 1501 525 speciem?

83 537 133 581 Id
166 537 390 593 intellige8‚
425 537 460 579 si
494 535 730 593 perpendas
765 538 976 579 actionem
1011 536 1087 579 sub
1121 537 1189 580 tali
1225 528 1400 580 etcum
1431 538 1498 597 tili
1526 587 1527 590 Ἴ

86 609 399 651 circumstantia
432 606 564 650 modo
599 607 827 664 specialem
856 607 1138 665 eamdemque
1162 608 1273 651 form
1280 609 1387 651 ilem
1416 625 1501 667 op—

85 679 347 737 positionem
379 678 597 721 involvere
629 678 679 721 td
714 679 889 721 classem
924 679 1110 737 aliquam
1150 681 1405 724 naturalium
1440 697 1503 724 re-

86 751 310 807 lationum,
344 749 478 792 modo
512 765 599 792 non
634 750 862 803 involvere
898 751 1031 794 modo
1080 767 1172 794 esse
1222 764 1369 794 contri
1404 768 1504 810 spe-

89 822 238 864 cialem
270 821 454 879 aliquam
488 823 691 864 virtutem
727 838 800 864 seu
835 822 981 865 cadere
1014 822 1091 865 sub
1125 824 1304 881 speciale
1328 823 1503 881 aliquod

89 892 531 951 praeceptum,modo
564 908 674 936 non:
711 894 808 936 hinc
840 893 901 950 fit,
935 906 980 935 ut
1014 894 1146 937 modo
1181 894 1345 952 addant,
1372 895 1508 938 modo

89 980 177 1007 non
210 964 364 1007 addant
396 966 582 1022 speciem
618 965 868 1007 moralitatis
903 981 1059 1008 novam
1094 966 1180 1024 (Ι).

209 1036 356 1078 Unum
382 1035 450 1078 hic
473 1035 624 1078 addam
649 1037 792 1092 magni
828 1038 1039 1079 momenti
1074 1036 1371 1090 corollarium,
1391 1037 1508 1094 quod

91 1118 255 1164 praeter
287 1106 364 1149 alia
397 1123 446 1149 ex
480 1107 601 1149 dictis
635 1109 840 1164 sequitur,
875 1108 1032 1150 millam
1066 1111 1274 1162 actionem,
1310 1124 1408 1167 qum
1436 1118 1509 1166 per

91 1194 130 1222 se
161 1194 228 1222 seit
261 1194 309 1221 ex
347 1178 491 1222 obiecto
539 1187 715 1236 spectata
761 1181 812 1221 sit
861 1181 987 1231 mella,
1030 1181 1126 1238 fleri
1167 1189 1280 1237 posse
1330 1180 1510 1223 absolute

93 1249 238 1293 bonam
265 1258 337 1307 per
368 1249 517 1293 bonnm
550 1252 751 1307 operantis
775 1250 912 1308 finem.
951 1252 1050 1303 Qua
1084 1252 1134 1294 de
1158 1267 1200 1294 re
1224 1265 1336 1294 recte
1360 1268 1392 1296 5.
1417 1254 1506 1295 Au-

189 1426 243 1470 (1)
269 1425 321 1459 Sit
357 1436 388 1459 e.
425 1437 456 1470 g.
495 1425 630 1458 crimen
658 1424 823 1467 Boleslai,
852 1425 910 1470 qui
946 1436 1050 1458 suum
1088 1425 1231 1459 fratrem
1267 1426 1511 1460 Venceslaum

94 1487 130 1520 in
155 1485 295 1531 templo
323 1493 488 1519 orantem
515 1483 702 1519 interfecit.
734 1485 936 1519 Considero
964 1485 1055 1519 hanc
1086 1486 1268 1519 actionem
1304 1486 1509 1531 praecisive,

95 1556 178 1580 cum
204 1556 283 1579 eam
310 1552 433 1589 specto
461 1552 566 1589 prout
592 1552 643 1577 est
670 1544 803 1577 ablatio
831 1545 925 1578 vitae
952 1544 1107 1589 proximi
1127 1545 1270 1589 propria
1299 1545 1514 1578 auctoritate

95 1611 311 1650 perpetrata:
341 1603 385 1637 ad
412 1604 604 1637 relationes
630 1603 809 1637 naturales
836 1615 896 1638 seu
924 1604 966 1637 ad
994 1604 1157 1637 ordinem
1186 1604 1386 1638 naturalem
1406 1605 1516 1649 respi-

96 1664 225 1699 ciendo
253 1663 432 1697 concludo
460 1663 639 1697 actionem
667 1674 743 1697 esse
763 1663 896 1697 malam
917 1664 952 1696 in
972 1664 1092 1708 specie
1111 1664 1314 1699 dilectionis
1333 1675 1416 1709 erga
1435 1675 1517 1709 pro-

41 1768 43 1771 r
96 1725 247 1758 ximum.
276 1722 477 1758 Considero
506 1723 687 1757 actionem
716 1722 881 1757 eamdem
907 1723 1080 1757 sectandum
1120 1723 1405 1760 circumstantias*
1433 1734 1516 1756 cum

98 1782 290 1816 considero
317 1781 434 1822 illum,
464 1782 522 1826 qui
549 1781 691 1815 occisus
719 1790 780 1823 est,
809 1792 885 1815 esse
911 1793 1125 1825 germanum
1153 1782 1308 1824 fratrem,
1327 1791 1360 1816 et
1379 1781 1516 1823 locum,

98 1842 134 1875 in
161 1853 230 1888 quo
259 1840 466 1876 interfectus
492 1849 556 1882 est,
583 1852 660 1875 esse
686 1842 766 1875 Deo
794 1849 1056 1875 consecratum:
1086 1850 1119 1875 et
1145 1841 1226 1875 hinc
1256 1841 1298 1874 ad
1316 1841 1518 1875 naturalem

100 1901 266 1936 ordinem
294 1913 410 1935 rursus
438 1912 495 1935 me
522 1901 784 1941 convertendo,
813 1901 991 1934 concludo
1019 1902 1199 1935 actionem
1228 1912 1303 1934 esse
1323 1900 1454 1934 malam
1483 1900 1520 1933 in

100 1960 220 2006 specie
246 1960 390 2006 pietatis
417 1971 502 2005 erga
531 1960 821 2005 consanguineos
849 1969 882 1994 et
910 1960 1093 2004 religionis
1135 1972 1218 2006 erga
1245 1961 1374 1994 Deum.
1413 1959 1522 1993 Unde

98 2026 173 2054 tres
190 2019 376 2054 distinctas
395 2020 530 2065 species
550 2019 708 2053 malitiae
728 2019 763 2052 in
791 2031 860 2052 una
888 2018 1082 2065 eademque
1103 2021 1247 2053 actione
1267 2019 1408 2064 detego
1424 2018 1521 2060 Dixi,

102 2080 138 2114 in
154 2090 223 2114 una
241 2081 415 2126 eademque
434 2082 576 2114 actz'one:
594 2089 645 2114 est
664 2080 762 2113 enim
790 2090 878 2113 unus
907 2087 1004 2112 actus
1034 2090 1113 2112 cum
1133 2079 1265 2124 triplici
1286 2078 1521 2119 formalitate,

103 2149 164 2174 seu
191 2150 272 2173 curn
299 2140 529 2185 oppositione
557 2138 686 2183 triplici
714 2138 756 2172 ad
787 2138 952 2171 ordinem
981 2138 1195 2180 naturalem,
1224 2147 1258 2172 et
1286 2139 1428 2183 quidem
1457 2139 1524 2172 tri-

102 2198 188 2244 plici
213 2198 444 2244 oppositione
472 2197 613 2232 formali
641 2200 730 2241 (non
759 2197 828 2231 alia
854 2198 1011 2239 virtuali,
1031 2198 1098 2231 alia
1130 2197 1301 2240 formali).
1320 2198 1444 2243 Neque
1464 2197 1524 2229 liic

103 2256 221 2301 agitur
246 2257 290 2290 de
317 2257 518 2302 speciebus,
541 2265 578 2290 ut
606 2265 687 2289 sunt
705 2256 940 2297 substantiae,
962 2267 1053 2302 quae
1072 2256 1215 2289 nonnisi
1234 2256 1391 2301 speciem
1412 2266 1522 2288 unam

104 2315 235 2350 habere
262 2325 423 2361 possunt.
450 2335 494 2340 —
520 2316 615 2350 Nota
647 2317 791 2361 insuper
818 2317 967 2349 modum
998 2316 1180 2361 loquendi,
1213 2326 1319 2361 quem
1351 2315 1522 2349 adhibui-

105 2385 197 2408 mus:
226 2375 344 2420 potius
371 2386 478 2420 quam
505 2375 633 2411 dicere,
662 2383 698 2408 ut
725 2385 829 2419 saepe
847 2374 899 2413 fit,
919 2380 1051 2408 mutant
1078 2375 1232 2419 speciem,
1261 2374 1431 2415 diximus,
1461 2373 1525 2406 ad-

105 2431 187 2467 dunt
210 2435 358 2480 speciem.
386 2434 541 2476 Quando
581 2434 678 2468 enim
706 2434 842 2479 specics
881 2443 1048 2472 mutatur,
1077 2436 1173 2479 prior
1213 2447 1285 2469 non
1325 2442 1526 2480 permanet,

106 2493 167 2527 sed
194 2493 304 2528 altera
331 2493 449 2528 solum
476 2494 636 2528 habetur:
668 2494 725 2528 hic
752 2503 872 2528 autem
910 2502 1057 2528 manent
1087 2506 1216 2529 omnes
1242 2506 1260 2528 e

107 2552 219 2593 diurn,
247 2554 490 2599 parricidium,
518 2553 758 2597 sacrilegium.

1266 2524 1272 2529 .
1300 2507 1332 2539 g.
1362 2494 1524 2528 homici-

1395 2611 1432 2634 1⁸>
