1734 2784
772 120 1033 175 -134-

203 213 364 256 malitia
399 226 563 256 tantum
599 215 830 257 extrinseca
857 226 897 256 et
928 213 1184 256 accidentali.
1216 213 1435 258 Moralitas
1468 227 1611 259 autem

201 286 432 327 intrinseca
465 298 503 327 et
537 284 771 328 essentialis
804 298 865 328 cst
900 285 979 341 illa,
1012 300 1118 342 quae
1151 286 1305 328 actioni
1337 287 1447 329 inest
1479 287 1524 330 de
1560 303 1614 345 se,

207 372 363 413 nempe
397 364 534 413 suapte
578 365 743 408 natm-cz,
791 356 907 398 mtllcz
940 357 1061 399 etiam
1106 358 1310 414 supposita
1347 357 1614 414 prohibitione

197 429 377 485 positiva
424 436 494 469 1111!
539 429 713 484 posilivo
756 435 965 485 praecepto
1007 429 1237 485 superioris.
1282 429 1490 487 Exemplo
1533 430 1616 472 sint

205 515 325 541 amor
358 514 457 555 erga
491 500 649 550 Deum,
685 515 782 555 erga
814 511 1022 556 parentes,
1047 514 1145 555 erga
1180 501 1385 557 patriam:
1410 513 1450 543 et
1472 517 1493 543 e
1519 516 1618 544 con-

207 571 337 613 trario
370 569 646 627 blasphemia,
696 569 985 627 parricidium,
1019 572 1173 628 patriae
1221 571 1423 628 proditio.
1469 589 1489 612 «
1520 572 1616 616 Ne-

207 657 290 698 que
324 657 425 684 vero
461 641 654 698 absurde,
702 642 838 698 inquit
878 641 928 685 de
961 642 1153 685 Valentia
1184 642 1269 700 (Ι),
1302 654 1475 700 propter
1512 642 1619 686 hanc

212 729 381 756 causam
428 714 626 756 dicuntur
659 711 908 756 huiusmodi
942 726 1057 757 actus
1081 730 1172 757 esse
1196 715 1399 758 intrinsece
1422 714 1522 758 mali
1553 714 1620 758 vel

213 785 325 828 boni.
361 786 472 827 Nam
508 785 656 827 similis
690 785 846 829 modus
879 785 1082 843 loquendi
1116 798 1193 843 est,
1218 802 1314 829 cum
1340 786 1477 830 dicere
1511 786 1619 830 sole-

208 872 319 909 mus,
354 856 695 913 unumquodque
724 873 797 899 ens
831 873 922 900 esse
954 859 1162 901 intrinsece
1195 857 1357 901 bonum
1392 871 1432 900 et
1453 874 1620 911 verum,

212 940 436 984 propterea
470 927 585 985 quod
619 943 717 970 cum
752 929 857 971 ratio
890 928 1089 971 bonitatis
1123 942 1162 971 et
1202 930 1389 972 veritatis
1423 930 1475 972 sit
1509 939 1620 972 tran-

204 999 401 1051 scendens,
436 1012 498 1041 est
530 1000 768 1041 necessario
803 1015 900 1041 cum
935 1001 1086 1057 quovis
1121 1012 1216 1043 ente
1251 1015 1494 1043 connexa.»

331 1072 397 1124 69.
432 1070 817 1113 DEMONSTRATIO.
851 1071 1046 1113 Iamvero
1080 1087 1171 1114 rem
1204 1072 1260 1114 ita
1293 1087 1500 1124 essesseu
1534 1087 1622 1114 non

212 1141 491 1184 solummodo
526 1142 811 1184 moralitatem
847 1144 1110 1185 extrinsecam
1143 1142 1217 1200 (de
1252 1144 1370 1185 cuius
1404 1143 1625 1185 existentia

211 1229 340 1256 nemo
374 1226 436 1256 est
470 1214 540 1269 qui
575 1213 749 1265 dubitet,
782 1214 860 1255 nisi
885 1213 968 1266 ille,
993 1215 1063 1270 qui
1095 1213 1221 1256 vellet
1248 1229 1425 1256 omnem
1449 1229 1623 1271 prorsus

215 1302 236 1328 e
272 1285 415 1327 medio
449 1284 594 1327 tollere
628 1285 950 1343 moralitatem),
992 1300 1143 1327 verum
1192 1286 1319 1328 etiam
1368 1287 1625 1328 intrinsecam

212 1355 498 1398 moralitatem
541 1372 631 1398 esse
675 1355 994 1411 admittendam,
1042 1355 1267 1413 multiplici
1315 1356 1521 1414 probatur
1555 1372 1626 1399 ar-

210 1440 433 1483 gumento.

333 1498 365 1541 I.
400 1499 609 1554 Acprimo
629 1497 801 1554 quidem
825 1510 1090 1554 argumenta,
1113 1514 1218 1555 quae
1241 1499 1284 1539 111
1308 1497 1417 1540 thesi
1439 1498 1627 1541 nonade—

210 1570 320 1610 cima
373 1569 591 1611 attulimus
644 1569 694 1611 ad
747 1568 1006 1626 probandam
1056 1570 1097 1610 in
1145 1585 1298 1625 genere
1355 1570 1626 1612 existentiam

211 1640 474 1693 moralitatis,
508 1656 693 1697 quorum
718 1640 894 1682 alterum
929 1639 1121 1697 procedit
1154 1656 1202 1682 ex
1236 1655 1449 1682 consensu
1484 1640 1627 1682 homi-

213 1728 317 1754 nnm
352 1712 557 1755 uniformi
592 1712 818 1754 universali
860 1725 900 1754 et
934 1712 1160 1763 constanti,
1211 1710 1390 1754 alterum
1445 1726 1547 1754 vero
1581 1727 1631 1754 ex

219 1785 390 1841 propria
437 1785 774 1840 uniuscuiusque
827 1783 1097 1840 experientia,
1155 1782 1307 1825 debent
1353 1782 1455 1825 huic
1501 1783 1629 1826 etiam

216 1854 327 1897 thesi
363 1856 505 1911 aptari.
543 1856 658 1897 Haec
705 1855 830 1897 etiam
873 1854 1025 1896 veritas
1068 1865 1130 1895 est
1172 1868 1256 1895 una
1300 1869 1349 1895 ex
1380 1852 1480 1904 illis,
1524 1868 1630 1909 quae

224 1925 423 1968 dicuntur
466 1942 603 1969 sensns
646 1942 719 1968 seu
764 1940 974 1968 consensus
1016 1925 1253 1976 mmmmm,
1302 1939 1494 1981 quaeque
1533 1934 1631 1965 sunt

212 1997 322 2039 basis
371 2010 410 2039 et
452 1997 775 2040 fundamentum
823 1996 954 2038 totius
1003 1994 1165 2038 ordinis
1214 1995 1400 2038 moralis.
1458 2012 1478 2035 <‹
1524 1995 1631 2038 Sunt

218 2067 442 2125 quaedam,
474 2069 609 2125 inquit
642 2067 893 2110 Aristoteles
926 2066 1010 2123 (2),
1045 2081 1231 2122 quotum
1265 2063 1512 2108 nominibus
1550 2076 1633 2107 sta-

215 2141 296 2183 tim
330 2141 481 2182 vitium
515 2152 577 2182 est
611 2140 889 2196 implicatum,
922 2151 967 2180 ut
991 2136 1288 2180 malevolentia
1309 2135 1465 2179 laetans
1489 2135 1630 2178 alieno

287 2338 367 2382 ,(1)
394 2337 433 2370 In
468 2346 494 2370 1.
527 2347 559 2371 2.
590 2335 680 2380 disp.
710 2345 741 2368 2.
772 2343 906 2380 quaest.
934 2343 986 2376 13.
1014 2343 1134 2380 punct.
1162 2345 1194 2379 3.

322 2398 378 2441 (2)
406 2397 520 2431 Ethic.
549 2396 591 2429 II.
619 2395 668 2430 6.:
698 2395 772 2427 ἔνια
794 2393 859 2439 γὰο
888 2391 982 2432 εὐθὺς
1021 2393 1223 2438 ὠνόμασται
1254 2391 1511 2436 συνειλημμένα
1548 2388 1635 2434 μετὰ

220 2459 279 2494 τ-ἦς
307 2456 527 2500 φαυλότητος,
555 2451 625 2488 οἷον
653 2451 932 2499 ἐπιχαιρεκακία,
958 2449 1208 2495 ἀναισχυντία,
1233 2449 1368 2495 φθόνος,
1395 2445 1452 2480 καὶ
1478 2445 1532 2480 ἐπὶ
1567 2449 1633 2479 τῶν

213 2514 374 2559 πράξεων
399 2514 551 2558 μοιχεία,
577 2511 697 2549 κλοπή,
723 2509 984 2555 ανδροφηνιά....
1013 2507 1083 2540 037.
1111 2507 1226 2541 ἔστη
1249 2503 1307 2540 οὖν
1345 2504 1511 2539 οὐδέποτε
1553 2502 1635 2548 περὶ

218 2569 309 2603 ἅμ’-α
332 2572 532 2611 κατερθοῦν,
561 2569 634 2600 ἀλλ’
661 2568 711 2600 ἀεὶ
737 2567 954 2612 ἁμαρτάνειν.
