1734 2784
646 90 913 133 -213-

67 175 122 219 de
154 173 277 228 mala,
309 173 564 231 reprobatio:
598 173 701 216 haec
732 185 874 217 autem
899 172 1138 216 aestimatio
1161 172 1230 216 vel
1251 172 1495 230 reprobatio

67 245 206 290 modo
240 245 417 288 interius
451 257 596 288 manet
629 245 672 287 in
706 245 867 298 animo,
900 243 1034 287 modo
1078 244 1263 287 exterius
1311 243 1496 288 manife-

66 330 205 360 statur
236 314 373 359 verbis
405 315 582 373 aliisque
614 315 851 358 visibilibus
886 314 1052 358 actibus
1086 331 1160 359 seu
1194 315 1357 372 signis,
1392 332 1508 374 quae>

68 387 396 432 honorificentia
428 386 628 430 dicuntur
661 387 726 430 vel
760 398 1052 445 contemptus.

188 460 250 502 Ex
282 458 402 502 dictis
436 470 567 516 patet,
603 460 644 501 in
678 474 765 517 quo
800 460 1056 502 conveniant
1106 470 1146 502 et
1179 459 1222 500 in
1255 474 1342 516 quo
1376 458 1494 502 diffe-

66 543 162 574 rant
210 529 509 588 imputahilitas
557 542 598 573 et
651 530 878 573 moralitas.
929 531 1121 587 Utraque
1168 541 1231 573 est
1283 529 1495 574 humanae

67 603 247 646 actionis
281 601 486 645 habitudo
521 601 729 659 quaedam
764 617 838 645 seu
876 601 1038 645 relatio.
1072 603 1129 644 At
1176 599 1393 644 moralitas
1429 613 1494 644 est

72 687 221 717 natura
254 689 328 716 sua
361 674 479 731 prior
513 672 839 731 imputabilitate
873 686 911 716 et
961 674 1153 717 consistit
1200 673 1244 715 in
1291 672 1496 716 relatione

68 744 281 788 humanae
316 744 493 787 actionis
527 743 579 786 ad
613 743 810 787 ordinem
845 743 1095 801 naturalem,
1118 756 1338 801 tamquam
1372 759 1496 800 regu-

72 815 153 858 lam
190 831 263 858 seu
297 831 525 858 normam:
564 815 868 873 imputabilitas
902 831 1006 859 vero
1040 828 1102 859 est
1136 828 1286 858 natura
1317 831 1392 858 sua
1414 831 1491 872 po-

69 888 226 930 sterior
275 888 548 943 moralitate,
603 899 643 930 et
691 888 889 930 consistit
934 889 973 929 in
1024 886 1230 930 relatione
1284 886 1496 929 humanae

70 959 248 1001 actionis
283 958 333 1001 ad
367 974 495 1016 agens
529 959 713 1002 liberum
747 972 964 1016 tamquam
1001 974 1171 1000 causam
1207 958 1273 1001 sui
1306 957 1494 1001 effectri-

75 1044 167 1072 cem
201 1029 285 1088 (1).

192 1101 260 1156 78.
296 1102 682 1144 DEMONsTRA'rio.
719 1102 884 1143 Veritas
909 1100 1035 1143 huius
1070 1101 1242 1143 theseos
1265 1102 1349 1143 iam
1382 1112 1496 1158 patet

68 1188 122 1214 -ex
156 1173 221 1225 iis,
256 1188 363 1230 quae
397 1172 530 1215 modo
564 1173 606 1214 in
642 1171 993 1229 praenotionibus
1029 1172 1335 1228 exposuimus:
1363 1186 1493 1228 pauca

70 1242 291 1296 addemus,
325 1244 468 1300 primo
503 1243 553 1286 de
589 1244 713 1295 bonis,
750 1243 938 1286 secundo
974 1243 1025 1286 de
1071 1243 1193 1286 malis
1241 1241 1493 1286 actionibus.

187 1315 218 1358 I.
245 1316 287 1358 Si
311 1316 498 1358 actiones
523 1315 657 1358 bonae
691 1316 792 1370 sint,
818 1328 918 1358 sunt
943 1315 1076 1358 libero
1105 1316 1248 1372 agenti
1272 1314 1494 1358 moraliter

67 1385 340 1444 imputabiles
363 1387 405 1428 in
427 1386 611 1430 laudem.
635 1387 853 1443 Quanam,
877 1402 1066 1444 quaeres,
1093 1386 1144 1429 de
1168 1387 1494 1430 causa?N0nne

67 1459 167 1501 istas
201 1457 448 1515 facultates,
483 1460 603 1515 queis
637 1458 740 1501 bene
776 1459 939 1501 utimur
972 1470 1083 1501 recte
1117 1457 1309 1514 agendO,
1343 1474 1363 1500 a
1398 1458 1494 1500 Deo

66 1528 272 1573 habemus
307 1531 524 1587 receptas?
564 1529 689 1573 Unde
719 1546 823 1586 ergo
859 1529 1041 1586 dignitas
1080 1529 1130 1572 ad
1163 1529 1335 1572 laudem
1371 1542 1411 1572 et
1444 1528 1494 1572 ad

74 1602 351 1659 praemium?
385 1601 661 1659 Responde0‚
687 1602 912 1644 hominem
952 1600 1126 1658 quidem
1161 1600 1315 1644 habere
1353 1617 1374 1643 a
1396 1601 1493 1643 Deo

71 1671 308 1725 facultates,
344 1673 463 1730 queis
497 1672 601 1715 bene
636 1673 783 1729 utitur,
817 1684 862 1714 ut
895 1671 1019 1715 arbor
1058 1688 1079 1714 a
1120 1673 1216 1715 Deo
1249 1671 1373 1714 habet
1406 1672 1494 1713 vim

68 1743 381 1801 productivam.
418 1743 503 1788 Sed
537 1743 653 1801 quod
688 1743 811 1786 arbor
844 1743 981 1786 bonos
1025 1743 1188 1787 fructus
1238 1744 1417 1800 gignat,
1452 1741 1495 1785 id

66 1829 156 1857 non
177 1828 240 1857 est
264 1832 314 1858 ex
332 1814 460 1858 libera
483 1815 690 1857 electione
711 1814 886 1870 arboris,
918 1815 991 1857 sed
1011 1831 1059 1858 ex
1077 1813 1253 1857 naturali
1283 1813 1492 1857 determi-

66 1887 241 1929 natione
259 1886 309 1929 ad
329 1902 484 1930 unum:
505 1887 620 1944 quod
641 1899 784 1928 autem
810 1886 944 1929 homo
969 1886 1096 1928 malas
1119 1887 1221 1929 vitet
1248 1886 1435 1929 actiones
1453 1896 1495 1928 et

165 2083 222 2127 (1)
251 2082 457 2125 Caietanus‚
487 2084 520 2117 in
548 2085 745 2116 comment.
776 2083 808 2115 in
830 2093 857 2116 1.
891 2092 921 2115 2.
950 2094 981 2127 q.
1010 2091 1077 2124 21.‚
1108 2082 1195 2116 haec
1223 2082 1350 2116 habet:
1384 2096 1399 2111 α
1423 2081 1494 2114 Ac-

65 2151 126 2177 tus
151 2141 331 2177 humanus
374 2143 601 2178 constituitur
640 2143 673 2175 in
703 2153 777 2176 esse
821 2143 907 2176 boni
945 2143 1000 2176 vel
1043 2142 1139 2183 mali,
1181 2144 1281 2188 quasi
1320 2153 1361 2175 ex
1389 2150 1494 2174 causa

70 2201 229 2244 formali,
258 2212 292 2238 et
320 2215 429 2249 super
455 2203 525 2237 hoc
555 2202 734 2242 fundatur,
762 2202 855 2248 quod
884 2214 926 2236 ex
954 2203 1079 2237 ordine
1116 2203 1159 2236 ad
1188 2204 1293 2249 finem
1331 2202 1415 2237 recti
1438 2201 1494 2236 vel

65 2263 208 2307 peccati,
235 2272 277 2296 ex
305 2263 430 2296 ordine
456 2262 499 2296 ad
526 2262 665 2308 efficiens
692 2261 868 2308 culpabilis
906 2263 962 2296 vel
991 2261 1184 2304 laudabilis,
1225 2273 1266 2296 cx
1297 2261 1424 2295 ordine
1450 2260 1494 2295 ad

69 2320 218 2354 alterum
244 2322 414 2356 meritorii
440 2323 496 2356 vel
524 2320 733 2356 claruet-[torst
774 2322 952 2355 rationem
995 2322 1116 2356 habet.
1147 2337 1163 2352 »
1204 2318 1344 2363 Quibus
1378 2320 1494 2355 verbis

63 2388 152 2424 ⁴apte
178 2380 447 2426 distinguuntur
472 2382 560 2415 haec
580 2381 657 2421 tria,
676 2380 863 2423 moralitas,
887 2382 1154 2427 imputribilitas,
1174 2381 1342 2415 meritum.
1361 2379 1417 2414 Cf.
1436 2379 1495 2415 Li-

70 2437 245 2482 beratore,
284 2440 366 2474 Eth.
397 2451 474 2486 cap,
500 2440 541 2473 11.
571 2450 633 2474 art.
662 2439 705 2473 V.
733 2450 877 2485 propos.
905 2450 951 2482 4.;
985 2455 1001 2470 κ
1022 2441 1085 2474 etsi
1114 2439 1374 2485 imputabilitas
1410 2450 1494 2473 cum

68 2497 272 2533 moralitate
312 2509 452 2545 semper
489 2499 744 2543 coniungatur,
782 2499 825 2533 ab
868 2498 927 2533 illa
964 2499 1138 2545 distingui
1173 2498 1288 2533 debet.
1315 2513 1332 2530 »
1372 2499 1494 2543 Quam

64 2554 339 2593 distinctionem
369 2570 442 2593 non
471 2558 554 2592 satis
582 2559 732 2593 advertit
764 2557 974 2601 Pufendorf‚
1001 2559 1044 2593 de
1071 2558 1145 2593 iure
1174 2568 1246 2594 nat.
1277 2558 1299 2593 l.
1330 2559 1355 2593 1.
1393 2570 1422 2592 c.
1448 2558 1494 2594 V.
