1734 2784
759 111 1023 165 ...406-

180 207 276 250 bere
311 208 613 251 conscientiam
649 215 826 250 teneram
849 205 1001 249 dicitur
1035 206 1116 261 ille,
1136 208 1208 265 qui
1232 208 1341 252 solet
1369 210 1411 252 in
1433 210 1598 254 actione

181 281 326 336 quavis
361 282 484 323 etiam
520 279 700 322 minoris
737 279 948 321 momenti
971 278 1197 336 diligenter
1219 280 1432 339 inquirere
1465 293 1506 325 et
1530 297 1598 326 ac-

182 365 319 394 curate
354 351 537 394 iudicare
571 350 622 394 de
655 351 744 394 eius
778 350 954 393 liceitate
988 351 1052 394 vel
1087 351 1310 410 illiceitate,
1343 365 1468 412 atque
1491 353 1599 398 solet

182 422 248 464 tali
284 422 441 465 iudicio
475 421 785 480 obtemperare.
830 423 869 465 Is
914 436 1055 466 autem
1104 422 1256 466 dicitur
1303 422 1454 469 habere
1488 441 1596 470 con·-

180 495 398 536 scientiam
433 495 586 548 laxam,
620 495 693 552 qui
725 507 884 537 temere
918 510 961 537 ac
995 494 1142 538 leviori
1178 495 1229 539 de
1263 512 1386 540 causa
1418 497 1527 542 solet
1552 499 1593 541 in

182 581 223 608 re
257 567 401 623 quavis
436 565 620 609 iudicare
654 565 962 623 obligationem
997 581 1083 609 non
1116 566 1303 622 subesse,
1321 568 1465 613 abesse
1499 586 1594 614 ma-

180 636 326 691 litiam,
346 637 494 681 saltem
528 637 731 681 malitiam
765 654 952 695 gravem.
988 639 1150 683 Contra
1184 641 1233 694 is,
1253 641 1325 699 qui
1362 658 1412 685 ex
1435 641 1598 686 levibus

182 711 356 753 motivis
391 710 499 754 solet
534 710 849 768 apprehendere
882 727 927 755 ac
960 712 1110 756 timere
1137 725 1376 772 peccatum,
1398 713 1469 758 ubi
1501 731 1597 774 pec-

181 793 320 825 catum
354 798 442 825 non
464 796 544 836 est,
564 782 629 826 vel
661 799 786 840 grave
819 797 1056 842 peccatum,
1091 784 1160 827 ubi
1194 785 1245 830 ad
1278 802 1500 830 summum
1535 800 1598 831 est

180 854 284 897 levis
333 867 497 898 tantum
546 855 834 914 inordinatio,
883 855 1036 900 dicitur
1086 856 1237 902 habere
1291 859 1597 903 conscientiam

180 926 470 984 scrupulosam.
505 925 578 970 Ille
612 927 783 970 tandem
833 928 1138 972 conscientiam
1183 929 1422 988 perplexam
1456 929 1596 984 habet,

181 1000 253 1056 qui
287 1011 405 1057 putet
439 1015 530 1043 esse
576 999 770 1043 illicitum
818 1013 910 1044 tum
944 1002 1156 1045 actionem
1204 1002 1387 1061 aliquam
1437 1018 1596 1062 ponere

184 1084 277 1115 tum
313 1071 504 1116 eamdem
543 1073 754 1116 omittere.

749 1300 914 1343 Trffists
950 1300 1040 1343 LII.

189 1444 451 1497 Conscicnlicz,
479 1441 694 1485 dnmmodo
719 1443 770 1486 sit
792 1443 933 1486 saltem
956 1443 1162 1486 moraliter
1200 1453 1321 1501 certa,
1339 1452 1393 1487 est
1409 1444 1598 1502 proxima

303 1516 439 1572 regula
474 1530 646 1572 morum,
681 1530 806 1572 quum
829 1516 940 1573 sequi
962 1523 1192 1573 possumus,
1218 1517 1253 1559 si
1269 1517 1503 1573 permistam
1535 1518 1598 1571 sit,

301 1591 365 1632 siu
397 1597 535 1631 rllttc’m
561 1588 807 1645 praecipiens
841 1586 905 1630 vel
932 1586 1163 1644 prohibens,
1181 1590 1291 1646 sequi
1324 1596 1514 1632 tenemur.

307 1748 399 1788 ijo.
419 1733 801 1775 -DffimNs‘rRATto,
822 1731 921 1773 Duo
940 1747 989 1774 ex
1018 1729 1165 1774 ordine
1189 1731 1596 1778 demonstrabimus.

303 1806 333 1848 I.
373 1804 624 1847 Conscientia
649 1802 877 1846 ‹mlcccdens
910 1811 966 1845 est
999 1804 1232 1860 necessaria,
1255 1806 1446 1861 proxima
1479 1814 1598 1864 atque

185 1880 341 1920 inferna
376 1876 513 1933 regula
547 1891 719 1918 morum.
747 1900 797 1905 -
819 1873 1046 1927 Voluntas,
1082 1886 1127 1917 ut
1162 1874 1241 1918 dici
1275 1874 1394 1930 solet,
1428 1889 1490 1920 est
1523 1892 1598 1935 po-

184 1949 312 1992 tentia
346 1964 485 1991 caeca:
522 1947 682 2005 indiget
731 1963 834 2004 ergo
883 1946 1162 1989 conveniente
1197 1946 1440 1992 directione.
1476 1949 1596 1992 Hanc

170 2016 325 2064 autem
359 2022 393 2063 ei
430 2019 596 2077 praebet
631 2018 800 2062 facultas
833 2018 912 2073 illa,
947 2035 1074 2077 quam
1107 2020 1302 2063 voluntas
1350 2020 1593 2065 naturaliter

185 2093 395 2150 sequitur,
430 2107 583 2148 nempe
628 2093 730 2134 ratio
759 2092 953 2148 practica.
997 2093 1057 2133 Ac
1091 2092 1231 2148 primo
1276 2091 1448 2149 quidem
1492 2094 1598 2136 ratio

185 2164 465 2207 directionem
499 2162 739 2220 suppeditat
773 2161 1054 2220 proponendo
1102 2162 1255 2219 legem.
1292 2164 1454 2206 Verum
1498 2163 1598 2207 haec

186 2237 320 2292 prima
354 2235 529 2278 directio
564 2247 625 2278 est
658 2234 783 2276 nimis
819 2233 1155 2278 indeterminata:
1192 2234 1255 2277 lex
1288 2236 1403 2278 enim
1432 2236 1600 2279 nonnisi

185 2308 226 2349 in
261 2322 412 2363 genere
447 2306 591 2362 dictat,
624 2306 810 2349 actiones
845 2321 940 2363 V.g.
977 2305 1142 2349 furandi
1178 2322 1267 2349 esse
1311 2305 1440 2350 malas
1473 2319 1599 2366 atque

187 2377 457 2420 omittendas.
493 2378 605 2420 Hinc
638 2377 743 2420 ratio
777 2377 899 2419 aliam
936 2378 1118 2435 porrigit
1155 2376 1433 2421 directionem
1463 2381 1599 2437 magis

188 2449 498 2506 particularem,
518 2448 765 2506 applicando
790 2451 923 2507 ipsam
959 2449 1096 2506 legem
1122 2449 1170 2492 :id
1197 2465 1318 2506 opus,
1339 2451 1363 2492 i.
1388 2466 1421 2492 e.
1457 2463 1597 2494 osten-

187 2519 326 2562 dendo
362 2520 402 2561 in
437 2522 573 2576 specie
609 2519 712 2562 lianc
757 2519 1018 2563 individuam
1070 2521 1294 2577 actionem,
1330 2521 1379 2563 de
1417 2537 1497 2578 qua
1532 2522 1599 2566 hic

188 2603 227 2634 et
259 2606 371 2634 nunc
405 2592 557 2648 agitur,
590 2608 627 2634 v,
648 2608 686 2648 g.
722 2592 781 2634 rei
815 2591 940 2635 huius
976 2593 1314 2650 occupationem,
1333 2608 1424 2636 esse
1457 2609 1599 2638 revera

1703 2542 1711 2563 ἀ
1715 2461 1734 2506 ⁸3⁵⁴-
1719 2447 1721 2449 ·
1710 2214 1734 2432 *⁴ssl*mQ<-fiz⁴·'e-
1717 2154 1734 2201 ·x·'·.
