1734 2784
679 120 911 149 —2'—

798 137 817 163 2

84 204 252 248 dinatur
283 214 330 245 ut
352 200 575 245 formalem
599 201 782 258 gloriam
806 202 902 245 Deo
924 201 1094 246 tribuat.
1126 203 1246 248 Adde
1271 205 1329 263 2⁰)
1353 206 1495 250 Deum

81 289 223 318 revera
254 272 360 316 velle
392 271 472 315 sibi
505 272 687 329 gloriam
719 289 769 316 ex
802 285 890 316 tota
921 273 998 316 hac
1029 287 1313 318 creaturarum
1364 277 1495 320 colle-

80 346 234 390 ctione.
265 345 323 388 At
353 343 490 401 gloria
520 359 623 388 vero
647 356 688 388 et
711 346 889 403 proprio
912 361 1039 389 sensu
1062 361 1150 389 non
1172 361 1234 390 est
1256 348 1335 391 nisi
1357 349 1491 405 gloria

78 417 285 471 formalis,
320 417 440 462 cuius
474 416 689 460 obiectum
712 430 751 460 et
774 417 883 461 basis
905 430 968 461 est
990 418 1125 475 gloria
1147 417 1488 463 fundamentalis:

79 489 294 548 siquidem
326 489 630 533 tantummodo
664 488 800 546 gloria
831 489 1045 544 formalis,
1080 491 1115 533 si
1161 491 1332 549 proprie
1374 491 1493 549 loqui

77 561 276 619 velimus,
307 573 371 605 est
404 560 512 607 clara
545 577 651 611 cum,
675 560 799 605 laude
841 562 1004 605 notitia.
1039 561 1141 605 Vult
1173 577 1276 618 ergo
1309 561 1490 619 gloriam

77 631 316 677 formalem.
341 632 427 678 Sed
459 632 548 676 sola
581 645 769 676 creatura
803 632 1012 676 intellectu
1047 633 1236 691 praedita
1268 646 1329 677 est
1363 649 1493 692 capax

77 702 281 751 reddendi
314 705 409 748 Deo
443 703 624 761 gloriam
649 703 885 748 formalem.
909 706 1024 762 Ergo
1047 704 1136 747 vult
1154 705 1274 748 Deus
1298 722 1346 749 ex
1371 721 1489 748 crea-

77 787 171 819 tura
201 775 462 833 intelligente
494 774 675 833 gloriam
708 775 951 833 formalem,
974 776 1086 819 etad
1120 776 1201 820 hoc
1224 776 1337 819 illam
1367 790 1492 831 creat,

76 860 123 891 ut
154 849 376 891 Factorem
410 862 538 890 suum
572 861 817 904 cognoscat,
852 861 1108 900 revereatur,
1139 862 1250 891 amet
1272 861 1312 891 et
1334 849 1489 892 laudet.

83 920 245 963 «Sicut
278 918 505 977 mundum,
539 920 675 977 inquit
700 920 941 963 Lactantius
960 922 1038 977 (1),
1060 934 1232 978 propter
1266 921 1487 964 hominem

77 990 340 1034 machinatus
389 1004 481 1048 est,
524 992 580 1034 ita
622 992 763 1050 ipsum
813 1006 985 1049 propter
1018 1008 1077 1048 se,
1109 1005 1327 1050 tamquam
1361 993 1493 1036 divini

76 1063 224 1121 templi
255 1063 506 1115 antistitem,
541 1075 829 1121 spectatorem
863 1079 1043 1120 operum
1092 1079 1319 1120 rerumque
1358 1064 1491 1107 caele-

77 1136 221 1181 stium.
257 1135 382 1180 Solus
416 1136 532 1179 enim
566 1149 659 1189 est,
701 1136 772 1193 qui
820 1137 1005 1179 sentiens
1059 1151 1269 1194 capaxque
1318 1137 1495 1178 rationis

76 1207 315 1265 intelligere
349 1209 487 1266 possit
509 1209 668 1264 Deum,
692 1209 764 1266 qui
789 1209 879 1251 eius
903 1224 1032 1265 opera
1053 1207 1265 1260 admirari,
1289 1208 1489 1250 virtutem

76 1290 417 1337 potestatemque
449 1280 714 1337 perspicere:
752 1278 908 1322 idcirco
941 1280 1055 1322 enim
1089 1278 1269 1321 consilio
1289 1314 1300 1329 ,
1337 1291 1494 1331 mente,

76 1349 298 1407 prudentia
329 1351 562 1394 instructus
594 1363 670 1394 est.
705 1350 808 1394 Ideo
841 1350 957 1393 solus
993 1363 1156 1408 praeter
1205 1363 1362 1392 ceteras
1396 1351 1490 1392 ani-

75 1434 239 1464 mantes
273 1434 411 1465 rectus
445 1437 626 1479 corpore
658 1438 703 1465 ac
727 1435 835 1466 statu
870 1421 1003 1465 factus
1027 1434 1104 1478 est,
1138 1434 1183 1464 ut
1215 1421 1264 1463 ad
1296 1434 1492 1464 contem-

73 1491 309 1550 plationem
343 1494 528 1551 parentis
562 1495 627 1536 sui
660 1495 865 1537 excitatus
900 1509 991 1536 esse
1033 1493 1233 1536 videatur.
1270 1493 1372 1535 Ideo
1405 1507 1494 1534 ser-

74 1578 251 1607 monem
274 1563 391 1608 solus
414 1565 574 1622 accepit
611 1580 657 1608 ac
679 1566 868 1622 linguam
893 1565 1163 1621 cogitationis
1194 1565 1487 1620 interpretem,

73 1647 120 1678 ut
152 1650 343 1680 enarrare
377 1637 642 1680 maiestatem
675 1637 840 1681 domini
873 1637 938 1679 sui
972 1637 1117 1694 possit.
1153 1637 1396 1688 Postremo,
1432 1634 1494 1677 id-

74 1706 185 1749 circo
219 1706 257 1750 ei
291 1719 440 1750 cuncta
473 1706 657 1751 subiecta
690 1721 807 1760 sunt,
828 1719 873 1750 ut
897 1707 1042 1750 factori
1067 1719 1189 1763 atque
1222 1705 1370 1749 artifici
1394 1707 1489 1748 Deo

73 1790 184 1822 esset
216 1778 306 1836 ipse
339 1778 606 1823 subiectus.»

192 1850 309 1894 Haec
341 1852 500 1905 omnia,
534 1867 639 1909 quae
673 1851 882 1904 diximus,
928 1852 983 1894 ita
1032 1852 1280 1894 summatim
1324 1850 1492 1894 exhibet

73 1920 247 1964 Lessius
279 1921 373 1980 (2):
405 1922 561 1966 «Finis
595 1924 664 1981 qui
695 1923 931 1966 intenditur
954 1924 996 1965 in
1030 1921 1229 1965 omnibus
1259 1923 1406 1966 creatis
1430 1936 1491 1965 est

73 1991 208 2049 gloria
240 1994 336 2051 Dei,
371 2010 478 2052 quae
515 1996 710 2038 consistit
741 1996 784 2038 in
809 1994 991 2047 duobus,
1029 1994 1102 2037 sed
1137 1993 1305 2037 diverso
1339 1992 1486 2036 modo.

72 2064 185 2109 Nam
218 2065 402 2110 obiective
435 2067 631 2110 consistit
664 2067 706 2109 in
739 2082 791 2110 eo
825 2065 941 2124 quod
975 2066 1141 2109 divinae
1181 2065 1462 2124 perfectiones
1482 2102 1492 2118 ,

73 2137 277 2193 potentia,
310 2138 529 2195 sapientia,
564 2137 869 2194 misericordia,
903 2138 1074 2193 iustitia,
1107 2149 1328 2194 ceteraque
1363 2137 1489 2179 attri—

71 2205 170 2250 buta
202 2207 245 2251 in
280 2209 481 2252 creaturis
514 2222 733 2267 tamquam
768 2210 810 2251 in
851 2209 1007 2253 effectis
1058 2222 1097 2252 et
1144 2209 1263 2266 quasi
1307 2206 1487 2265 speculis

72 2277 391 2337 resplendeant:
415 2280 651 2338 formaliter
684 2297 787 2324 vero
821 2282 1015 2324 consistit
1048 2282 1090 2323 in
1125 2297 1175 2324 eo
1209 2279 1326 2337 quod
1369 2293 1487 2321 crea-

72 2359 166 2394 tura
197 2351 413 2396 rationalis
447 2350 536 2396 illas
561 2366 803 2410 cognoscat,
821 2366 950 2406 amet,
975 2365 1197 2395 veneretur
1224 2363 1263 2393 et
1286 2350 1425 2393 laudet
1446 2368 1485 2392 ›>.

171 2546 220 2590 (1)
246 2546 287 2581 L.
317 2546 361 2580 de
390 2547 438 2582 ira
464 2547 531 2582 Dei
561 2560 590 2582 c.
623 2560 675 2591 14.

167 2605 222 2650 (2)
249 2605 457 2642 Comment.
486 2609 520 2642 in
552 2619 579 2643 1.
609 2617 638 2641 2.
667 2622 698 2655 q.
727 2609 770 2644 de
798 2611 858 2644 ult.
889 2609 956 2643 sine
983 2620 1048 2644 art.
1077 2610 1108 2643 S.
