1734 2784
686 45 953 98 -235-

110 139 274 182 tissime
307 138 582 194 scripserunt,
615 152 648 181 s,
680 138 949 194 Augustinus
982 150 1022 182 et
1054 154 1087 182 s.
1118 138 1317 183 Thomas
1349 138 1438 198 (1),
1480 139 1531 184 de

109 224 298 267 quorum
329 221 373 251 ut
396 209 437 250 in
460 207 550 251 aliis
572 209 628 251 ita
651 209 776 252 etiam
801 209 843 251 in
866 208 943 252 hac
965 208 1257 267 pertractanda
1280 211 1530 268 quaestione

111 281 363 337 praestantia
395 280 524 322 satius
558 292 621 322 est
653 279 772 333 nihil,
807 295 935 338 quam
969 296 1102 338 pauca
1141 280 1294 324 dicere.
1319 282 1400 325 His
1423 281 1531 326 duo-

110 352 188 393 bus
223 351 318 394 addi
353 350 474 394 debet
506 352 686 408 tertius,
720 352 824 408 ipse,
858 352 1032 409 inquam
1053 388 1065 405 ‚
1115 353 1352 397 Suaresius.
1388 353 1531 397 Huius

112 423 225 464 enim
259 434 471 475 tractatus,
490 422 561 479 qui
597 422 839 464 inscribitur
862 423 906 465 de
939 423 1086 480 legibus
1118 439 1163 467 ac
1182 425 1267 467 Deo
1292 424 1530 481 legislatore,

112 494 152 534 in
189 491 336 536 decem
369 492 499 535 libros
533 492 798 546 distributus,
822 492 870 536 ab
894 510 1031 551 eoque
1055 507 1257 551 provecta
1281 496 1365 538 iam
1399 508 1530 539 aetate

107 576 316 616 exaratus,
351 563 454 606 adeo
489 576 549 606 est
573 565 769 617 eximius,
804 577 849 606 ut
873 556 1015 607 multis
1050 580 1135 608 non
1170 566 1388 609 immerito
1423 565 1529 609 affir-

110 636 215 678 mari
260 651 384 693 posse
422 635 629 692 videatur,
668 637 810 693 ipsum
848 635 912 680 vel
951 636 1092 680 solum
1134 638 1324 695 potuisse
1366 639 1529 681 auctori

112 721 190 748 suo
226 722 471 762 comparare
506 706 677 749 titulum
702 708 890 750 Doctoris
924 708 1071 750 eximii.
1101 707 1238 761 Quod
1273 709 1446 766 insuper
1480 707 1531 751 de

111 776 311 819 omnibus
337 778 523 820 Suaresii
549 777 748 834 operibus
775 777 999 820 declaravit
1018 779 1214 836 Bossuet‚
1233 780 1274 821 in
1299 780 1348 821 iis
1373 795 1530 836 nempe

113 850 350 890 universam
384 848 574 891 scholam
608 849 771 906 audiri3
806 849 848 892 id
882 851 1066 907 potiori,
1115 862 1160 893 ut
1204 850 1405 908 videtur,
1437 852 1530 894 iure

113 919 196 962 dici
229 920 278 962 de
312 920 527 978 praeclaro
562 920 643 963 hoc
677 936 805 978 opere
840 935 996 979 potest,
1031 937 1149 976 eum,
1184 924 1254 979 qui
1279 924 1528 966 Suaresium

114 991 167 1034 de
201 991 362 1047 legibus
406 992 693 1049 disputantem
741 992 953 1046 audierit,
1001 1006 1135 1036 totam
1185 996 1268 1036 iam
1316 995 1530 1038 audivisse

113 1061 302 1105 scholam
338 1062 421 1120 (2)

228 1134 294 1188 87.
330 1135 523 1177 lamvero
558 1151 664 1192 quae
707 1136 1010 1192 sapientissimi
1045 1149 1107 1179 tot
1142 1137 1218 1179 viri
1268 1136 1319 1180 de
1367 1135 1529 1194 legibus

110 1204 391 1257 tradiderunt,
428 1222 473 1248 ea
508 1207 649 1262 paucis
684 1205 765 1248 hoc
798 1208 839 1248 in
875 1209 1007 1264 capite
1040 1209 1326 1264 perstringere
1356 1208 1525 1251 conabi-

113 1290 232 1318 mur:
266 1275 524 1319 disseremus
573 1278 711 1334 itaque
746 1302 797 1309 -ο-
834 1277 884 1320 de
916 1278 1008 1334 lege
1043 1279 1084 1321 in
1130 1280 1353 1322 communi
1387 1305 1443 1312 -
1477 1280 1528 1323 de

108 1346 251 1402 legum
287 1347 527 1390 diversitate
563 1372 618 1380 -—
651 1349 700 1390 de
734 1348 877 1403 legum
913 1351 1111 1392 omnium
1147 1350 1263 1392 fonte
1297 1363 1336 1393 et
1360 1351 1528 1407 origine

111 1432 184 1459 seu
221 1417 270 1460 de
304 1418 395 1475 lege
429 1431 595 1461 aeterna
628 1444 684 1452 —
717 1419 767 1461 de
802 1420 936 1476 prima
969 1419 1073 1477 legis
1112 1434 1303 1464 aeternae
1352 1421 1524 1479 partici-

205 1619 260 1661 (1)
288 1618 321 1652 S.
350 1617 516 1651 Thomas
555 1617 598 1650 de
637 1617 775 1661 legibus
815 1628 939 1653 tractat
982 1620 1016 1652 in
1050 1629 1076 1652 1.
1106 1630 1135 1652 2.
1172 1631 1189 1652 a
1218 1627 1351 1664 quaest.
1380 1622 1455 1661 9o.⁸
1482 1617 1524 1651 ad

110 1686 241 1722 quaest.
275 1677 375 1710 108.==·
401 1678 455 1710 De
482 1675 551 1709 hoc
580 1685 699 1710 autem
718 1676 869 1720 angelici
894 1678 1064 1711 Doctoris
1090 1685 1241 1711 tractatu
1269 1688 1312 1710 en
1341 1676 1524 1718 iudicium,

111 1737 207 1782 quod
246 1735 311 1770 fert
352 1736 504 1774 Balmes,
543 1736 868 1781 elp›·0tastaucism.0
912 1735 1115 1782 somparado
1155 1747 1214 1770 con
1254 1736 1281 1769 el
1320 1735 1523 1769 ctztolicismo

104 1806 186 1840 cap.
214 1795 315 1828 Llll.:
347 1809 363 1826 «
393 1796 440 1829 Su
467 1796 605 1829 tratado
634 1795 675 1827 de
704 1795 752 1828 las
780 1795 877 1840 leyes
916 1807 953 1829 es
988 1807 1034 1829 un
1071 1796 1210 1839 trabajo
1250 1795 1431 1836 inmorta13
1459 1806 1482 1840 y
1510 1796 1529 1828 a

109 1857 213 1901 quien
242 1855 276 1889 lo
303 1855 393 1900 haya
421 1855 679 1901 comprendido
708 1857 725 1888 a
752 1854 879 1896 fondo,
911 1855 1002 1888 nada
1033 1855 1065 1889 le
1093 1856 1206 1901 queda
1236 1867 1302 1900 que
1329 1856 1431 1889 saber
1458 1865 1528 1888 con

109 1923 272 1959 respecto
299 1918 316 1947 a
345 1915 399 1947 los
427 1915 579 1958 grandes
606 1914 803 1959 principios
834 1925 900 1960 que
935 1915 1050 1948 deben
1085 1916 1186 1959 guiar
1214 1914 1246 1948 al
1275 1914 1481 1960 legislador.
1507 1927 1524 1945 »

206 1974 262 2018 (2)
290 1972 345 2007 Cf.
373 1974 498 2010 Feller,
527 1973 650 2018 diqion.
679 1979 771 2008 stou:
803 1974 846 2007 de
873 1974 1020 2015 Bacloer,
1051 1974 1084 2007 la
1112 1974 1263 2008 biblioth.
1286 1973 1339 2008 des
1366 1974 1474 2008 ecrit).
1493 1974 1530 2008 cle

112 2032 146 2065 la
178 2032 295 2078 Comp.
323 2032 360 2067 cle
387 2033 484 2066 Ilm.
516 2034 537 2067 l.
568 2035 605 2067 B.
633 2034 748 2078 Episc.
777 2033 881 2078 Brug.
906 2021 946 2067 ‘in
975 2032 1122 2078 praefat.
1151 2034 1186 2067 in
1214 2045 1275 2068 sex
1301 2044 1425 2079 opusc.
1446 2034 1525 2067 ine-

111 2093 184 2128 dita
212 2093 365 2127 Suaresii
392 2093 479 2126 haec
506 2093 614 2127 addit:
649 2094 720 2126 «In
757 2093 1030 2138 interpretandis
1070 2093 1370 2138 iurisprudentiae
1409 2103 1529 2128 sacrae

119 2163 159 2186 ac
187 2150 354 2197 profanae
394 2152 576 2197 principiis
603 2152 693 2185 adeo
720 2152 869 2186 feliciter
909 2151 1106 2195 desudavit,
1135 2162 1172 2187 ut
1212 2153 1397 2198 egregium
1435 2163 1529 2197 opus

116 2211 190 2245 eius
215 2209 253 2244 de
277 2210 407 2256 legibus
433 2211 476 2245 ab
496 2210 582 2256 ipsis
599 2210 789 2244 haereticis
817 2211 975 2245 Londini
1002 2223 1099 2246 anno
1120 2210 1206 2256 1679
1226 2211 1332 2246 fuerit
1351 2222 1526 2251 recusum,

115 2278 241 2315 utpote
268 2281 338 2316 quo
366 2281 432 2304 nec
459 2270 525 2316 ipsi
553 2270 741 2304 acatholici
769 2280 852 2305 tunc
879 2271 1053 2317 temporis
1081 2281 1199 2305 carere
1227 2279 1388 2316 possent.
1418 2270 1527 2316 Hugo

106 2328 270 2371 Grotius,
298 2340 316 2363 e
344 2339 452 2364 coetu
478 2330 755 2375 protestantium
780 2330 842 2370 vir,
871 2329 1058 2365 confessus
1085 2339 1136 2365 est
1162 2341 1199 2364 se
1227 2330 1385 2364 lectione
1414 2329 1528 2364 libro-

112 2398 191 2421 rum
222 2389 259 2422 F.
285 2389 441 2423 Suaresii
467 2387 662 2434 profecisse
689 2389 898 2433 plurimum,
918 2397 952 2423 et
979 2388 1165 2435 egregium
1190 2388 1286 2423 hunc
1312 2388 1527 2434 theologum

106 2447 144 2480 in
171 2447 393 2492 explicandis
420 2447 607 2483 elementis
635 2449 717 2482 iuris
736 2447 908 2483 naturalis
926 2456 1063 2483 veteres
1081 2447 1247 2483 doctores
1266 2458 1394 2483 omnes
1411 2446 1523 2493 longe

110 2515 308 2551 superasse.
325 2519 342 2538 n
