1734 2784
682 82 952 124 -291-

95 167 244 210 tiones
275 164 367 208 fieri
401 164 554 208 debent
587 163 635 207 ab
671 179 738 221 eo,
772 165 844 222 qui
880 164 1059 207 easdem
1093 163 1194 206 velit
1235 179 1408 222 ponere.
1442 166 1532 209 Etsi

104 239 236 295 igitur
283 252 355 280 eae
397 237 586 280 actiones
644 251 734 278 non
783 237 866 279 sint
914 235 1129 279 obiectum
1176 236 1282 294 legis
1330 237 1532 281 naturalis

99 309 398 367 praeceptivae
431 319 640 365 quantum
678 307 730 350 ad
764 309 910 364 ipsum
947 309 1200 352 exercitium
1234 321 1364 364 actus,
1390 322 1535 353 tamen

102 393 209 429 vsunt
242 380 416 423 materia
459 378 653 422 eiusdem
699 391 905 436 quantum
956 379 1006 422 ad
1049 380 1411 437 specificationem
1447 396 1535 428 -seu

111 451 294 495 modum
328 463 442 493 actus
477 449 642 509 (1).-
677 451 738 492 EX
777 449 899 493 dictis
934 465 1074 494 autem
1109 451 1210 495 haec
1242 451 1319 495 alia
1353 452 1439 495 duo
1472 453 1535 495 in-

113 522 376 579 telliguntur.

230 593 488 649 Intelligitur
520 592 562 651 α.)
597 593 875 653 quandonam
918 594 1073 652 aliquid
1108 596 1161 637 sit
1195 594 1246 638 de
1279 595 1372 653 lege
1413 610 1539 639 natu-

115 665 187 708 rali
219 665 417 721 negative,
453 663 626 721 quando
662 679 766 707 vero
799 667 988 722 positive.
1024 667 1097 708 Est
1130 667 1312 723 negative
1351 666 1401 710 de
1450 667 1540 710 iure

110 735 294 779 naturali
327 734 445 787 illud,
479 734 597 792 quod
622 735 688 778 lex
713 736 918 778 naturalis
944 752 1031 779 non
1055 737 1269 794 prohibet,
1294 738 1366 781 sed
1391 738 1541 782 admit-

109 808 179 860 ztit‚
213 807 407 864 quamvis
441 822 579 863 neque
628 806 730 849 illud
772 808 954 863 positive
1005 809 1260 866 praecipiat:
1295 810 1388 852 talis
1431 826 1465 854 e.
1502 826 1529 845 0

1500 845 1541 867 ὃ.

109 891 181 922 «θεῖ
213 878 366 922 divisio
401 893 543 920 rerum
581 877 876 920 immobilium
914 879 1020 921 inter
1057 880 1258 936 privatos,
1294 882 1367 924 Est
1400 893 1543 924 autem

107 952 284 1009 positive
320 949 370 992 de
404 950 495 992 iure
529 949 709 992 naturali
744 949 864 1001 illud,
898 950 1014 1007 quod
1039 950 1106 993 lex
1130 964 1300 995 naturae
1324 953 1544 1010 praecipit,

121 1036 166 1065 ut
199 1035 260 1066 est
278 1039 316 1064 v.
336 1038 376 1079 g.
398 1021 638 1065 obedientia
658 1038 702 1064 ac
729 1023 961 1065 reverentia
990 1039 1091 1079 erga
1121 1037 1332 1081 parentes:
1356 1026 1547 1083 itemque

122 1107 184 1138 est
212 1095 386 1153 positiva
421 1106 567 1136 contra
591 1095 656 1135 ius
681 1094 867 1136 naturale
902 1093 941 1136 id
966 1109 1113 1151 omne,
1139 1096 1257 1152 quod
1280 1095 1347 1139 lex
1376 1109 1548 1139 naturae

120 1164 337 1224 prohibet,
372 1177 419 1207 ut
452 1176 514 1206 est
547 1181 585 1207 v,
620 1180 659 1220 g.
697 1164 857 1207 furtum
891 1164 955 1206 vel
989 1165 1260 1208 mendacium
1297 1167 1381 1225 (2).

242 1239 422 1294 Insuper
447 1236 492 1295 ¹3)
526 1236 663 1279 multo
685 1236 834 1279 clarius
852 1236 1103 1293 intelligitur
1153 1238 1270 1296 illud,
1291 1239 1407 1297 quod
1423 1239 1550 1297 paulo

117 1309 320 1367 ,superius
353 1307 651 1361 innuebamus,
672 1308 869 1351 videlicet
893 1307 1112 1365 quodnam
1137 1309 1367 1353 discrimen
1397 1312 1553 1354 existat

126 1381 235 1423 inter
256 1379 395 1436 legem
415 1379 649 1422 naturalem
669 1392 709 1422 et
732 1380 975 1436 positivam,
993 1393 1179 1437 spectata
1197 1381 1302 1439 legis
1326 1384 1553 1440 utriusque

129 1453 300 1495 materia
333 1467 407 1494 seu
441 1451 597 1494 obiecto.
630 1452 715 1493 «In
741 1451 840 1504 hoc,
868 1463 912 1494 ut
936 1467 1025 1493 rem
1050 1451 1157 1494 hanc
1181 1453 1362 1510 explieat
1386 1455 1554 1498 Doctor

129 1524 315 1567 eximius
349 1522 435 1581 (3),
469 1521 606 1565 differt
639 1522 704 1565 lex
740 1522 940 1565 naturalis
973 1521 1021 1565 ab
1065 1522 1153 1565 aliis
1187 1524 1350 1581 legibus
1372 1560 1383 1578 ,
1435 1524 1555 1583 quod

130 1595 232 1638 aliae
265 1593 423 1638 faciunt
456 1610 547 1637 esse
581 1594 758 1647 malum,
793 1593 908 1651 quod
942 1593 1170 1651 prohibent
1203 1595 1285 1653 (sic
1317 1596 1385 1639 lex
1412 1613 1433 1639 a
1460 1598 1556 1640 Deo

132 1668 212 1711 lata
243 1666 413 1711 Adamo
448 1666 545 1710 fecit
579 1680 722 1710 actum
757 1666 907 1710 edendi
940 1683 1122 1725 pomum
1160 1684 1252 1712 esse
1285 1669 1483 1728 malum),
1517 1681 1559 1713 et

130 1739 422 1782 necessarium
455 1737 521 1781 vel
556 1737 806 1791 honestum,
843 1738 959 1796 quod
993 1740 1261 1797 praecipiunt
1293 1740 1375 1799 (sic
1404 1741 1472 1784 lex
1507 1740 1559 1784 de

103 1809 348 1859 ..audiendo
381 1824 500 1852 sacro
537 1809 618 1853 lata
652 1809 700 1852 ab
736 1809 922 1852 Ecclesia
954 1809 1050 1853 facit
1100 1811 1366 1855 auditionem
1400 1813 1560 1856 Missae

130 1897 228 1925 -esse
262 1880 410 1925 diebus
454 1881 571 1925 festis
622 1882 901 1924 necessariam
948 1897 1021 1925 seu
1073 1882 1422 1942 obligatoriam):
1457 1884 1562 1927 haec

235 2067 291 2111 (1)
321 2078 339 2098 <t
357 2065 500 2100 Omnes
528 2075 627 2100 actus
654 2067 826 2099 virtutum
859 2066 976 2111 quoad
1003 2066 1280 2113 specificationem
1308 2079 1368 2102 seu
1401 2067 1565 2111 modum,

134 2136 211 2171 quo
242 2125 318 2159 fieri
356 2125 502 2164 debent,
532 2125 665 2159 cadunt
712 2126 774 2159 sub
810 2126 1010 2159 naturalem
1052 2125 1184 2170 legem,
1214 2127 1296 2162 licet
1325 2139 1399 2162 non
1437 2138 1568 2161 omnes

138 2184 353 2230 simpliciter
374 2197 434 2219 seu
455 2185 572 2231 quoad
601 2185 802 2219 ux‘ercilimn
830 2185 1103 2231 praecipiantur,
1122 2201 1139 2216 »
1175 2187 1225 2220 Ita
1251 2187 1392 2227 Suare7.‚
1421 2185 1463 2220 de
1491 2186 1564 2233 leg.

140 2243 164 2277 1.
193 2243 234 2277 11.
264 2255 292 2278 c.
323 2254 354 2288 7.
383 2256 482 2277 num.
519 2254 571 2278 11.
615 2243 668 2277 Cf.
697 2244 811 2278 etiam
839 2244 860 2278 l.
888 2244 930 2278 II.
958 2255 986 2278 c.
1016 2254 1046 2279 2.
1074 2257 1104 2280 n.
1139 2255 1204 2287 15„
1235 2245 1255 2279 l.
1289 2257 1318 2281 1.
1348 2257 1378 2281 e.
1411 2257 1442 2281 1.
1471 2257 1506 2280 n.
1534 2245 1568 2280 8.

142 2301 246 2336 Adde
274 2302 394 2347 legem
424 2302 625 2337 naturalem
654 2303 859 2349 prohibere,
880 2315 925 2337 ne
953 2305 1030 2350 quis
1057 2304 1183 2339 audeat
1203 2304 1288 2339 illos
1306 2304 1491 2350 impedire,
1509 2304 1570 2350 qui

141 2363 254 2398 velint
282 2364 331 2398 uti
358 2364 444 2404 iure,
473 2363 567 2410 quod
597 2363 653 2398 lex
693 2363 754 2397 illa
782 2363 935 2398 suadens
970 2364 1026 2398 vel
1049 2365 1260 2410 permittens
1288 2364 1478 2411 unicuique
1509 2364 1572 2399 dat

141 2422 179 2456 in
207 2421 333 2457 ordine
360 2422 403 2456 ad
434 2422 511 2457 illas
539 2423 711 2457 actiones.

240 2482 297 2526 (2)
326 2481 382 2516 Cf.
412 2482 554 2521 Sum-ez,
584 2481 626 2516 de
654 2483 722 2528 leg.
752 2483 775 2517 l.
804 2483 846 2517 ΙΙ.
877 2494 908 2518 c.
943 2493 993 2525 14.
1019 2495 1055 2517 n.
1084 2493 1134 2526 14.

241 2541 295 2586 (3)
322 2540 410 2575 Ibid.
431 2552 462 2576 c.
493 2551 524 2585 7.
553 2553 586 2575 n.
621 2552 647 2576 1.
