1734 2784
162 199 283 242 nibus
320 198 544 256 proposuit
578 212 650 253 pei·
681 196 824 239 lumen
861 198 1003 254 ipsum
1037 199 1236 252 naturale,
1281 197 1468 242 secundo
1501 214 1578 242 au-

166 285 249 314 tem
286 286 358 328 per
393 270 528 324 legem
580 268 782 324 Decalogi
831 269 872 311 in
917 267 1067 312 tabulis
1115 270 1317 313 Mosaicis
1367 271 1580 328 scriptam.

169 345 280 385 llaec
313 343 424 384 enim
475 341 537 383 lex
570 341 723 397 scripta
772 341 813 382 in
848 339 1000 383 tabulis
1039 359 1059 381 ‹<
1095 342 1232 399 reipsa
1279 357 1367 384 non
1410 353 1473 385 est
1507 340 1582 385 alia

166 413 305 470 quoad
340 411 656 454 substantialem
709 410 1013 467 obligationem
1049 427 1070 454 a
1102 412 1195 470 lege
1229 412 1419 470 naturali,
1464 413 1582 456 cuius

165 486 299 527 solam
336 486 541 527 maiorem
577 484 770 526 notitiam
813 483 992 527 contulit
1026 501 1044 524 »
1084 484 1171 543 (1),
1213 485 1247 528 si
1282 485 1462 542 excipias
1496 496 1583 528 ter-

165 559 270 599 tium
307 556 510 611 Decalogi
545 568 838 613 praeceptum,
874 567 1081 613 quatenus
1106 557 1285 601 involvit
1308 558 1582 601 circumstan-

166 630 266 671 tiam
303 628 604 671 determinatae
639 642 684 670 ac
717 627 821 671 fixae
856 627 937 671 diei
963 627 1110 671 divino
1146 628 1275 672 cultui
1309 628 1478 687 speciali
1513 644 1581 672 ra-

165 701 280 743 tione
314 699 525 743 dicandae.

281 774 462 830 Insuper
493 772 660 816 secundo
694 771 809 814 hisce
842 770 1104 815 naturalibus
1134 773 1370 831 praeceptis
1404 772 1480 816 alia
1511 771 1581 816 ad·
1609 783 1613 787 '

164 844 269 888 didit
301 846 485 903 positiva
518 857 609 887 tum
644 856 739 887 ante
773 843 914 901 legem
966 844 1112 902 Moysi
1159 844 1371 902 traditam,
1411 856 1505 888 tum
1539 844 1583 888 in

163 916 256 972 lege
289 916 490 971 Mosaica,
524 928 617 957 tum
653 914 695 956 in
730 913 995 972 Evangelica,
1043 930 1150 972 quae
1182 914 1251 958 lex
1283 915 1458 969 amoris,
1490 930 1585 972 gra-

164 990 244 1031 tiae
291 1003 337 1031 ac
370 999 673 1031 testamentum
723 1002 886 1030 novum
935 998 1215 1045 nuncupatur.
1266 987 1391 1040 Quae
1439 987 1584 1030 omnia

165 1061 254 1103 iure
288 1060 355 1102 hic
390 1059 693 1117 supponimu5‚
729 1059 839 1101 sicut
873 1070 913 1101 et
947 1057 1050 1102 illud
1083 1057 1212 1115 aliud,
1259 1059 1403 1102 Deum
1436 1073 1582 1116 reapse

163 1130 384 1174 bominem
420 1130 470 1173 ad
504 1130 704 1174 ordinem
736 1129 951 1188 finemque
984 1130 1352 1188 supernaturalem
1375 1131 1580 1175 evexisse.

166 1203 221 1244 Ut
258 1202 394 1260 aliqua
429 1201 649 1259 addamus,
683 1201 734 1245 de
769 1201 860 1259 lege
893 1201 1034 1245 divina
1066 1202 1250 1260 positiva
1286 1202 1344 1246 sic
1392 1203 1582 1260 apposite

164 1275 284 1331 Gur}v
318 1274 400 1331 (2):
445 1274 568 1316 «Lex
602 1273 743 1316 divina
768 1274 954 1331 positiva
988 1273 1145 1332 duplex
1168 1286 1231 1317 est
1262 1283 1375 1318 vetus
1399 1287 1439 1317 et
1461 1289 1580 1318 nova.

162 1373 217 1378 —u
252 1347 282 1389 Ι.
317 1347 407 1389 Lex
442 1357 562 1389 vetus
598 1362 670 1388 seu
703 1346 858 1389 veteris
892 1346 1161 1389 Testamenti
1196 1345 1438 1389 continebat
1461 1361 1579 1404 prae-

164 1431 281 1476 cepta
315 1418 492 1476 triplicis
527 1418 709 1475 generis.
766 1418 819 1461 1.⁰
852 1418 1054 1474 Momlia,
1087 1433 1194 1475 quae
1242 1417 1486 1476 spectabant
1520 1433 1582 1460 re-

161 1490 413 1534 ctitudinem
450 1490 658 1534 moralem
694 1502 733 1532 et
767 1489 809 1533 id
843 1489 1092 1546 statuebant,
1126 1489 1243 1547 quod
1278 1489 1372 1547 lege
1404 1488 1581 1532 naturali

161 1563 470 1619 praescriptum
507 1575 605 1605 erat:
642 1561 738 1605 talia
772 1574 871 1604 sunt
894 1562 1099 1619 Decalogi
1134 1573 1369 1620 praecepta.
1395 1561 1453 1604 2.⁰
1482 1560 1583 1605 Cae·-

162 1634 425 1686 remtmialia,
451 1650 556 1691 quae
592 1632 880 1676 reserebantur
908 1632 957 1677 ad
981 1633 1061 1676 Dei
1087 1632 1263 1686 cultum,
1282 1644 1321 1676 et
1348 1631 1583 1676 statuebant

165 1706 454 1748 caeremonias
489 1718 527 1748 et
563 1704 774 1748 sacrificia.
828 1706 885 1760 3.⁰
919 1703 1159 1762 Iudicz'alicz,
1193 1720 1300 1762 quae
1347 1703 1397 1747 ad
1439 1703 1581 1761 politi-

164 1791 255 1817 cam
295 1789 333 1818 et
368 1778 693 1820 oeconomicam
741 1776 1171 1830 administrationem,
1205 1791 1280 1819 seu
1323 1774 1374 1818 ad
1423 1787 1582 1818 rectam

256 1982 311 2025 (Ι)
340 1981 390 2015 Ita
418 1981 560 2019 Suarez,
589 1979 630 2014 tle
658 1980 725 2026 leg.
756 1980 776 2014 1,
807 1981 846 2014 II.
876 1980 911 2014 in
938 1990 1101 2026 prooem.

258 2042 314 2085 (2)
343 2040 464 2075 Tract.
498 2040 539 2073 de
568 2040 633 2086 leg,
663 2051 745 2086 pars
773 2041 814 2073 II.
844 2052 874 2075 c.
907 2051 933 2074 1.
965 2047 1029 2074 art.
1062 2049 1095 2074 2.
1125 2051 1223 2074 num.
1266 2049 1339 2081 124.
1375 2038 1449 2073 Lex
1488 2049 1584 2073 nova

160 2099 276 2133 differt
304 2111 321 2133 a
349 2099 469 2141 veteri,
496 2100 705 2145 praesertim
734 2100 770 2132 in
799 2099 1045 2145 sequentibus:
1082 2101 1130 2133 1.0
1159 2108 1259 2134 vetus
1287 2099 1350 2134 fuit
1383 2101 1508 2134 umbra
1550 2109 1583 2135 et

160 2158 282 2204 figura,
304 2169 396 2193 nova
417 2167 468 2192 est
489 2159 547 2193 lux
569 2168 599 2193 et
623 2158 764 2193 veritas:
786 2164 835 2192 2.0
864 2167 964 2192 vetus
992 2157 1048 2193 lex
1069 2158 1211 2195 timoris
1231 2167 1317 2201 erat,
1340 2169 1432 2193 nova
1451 2158 1584 2205 gratiae

160 2228 191 2252 et
221 2219 355 2253 amoris
383 2227 448 2254 est.
476 2218 549 2252 Lex
575 2227 675 2252 vetus
704 2218 832 2252 dicitur
863 2216 1082 2264 imperfecta,
1102 2229 1176 2252 non
1204 2219 1346 2265 quidem
1375 2218 1410 2251 in
1439 2217 1584 2260 se,.sed

162 2278 305 2312 relative
326 2278 368 2311 ad
383 2277 645 2323 perfectiorem.
663 2277 745 2312 Erat
764 2277 858 2312 enim
879 2277 1033 2323 perfecta
1047 2277 1082 2312 in
1097 2288 1145 2321 se,
1161 2288 1243 2312 cum
1261 2279 1380 2312 Deum
1401 2285 1585 2312 auctorem

156 2338 313 2379 haberet7
334 2347 365 2372 et
386 2338 484 2371 Deus
504 2338 678 2383 perillam
698 2337 890 2383 attingeret
913 2348 1080 2383 scopum,
1109 2348 1213 2384 quem
1232 2337 1298 2371 sibi
1318 2337 1578 2383 praestituerat.

155 2398 229 2431 Lex
257 2408 348 2431 nova
378 2409 442 2441 pro
472 2397 640 2431 omnibus
669 2398 737 2431 lata
766 2406 827 2439 est,
848 2397 1000 2443 ideoque
1019 2396 1156 2443 obligat
1184 2407 1322 2440 omnes,
1346 2397 1475 2443 quibus
1495 2406 1579 2431 nota

157 2466 218 2490 est.
248 2456 303 2490 Sic
334 2456 429 2490 enim
462 2456 641 2498 Christus,
672 2456 798 2491 Matth.
826 2456 992 2490 XXVIII.
1025 2465 1078 2501 19.
1109 2466 1177 2491 20.:
1212 2457 1376 2490 «Enntes
1403 2466 1489 2499 ergo
1517 2455 1582 2488 do-

157 2517 232 2550 Ccte
260 2527 385 2549 omnes
411 2526 555 2560 gentes,
585 2516 804 2561 baptizantes
826 2527 886 2549 eos
918 2515 951 2549 in
975 2516 1125 2549 nomine
1153 2515 1266 2550 Patris
1285 2523 1386 2551 etc...
1412 2514 1582 2549 docentes

162 2586 223 2610 cos
251 2586 393 2608 servare
422 2574 561 2615 omnia,
593 2586 839 2620 quaecumque
867 2574 1031 2609 mandavi
1060 2575 1169 2608 vobis.
1188 2590 1202 2605 »

1722 2219 1734 2265 i

1722 2266 1734 2340 3

1721 2341 1734 2446 3

1674 2475 1734 2784 j
