1734 2784
96 181 101 185 .
659 130 714 140 -
752 120 833 162 319
870 133 922 139 -“

81 202 260 246 effatum
294 215 368 243 seu
401 199 634 244 formulam
666 216 712 244 se
744 200 897 246 habere
929 203 972 244 in
1005 202 1157 246 ordine
1190 205 1366 247 rationis
1405 220 1509 262 pra-

84 274 234 329 cticae,
265 272 375 314 sicut
420 272 678 329 principium
728 273 1076 317 contradictionis
1112 290 1157 318 se
1190 274 1315 318 habet
1358 277 1401 318 in
1435 291 1511 319 01-

83 345 190 389 dine
222 343 397 387 rationis
431 342 722 400 speculativae.

203 417 351 473 Itaque
385 415 466 458 etsi
502 414 607 472 legis
640 428 814 459 naturae
848 429 1068 474 praecepta
1092 419 1177 461 sint
1201 417 1335 461 multa
1369 433 1414 461 ac
1439 433 1512 461 va-

86 491 165 546 ria,
188 501 331 531 tamen
362 487 506 530 omnia
534 489 853 531 communicant
875 504 950 532 seu
976 490 1197 546 uniuntur,
1222 502 1443 547 tamquam
1469 491 1513 532 in

87 575 173 604 una
205 557 360 611 radice,
394 559 436 601 in
470 557 552 601 hoc
587 573 688 602 uno:
723 560 803 602 Fac
836 559 1000 602 bonum
1034 573 1074 603 et
1106 562 1190 603 vita
1215 560 1393 613 malum,
1419 577 1511 616 seu,

89 642 139 674 ut
170 630 212 672 in
244 628 422 672 Psalmis
455 628 527 687 (1)
558 627 728 685 legitur:
766 648 787 670 «
812 631 983 673 Declimz
1007 646 1031 673 cz
1056 632 1162 674 malo
1186 631 1311 688 etfac
1344 631 1508 684 bonum,

85 712 125 747 et
159 701 341 746 inhabita
374 702 416 744 in
447 700 620 743 seculum
652 702 784 745 seculi.
821 720 840 742 >›
879 703 1003 755 Quae
1053 701 1181 745 verba
1213 702 1272 744 sic
1305 715 1399 759 apte
1433 718 1513 745 ex-

92 775 216 856 gonit
248 790 281 817 s.
315 773 585 830 Augustinus
619 772 702 832 (2):
756 791 777 814 «
811 773 986 816 Declina
1021 790 1042 816 a
1075 774 1187 816 malo
1236 786 1276 816 et
1324 773 1386 817 fac
1434 773 1516 818 bo-

94 858 215 892 1111111.
247 844 352 891 Νο11
384 845 457 888 tibi
483 858 647 903 putare,
672 845 865 888 sufficere
889 846 921 887 si
946 862 1032 888 non
1054 845 1263 903 exspolies
1290 848 1517 889 vestitum-

98 917 202 962 Non
236 914 512 973 exspoliando
547 916 661 958 enim
704 916 926 968 vestitum,
973 915 1191 959 declinasti
1224 932 1246 958 a
1279 916 1408 968 malo,
1443 916 1517 959 sed

102 988 190 1032 noli
221 1003 408 1031 arescere
440 1000 481 1030 et
514 986 663 1030 sterilis
697 1003 802 1030 esse.
823 987 891 1030 Sic
924 988 1010 1030 noli
1036 987 1272 1045 exspoliare
1295 989 1516 1044 vestitum,

99 1072 148 1104 ut
180 1060 334 1103 vestias
367 1059 547 1103 nudum.
582 1060 679 1102 Hoc
711 1071 773 1102 est
807 1060 921 1102 enim
956 1059 1163 1103 declinare
1197 1076 1217 1102 a
1250 1060 1363 1102 malo
1398 1072 1438 1102 et
1461 1059 1517 1102 fa-

99 1147 195 1175 cere
230 1130 409 1174 bonum.
448 1132 500 1174 Et
533 1129 635 1188 quid
669 1130 765 1173 inde
799 1129 977 1182 habebo,
1010 1130 1198 1172 dicturus
1224 1132 1296 1174 es?
1330 1131 1420 1172 Iam
1444 1129 1517 1172 tib.

102 1201 424 1246 commendavit
456 1201 538 1255 ille,
571 1216 700 1259 quem
749 1200 925 1254 feneras,
960 1202 1062 1258 quid
1110 1200 1184 1243 tibi
1228 1201 1351 1244 dabit:
1387 1202 1520 1243 vitam

94 1286 314 1318 aeternam
362 1273 474 1317 dabit
521 1272 609 1327 tibi,
657 1273 709 1316 da
742 1272 801 1316 illi
835 1289 1025 1316 securus.
1075 1273 1188 1316 Audi
1238 1286 1277 1315 et
1311 1272 1367 1326 id,
1402 1271 1518 1330 quod

96 1347 304 1404 sequitur:
352 1345 527 1388 Declina
559 1361 579 1387 a
614 1344 726 1388 malo
761 1358 800 1388 et
834 1344 895 1387 fac
943 1344 1122 1401 bonum,
1171 1357 1210 1387 et
1253 1344 1442 1387 inhabita
1476 1345 1518 1386 in

94 1417 243 1460 secula
274 1416 532 1460 seculorum.
567 1434 589 1456 >›
619 1462 621 1464 ,

220 1489 350 1533 Effata
382 1501 662 1547 autem‚quae
695 1504 716 1531 a
748 1489 873 1531 variis
907 1487 1155 1530 auctoribus
1177 1487 1247 1545 (3)
1274 1487 1522 1545 proponuni

99 1572 169 1603 tur
215 1573 436 1619 tamquam
470 1561 659 1618 primum
708 1559 813 1616 legis
862 1558 1059 1601 naturalis
1114 1571 1405 1615 praeceptum,
1457 1557 1523 1599 evl

88 1631 206 1689 falsa
239 1644 356 1685 sunt,
390 1631 457 1675 vel
490 1631 784 1689 inadaequatcz,
816 1630 881 1673 vel
916 1631 949 1672 si
983 1645 1080 1672 vera
1108 1641 1205 1671 sunt
1231 1641 1269 1671 et
1295 1628 1525 1687 adaequata

97 1717 172 1745 seu
212 1702 482 1759 universalia,
515 1702 658 1744 minus
691 1700 802 1745 clam
836 1713 874 1744 et
897 1701 1095 1757 simplicia
1120 1711 1234 1755 sunt,
1252 1715 1379 1756 quam
1404 1698 1524 1756 illud,

196 1923 252 1967 (1)
278 1923 334 1958 Ρ5.
361 1922 530 1956 XXXVI.
558 1931 610 1965 27.

201 1983 259 2028 (2)
285 1983 412 2018 Sermo
440 1982 501 2016 III.
530 1982 565 2015 in
596 1983 650 2016 Ps.
680 1980 848 2015 XXXVI.
878 1991 976 2013 1111111.
1006 1980 1036 2013 8.

197 2042 254 2087 (3)
281 2043 337 2077 De
364 2042 419 2075 his
446 2040 487 2075 cf.
515 2042 657 2078 Finetti„
686 2039 727 2074 de
755 2040 863 2085 princ.
892 2047 962 2072 nat.
983 2049 1015 2073 01
1036 2049 1135 2083 gent.
1162 2038 1182 2072 1.
1211 2039 1318 2079 Vm„
1341 2039 1525 2072 1111011110-

108 2114 161 2144 re,
190 2101 271 2136 Eth.
299 2113 375 2147 cap.
403 2102 463 2135 III.
490 2109 554 2135 art.
574 2110 617 2144 7.‚
637 2101 695 2146 qui
723 2100 789 2134 alia
811 2098 995 2144 proferunt
1024 2098 1131 2133 effata
1153 2098 1307 2132 aliorum
1328 2107 1526 2139 auctorum;

109 2181 154 2187 -
180 2161 344 2196 Thomas
370 2162 529 2196 Hobbes:
572 2159 859 2201 «Quaerendam
889 2170 963 2193 0550
1006 2170 1144 2203 pacem,
1177 2158 1204 2191 51
1242 2158 1361 2191 haberi
1403 2157 1529 2201 possit.

121 2228 181 2255 aut
207 2221 236 2254 si
261 2232 334 2256 non
361 2222 483 2267 possit,
522 2219 766 2265 comparanda
803 2230 880 2253 0550
918 2218 1047 2252 auxilia
1076 2218 1171 2251 110111.
1194 2232 1210 2249 »
1240 2238 1283 2242 -
1311 2215 1530 2251 Emmanuel

113 2281 217 2315 Kant:
248 2293 265 2312 «
281 2280 338 2315 Sic
364 2291 442 2325 age,
462 2288 498 2313 ut
523 2278 592 2318 lex,
612 2291 717 2325 quam
745 2278 918 2313 voluntati
939 2286 1018 2311 tuae
1040 2277 1256 2322 praestituis,
1276 2276 1394 2309 valere
1415 2274 1527 2320 possit

111 2350 176 2384 pro
204 2339 363 2384 generali
399 2350 525 2373 norma
564 2337 781 2383 operandi.»
812 2357 855 2362 —
884 2337 1034 2371 Cousin:
1077 2349 1093 2367 «
1116 2336 1187 2370 Ens
1216 2335 1381 2374 liberum,
1422 2344 1530 2367 mane

108 2398 313 2434 liberum.»
341 2418 384 2423 —-
411 2398 587 2432 Damiron
615 2397 734 2431 statuit
763 2409 779 2427 «
797 2396 1045 2430 evolUtioneni
1080 2396 1224 2440 plenam
1265 2393 1430 2426 oninium
1472 2391 1531 2425 fa-

105 2457 299 2492 cultatum.
321 2473 336 2488 »
367 2477 410 2483 —
439 2456 561 2492 Ficlite
600 2468 664 2502 pro
704 2455 831 2489 morali
857 2455 979 2489 statuit
1020 2453 1312 2488 «omnimodam
1354 2451 1533 2496 indepen—

111 2516 288 2560 dentiam,
307 2530 325 2549 »
354 2528 418 2563 pro
446 2517 519 2550 iure
545 2515 668 2550 sociali
696 2515 763 2548 hoc
784 2515 905 2549 statuit
924 2514 1157 2559 principium:
1191 2511 1345 2556 «Dilige
1366 2520 1400 2545 te
1427 2519 1534 2555 super

121 2577 244 2612 omnia
271 2586 304 2613 et
332 2578 421 2612 alios
447 2576 615 2611 homines
641 2584 787 2621 propter
814 2583 858 2609 te.
875 2589 891 2604 »
