1734 2784
79 183 262 226 luntatis.
305 183 436 240 Atqui
469 181 603 225 tribus
637 180 754 224 hisce
788 179 1099 224 characteribus
1135 179 1295 238 gaudet
1329 181 1500 238 appeti-

79 268 148 299 tus
181 270 280 313 erga
312 253 619 298 beatitudinem
651 254 694 296 in
727 269 884 310 genere
923 251 1248 297 consideratam.
1283 253 1400 310 Ergo
1435 266 1498 297 est

82 342 258 386 prorsus
291 324 507 369 naturalis.

199 397 335 451 Quod
358 398 415 454 1⁰)
431 397 532 440 insit
549 397 811 455 codempzzclo
831 395 1032 439 omnibus
1056 395 1321 453 hominibus,
1346 396 1428 440 hoc
1454 398 1496 440 in

66 468 346 529 ‘praecedenti
359 468 486 511 huius
500 467 672 511 theseos
691 480 807 526 parte
825 468 924 511 satis
942 479 1004 510 est
1020 466 1355 511 declaratum.—
1368 469 1424 510 At
1444 470 1504 523 20)

80 545 190 586 inest
224 540 423 585 omnibus
463 542 675 585 necessario
711 539 853 598 quoad
890 539 1255 597 specificationem
1285 551 1401 582 actus
1432 538 1502 598 (ι).

81 617 178 658 Hoc
200 625 344 656 autem
377 612 536 671 duplici
569 610 769 670 probatur
798 613 1143 669 argumento.Ac
1170 613 1303 670 primo
1323 611 1500 670 quidem

82 698 250 730 constat
270 702 325 730 ex
344 686 509 729 interna
542 684 882 741 uniuscuiusque
907 684 1179 741 experientia.
1200 683 1370 726 Etenim
1405 699 1504 741 pos-

82 773 232 801 sumus
265 755 442 815 quidem
475 757 518 798 in
551 755 627 799 hac
659 756 743 798 vita
776 772 864 799 non
901 755 1006 799 velle
1042 755 1227 812 cogitare
1273 754 1323 798 de
1365 754 1502 798 beati-

81 829 256 886 tudine,
289 840 329 872 et
361 828 395 871 si
429 826 480 871 de
514 826 664 871 eadem
697 828 938 883 cogitemus
960 864 970 884 ,
1003 842 1237 885 possumus
1271 842 1349 870 nos
1388 827 1505 884 ipsos

83 901 130 946 ab
165 914 258 945 actu
291 901 450 944 amoris
484 915 582 957 erga
614 901 749 957 ipsam
783 899 985 957 ponendo
1021 899 1232 943 cohibere:
1268 898 1343 942 sed
1377 899 1411 941 si
1433 913 1503 941 ve-

82 974 211 1017 limus
244 972 294 1016 de
327 971 588 1016 beatitudine
623 972 807 1028 cogitare
841 985 880 1015 et
914 973 1206 1030 nosmetipsos
1241 972 1350 1014 circa
1382 987 1503 1014 eam-

83 1045 180 1090 dem
223 1060 433 1100 exercere,
479 1044 629 1086 intime
676 1045 899 1098 sentimus,
932 1060 1010 1088 nos
1060 1060 1146 1087 non
1196 1059 1322 1102 posse
1372 1041 1503 1086 alium

81 1131 226 1162 actum
260 1132 421 1176 ponere
455 1132 583 1174 quam
617 1118 784 1170 amoris,
819 1132 897 1160 nos
931 1133 1018 1160 non
1054 1133 1181 1175 posse
1215 1131 1314 1159 vere
1361 1127 1402 1158 et
1433 1132 1507 1178 ‘ex

83 1192 227 1234 animo
261 1189 412 1245 dicere,
450 1188 540 1232 nolo
584 1204 660 1232 esse
714 1188 865 1242 bratus,
899 1189 989 1232 volo
1023 1204 1097 1232 esse
1132 1189 1263 1232 miser.
1305 1189 1403 1231 Hoc
1435 1203 1506 1230 au-

83 1275 171 1307 tem
204 1274 345 1320 aperte
378 1259 596 1317 ostendit,
630 1259 876 1304 felicitatem
916 1261 959 1303 in
1010 1276 1166 1318 genere
1215 1272 1448 1318 spectatam
1485 1276 1506 1303 a

83 1335 204 1379 nobis
262 1336 403 1392 appeti
457 1334 697 1377 necessario
756 1332 898 1391 quoad
956 1332 1323 1392 specificationem
1373 1344 1505 1376 actus.

81 1406 201 1451 Idem
234 1406 401 1450 secundo
436 1404 713 1449 confirmatur
746 1405 828 1448 hoc
861 1405 942 1449 alio
971 1417 1240 1462 argumento.
1262 1406 1322 1448 Ut
1344 1404 1503 1447 volun-

82 1492 143 1523 tas
176 1478 334 1537 aliquid
366 1478 468 1522 odio
503 1477 650 1521 habeat
684 1477 748 1520 vel
783 1490 970 1535 respuat,
1006 1490 1176 1536 oportet
1219 1490 1264 1520 ut
1314 1476 1415 1521 illud
1467 1479 1505 1520 ei

82 1564 349 1611 proponatur
383 1549 429 1593 ab
463 1548 675 1593 intellectu
725 1561 945 1607 tamqnam
990 1549 1145 1593 odibile
1194 1548 1270 1592 sub
1308 1561 1501 1606 respectu

83 1624 225 1682 aliquo
259 1621 325 1666 vel
357 1620 596 1665 aversabile.
630 1622 761 1678 Atqui
796 1621 839 1663 in
870 1620 1129 1664 beatitudine
1164 1621 1400 1677 generatim
1436 1621 1506 1663 in-

83 1706 243 1753 specta,
278 1694 328 1738 de
362 1694 482 1736 cuius
517 1704 724 1749 conceptu
776 1705 837 1735 est
887 1692 1074 1736 absentia
1117 1694 1260 1736 omnis
1310 1692 1406 1735 mali
1457 1704 1497 1735 et

83 1766 318 1824 praesentia
351 1765 494 1808 omnis
529 1763 647 1818 boni,
682 1764 786 1807 nibil
821 1777 901 1818 est,
928 1763 1043 1822 quod
1069 1763 1114 1807 ab
1140 1763 1355 1807 intellectu
1384 1762 1507 1807 exbi-

83 1838 227 1882 beatur
259 1850 462 1895 tanquam
497 1836 650 1880 odibile
684 1853 757 1880 seu
784 1837 1022 1895 displicens.
1051 1838 1164 1894 Ergo
1187 1836 1383 1880 voluntas
1421 1852 1507 1880 non

83 1922 224 1969 potest
259 1925 351 1954 eam
385 1908 488 1953 odio
522 1909 672 1953 habere
706 1909 769 1953 vel
804 1925 1033 1967 respuere,
1068 1909 1141 1953 sed
1200 1908 1314 1952 illam
1349 1910 1508 1967 appetit

84 1984 322 2027 necessario
347 1981 489 2041 quoad
513 1982 871 2041 specificationem
909 1995 1023 2025 actus
1063 1985 1136 2041 (2‘).
1173 1983 1327 2025 Dices:
1366 1997 1507 2026 nonne

180 2159 229 2195 (Ι)
265 2156 490 2199 «Voluntas,
510 2158 559 2191 sic
588 2157 693 2191 docet
710 2156 923 2196 ssshomas,
955 2156 988 2189 in
1033 2167 1059 2190 1.
1092 2166 1121 2189 2.
1148 2169 1178 2202 q.
1210 2165 1235 2198 5.
1266 2168 1295 2190 a.
1315 2166 1346 2198 4.
1374 2156 1416 2190 ad
1436 2163 1506 2198 2.¹¹¹‚

85 2218 127 2251 ad
155 2217 320 2263 opposita
348 2228 384 2251 se
411 2216 516 2251 habet
544 2217 578 2250 in
607 2216 673 2258 liis,
704 2228 793 2262 quae
821 2217 863 2250 ad
893 2216 999 2250 {inem
1030 2216 1249 2252 ordinantur.
1279 2217 1349 2251 Sed
1377 2217 1419 2250 atl
1449 2219 1505 2251 ul-

86 2277 215 2312 timum
244 2276 353 2311 (inem
382 2275 531 2311 naturali
560 2276 772 2310 necessitate
791 2276 974 2311 ordinatur
993 2290 998 2310 ;
1021 2277 1114 2323 quod
1143 2286 1238 2322 patet
1258 2290 1296 2311 ex
1316 2277 1395 2313 boc,
1415 2277 1507 2324 quod

85 2337 196 2371 homo
222 2347 295 2370 non
324 2345 439 2382 potest
468 2347 539 2370 non
568 2335 658 2370 velle
686 2348 760 2370 esse
788 2337 961 2372 beatus.»

178 2397 232 2441 (2)
265 2395 383 2430 «Non
412 2395 541 2438 solum,
571 2395 685 2442 inquit
714 2396 868 2436 Lessius,
899 2395 940 2430 de
982 2408 1126 2430 summo
1168 2398 1266 2431 bono
1296 2397 1314 2431 l.
1348 2408 1372 2431 1.
1404 2408 1432 2430 c.
1464 2407 1506 2439 2.‚

87 2467 213 2491 onmes
242 2456 498 2491 beatitudinem
528 2464 709 2501 appetunt,
740 2456 798 2490 sed
835 2456 940 2491 etiam
970 2457 1151 2491 ›zcccsfflrio
1180 2466 1368 2502 appetunt,
1397 2457 1443 2490 ita
1474 2466 1508 2491 ut

86 2527 158 2550 non
190 2516 325 2561 possint
356 2516 464 2553 illam,
492 2515 517 2549 si
544 2523 603 2561 per
630 2527 659 2549 ,τε
687 2525 877 2562 spectetur,
906 2515 1003 2550 nolle
1033 2525 1090 2550 aut
1121 2516 1250 2551 odisse.
1282 2516 1380 2550 Nihil
1410 2517 1504 2551 enim

90 2574 124 2608 in
154 2575 210 2610 illa
238 2575 450 2621 concipitur,
481 2575 575 2621 quod
604 2578 717 2621 pavit
747 2575 818 2610 ull«)
849 2574 958 2609 inodo
988 2576 1185 2621 displicere.
1216 2577 1335 2621 haam
1367 2584 1506 2610 amatur
