1734 2784
713 102 976 132 —220--

135 182 356 225 butionem
406 198 568 239 poenae
616 198 689 226 seu
732 184 797 225 cui
846 182 1021 227 debetur
1065 185 1260 242 punitio:
1296 185 1362 229 sin
1411 198 1556 230 autern

137 267 381 312 spectentur
403 256 443 297 ‘in
466 254 681 308 abstracto,
705 255 907 298 meritum
932 268 995 299 est
1018 257 1246 313 exigentia,
1271 272 1378 314 quae
1401 258 1555 301 actioni

137 328 261 376 inest,
284 326 333 368 ad
366 325 692 369 retributionem
717 326 941 380 mercedis,
961 326 1221 370 demeritum
1241 341 1303 371 est
1330 328 1554 385 exigentia,

135 413 240 454 quae
273 398 427 440 actioni
461 398 584 451 inest,
618 396 667 440 ad
701 397 1027 442 retributionem
1062 414 1224 456 poenae
1247 399 1333 458 (1).

255 468 339 512 Sed
374 468 646 526 quandonam
670 469 780 511 actio
805 481 867 512 est
900 469 1009 527 talis,
1044 482 1089 512 ut
1113 471 1193 528 ipsi
1219 471 1318 513 insit
1343 471 1557 527 exigentia

135 541 185 584 ad
220 540 545 584 retributionem
580 540 887 584 mercedis?—-
913 542 1104 595 Quando
1139 555 1202 586 est
1226 542 1303 601 1.⁰)
1336 542 1555 587 moraliter

133 612 244 656 bona
262 639 314 644 —
337 613 418 671 λθ)
451 613 581 655 libere
616 614 753 670 posita
769 639 828 646 -—
846 613 927 671 3.0)
950 613 1128 656 afferens
1153 613 1317 657 bonum
1342 614 1413 667 illi,
1443 613 1555 672 apud

135 701 263 743 quem
314 684 465 726 dicitur
507 686 798 727 meritoria—
830 684 914 743 4⁰)
947 701 968 727 a
1002 698 1321 728 remuneratore
1356 685 1554 743 explicite

135 769 174 799 et
208 756 439 799 formaliter
472 757 536 800 vel
570 757 716 800 saltem
753 757 956 814 implicite
992 769 1031 799 et
1064 756 1301 800 virtualiter
1344 769 1556 816 acceptata

137 827 187 870 ad
222 828 464 871 mercedem
482 853 538 861 —
559 828 640 887 5.⁰)
663 843 751 871 non
785 828 921 871 debita
956 844 1005 871 ex
1029 828 1224 871 mercede
1247 830 1331 872 iam
1365 841 1483 887 pacta
1516 841 1556 872 et

133 910 314 955 recepta.
360 898 561 955 Singulae
609 899 685 942 hae
730 899 997 942 conditiones
1048 911 1146 942 sunt
1195 898 1376 942 breviter
1423 898 1555 957 expli-

134 969 302 1012 candae.

252 1040 292 1083 Ιίι
311 1042 499 1084 conditio
525 1054 601 1096 est,
635 1054 680 1084 ut
713 1056 840 1099 opus,
876 1040 926 1084 de
952 1057 1038 1098 quo
1074 1042 1227 1099 agitur,
1251 1042 1304 1084 sit
1338 1039 1555 1083 moraliter

133 1112 294 1156 bonnm.
333 1113 501 1156 Etenim
536 1113 643 1156 mala
677 1130 804 1171 opera
836 1126 1054 1156 merentur
1086 1112 1259 1171 quidem
1309 1111 1554 1156 retributio—

133 1198 250 1235 nem,
280 1183 352 1227 sed
377 1200 556 1241 poenae,
576 1200 662 1227 non
687 1186 876 1242 praemii.
903 1186 1015 1227 Hinc
1038 1200 1071 1229 s.
1090 1185 1363 1242 Augustinus
1381 1183 1453 1242 (2)
1482 1184 1550 1226 ait:

134 1275 158 1295 «
174 1257 296 1308 Quae
315 1256 422 1300 mala
442 1271 554 1310 sunt,
573 1273 659 1299 non
685 1270 862 1301 coronat
883 1259 1001 1300 Deus
1026 1275 1067 1315 ›>‚
1086 1273 1223 1314 neque
1242 1256 1323 1300 alio
1350 1256 1483 1299 modo
1508 1272 1552 1299 se

128 1328 241 1382 gerit
273 1328 441 1384 sapiens
475 1330 655 1386 quisque
689 1329 962 1385 gubernator,
996 1328 1155 1386 probus
1191 1329 1372 1385 quisque
1395 1328 1471 1370 vir.
1499 1327 1551 1369 Et

130 1413 228 1441 sane
261 1398 562 1456 imputabilitas
596 1412 635 1442 et
669 1401 888 1454 meritum,
921 1413 967 1442 ut
999 1401 1083 1442 iam
1120 1399 1304 1442 diximus
1349 1399 1514 1456 saepius
1538 1431 1548 1450 ,

133 1481 232 1512 sunt
284 1472 565 1527 proprietates
613 1480 887 1529 consequentes
935 1471 1220 1514 moralitatem
1239 1507 1250 1524 ,
1299 1470 1382 1513 hoc
1430 1481 1553 1528 pacto

131 1541 247 1598 quod.
279 1541 579 1600 imputabilitas
612 1543 663 1586 ad
696 1542 865 1586 laudem
899 1556 939 1586 et
973 1543 1177 1585 meritum
1212 1541 1261 1585 ad
1307 1542 1550 1599 praemium

131 1626 453 1670 consequuntur
487 1612 737 1667 bonitatem,
757 1613 1060 1671 imputabilitas
1089 1628 1191 1656 vero
1216 1612 1266 1656 ad
1289 1612 1552 1670 vituperium
1574 1633 1583 1637 -

132 1696 174 1726 et
202 1683 461 1728 demeritum
491 1698 813 1743 consequuntur
835 1686 1084 1743 pravitatem
1120 1684 1342 1728 moralem.

134 1832 254 1877 ligitur
280 1844 321 1867 ex
348 1834 534 1878 Magistro,
562 1836 595 1868 in
626 1845 655 1869 2.
672 1844 761 1869 sent.
781 1835 857 1869 dist.
875 1844 941 1878 27„
959 1843 992 1869 et
1020 1846 1061 1868 ex
1089 1846 1115 1868 s.
1132 1834 1294 1869 Thoma.
1316 1844 1342 1867 1.
1361 1843 1391 1866 2.
1413 1844 1444 1878 q.
1476 1842 1551 1875 114.

133 1900 198 1926 art.
230 1903 272 1934 1.,
298 1901 401 1938 atque
439 1906 480 1927 ex
518 1894 596 1927 aliis
633 1894 878 1928 communiter
910 1893 1054 1927 ibidem.
1085 1907 1102 1925 ))
1141 1894 1190 1927 Ita
1217 1893 1380 1937 Esparza‚
1415 1891 1459 1925 de
1484 1899 1550 1926 act.

132 1952 232 1987 hum.
261 1962 392 1998 quaest.
424 1962 478 1995 30.
508 1953 564 1988 Cf.
593 1953 635 1988 de
662 1954 841 1995 Valentia,
870 1954 905 1988 in
937 1965 964 1989 1.
992 1964 1026 1988 2.
1051 1953 1137 1999 disp.
1156 1953 1254 1987 VIII.
1274 1965 1307 1999 q.
1325 1951 1358 1986 6.
1376 1961 1498 1997 punct.
1525 1962 1551 1986 1.

229 2012 285 2056 (1)
315 2025 332 2043 «
361 2012 510 2046 Definiri
536 2022 654 2057 potest
681 2015 874 2048 meritum:
905 2013 1080 2058 exigentia
1105 2013 1356 2053 retributionis,
1386 2022 1466 2058 quae
1493 2022 1552 2045 ac·

133 2072 222 2105 tioni
248 2072 328 2106 inest
366 2072 403 2106 ob
431 2072 702 2116 emolumentum,
734 2073 823 2119 quod
862 2073 962 2107 alteri
1000 2072 1143 2118 confert.
1182 2072 1409 2107 Demeritum
1445 2082 1550 2105 vero:

133 2132 300 2176 exigentia
328 2132 570 2173 retributionis,
596 2144 678 2178 qnae
708 2135 833 2167 actioni
859 2133 943 2167 inest
977 2133 1015 2166 ob
1047 2133 1295 2174 (tutamentum,
1333 2131 1419 2177 qnod
1452 2131 1552 2165 alteri

133 2192 242 2236 affert.
270 2191 482 2233 Retributm,
513 2202 617 2237 quam
645 2192 814 2226 meritum
842 2192 899 2227 vel
926 2192 1141 2226 demeritum
1171 2191 1328 2237 exigunt,
1359 2198 1411 2224 est
1429 2190 1549 2224 bonum

129 2251 185 2284 vel
211 2252 337 2286 malum
364 2251 469 2285 alicui
494 2250 743 2296 conserendum,
774 2264 836 2297 quo
863 2252 1123 2286 emolumentum
1157 2251 1212 2285 vel
1248 2249 1487 2284 detrimentum
1513 2261 1553 2283 ex

132 2311 202 2344 eius
229 2312 357 2346 actione
379 2310 581 2358 profectum,
608 2310 782 2345 secundnm
809 2312 956 2357 aliquem
983 2311 1133 2346 institiae
1159 2309 1305 2352 modum,
1337 2307 1551 2354 adaequetur.

131 2370 346 2413 Retributio,
375 2382 465 2417 quae
490 2371 614 2405 merito
641 2371 802 2413 debetur,
843 2371 973 2405 dicitur
1005 2370 1200 2417 praemimn
1236 2370 1293 2403 vel
1330 2378 1453 2402 merces
1491 2376 1551 2402 aut

133 2429 346 2474 stipendium,
373 2430 402 2464 si
430 2441 471 2464 ex
496 2439 603 2475 pacto
643 2429 678 2464 in
704 2440 785 2464 eam
824 2438 1044 2464 conventum
1082 2427 1204 2463 fuerit:
1246 2438 1335 2474 quae
1374 2426 1549 2461 demerito

130 2488 323 2535 irroganda
349 2498 411 2532 est,
433 2490 579 2536 punitio,
600 2496 725 2536 poena.
755 2503 773 2522 »
801 2490 853 2524 Ita
879 2488 1191 2535 Tongiorgi,Eth.
1217 2498 1319 2523 num.
1347 2496 1404 2532 97.
1431 2486 1489 2532 98.

231 2549 287 2593 (2)
314 2548 392 2584 Lib.
420 2548 462 2582 de
490 2558 577 2595 grat.
607 2557 639 2583 et
668 2549 727 2584 lib.
754 2549 827 2583 arb.
855 2559 930 2595 cap.
956 2550 988 2583 6.
