1734 2784
756 68 813 76 —
848 57 929 99 314
963 68 1020 77 —.

178 139 245 181 lex
280 153 366 180 non
402 138 584 180 humana
617 139 682 194 sit,
715 137 789 180 sed
823 137 978 193 divina,
1011 137 1136 195 idque
1169 138 1370 182 omnibus
1403 139 1456 182 sit
1487 139 1591 182 satis

179 221 449 266 compertum
485 208 569 266 (1),
605 209 701 251 hinc
734 208 794 261 fit,
828 221 874 251 ut
906 208 1047 251 nullus
1080 210 1133 251 sit
1166 209 1315 264 homo,
1352 211 1427 268 qui
1461 211 1596 268 peni-

179 294 245 322 tus
281 282 447 333 ignoret
495 281 761 322 existentiam
803 280 920 322 Entis
969 281 1163 337 supremi
1195 280 1352 338 aliquas
1405 283 1591 325 actiones

181 350 459 408 prohibentis,
496 352 790 408 praecipientis
826 351 937 408 alias,
971 367 1045 394 seu
1081 352 1345 394 existentiam
1387 353 1468 395 Dei
1514 351 1598 396 sub

179 436 388 479 conceptu
412 424 632 465 communi
659 435 698 465 et
721 423 883 480 vulgari
909 424 1096 480 supremi
1120 423 1389 480 legisla‘toriS.
1411 449 1466 456 —
1490 423 1594 467 Inde

179 506 319 535 autem
355 492 534 535 solvitur
567 494 762 550 quaestio
798 493 898 536 haec
930 494 1022 549 alia,
1049 506 1192 536 utrum
1225 494 1350 537 Athei
1385 494 1471 537 dari
1495 509 1595 552 pos-

180 565 298 606 sint?
333 564 721 617 Quemadmodum
758 564 846 607 lieri
881 566 1027 622 nequit
1062 578 1106 607 ut
1141 565 1291 622 aliquis
1325 565 1504 622 adultus,
1528 581 1596 608 ra-

180 636 310 677 tionis
346 652 471 677 usum
522 635 690 687 liabens,
726 635 868 692 legem
916 636 1152 679 naturalem
1202 652 1377 693 prorsus
1426 637 1594 693 ignoret

180 706 319 762 quoad
354 707 619 763 generaliora
656 709 745 750 eius
783 721 1015 765 praeceptag
1051 710 1104 751 ita
1136 708 1224 751 fieri
1258 709 1418 766 nequit,
1442 721 1487 751 ut
1511 708 1591 751 Dei

180 778 256 820 sub
290 779 370 820 lioc
406 779 663 834 legislatoris
699 792 906 836 conceptu
942 781 1208 823 existentiam
1243 781 1422 823 omnino
1454 792 1495 823 et
1526 780 1596 822 in-

180 849 433 892 vincibiliter
469 852 652 906 ignoret.
689 851 841 907 Neque
875 851 971 893 inde
995 850 1146 894 inferas
1174 851 1279 894 lianc
1302 851 1594 908 cognitionem

180 922 425 963 existentiae
460 923 556 974 Dei,
591 937 682 964 esse
717 922 1021 966 immediatam.
1058 922 1256 965 Procedit
1293 923 1407 965 enim
1442 938 1492 964 ex
1523 922 1598 964 tri-

180 990 255 1032 bus
290 991 370 1033 illis
406 992 586 1048 iudiciis,
621 992 671 1034 de
706 992 872 1049 quibuS,
908 1005 952 1035 ut
985 994 1068 1035 iam
1103 993 1301 1049 diximus,
1336 993 1594 1036 conscientia

179 1062 301 1103 nobis
334 1074 528 1115 testatur,
554 1079 745 1120 quaeque
780 1063 971 1120 profecto
1006 1064 1162 1122 aliquid
1196 1077 1294 1107 sunt
1318 1077 1519 1121 creatum,
1542 1080 1595 1106 ex

180 1148 265 1188 quo
299 1134 407 1175 entis
442 1134 612 1175 increati
647 1134 914 1176 existentiam
959 1136 1177 1191 arguimus
1212 1150 1234 1176 a
1267 1133 1514 1192 posteriori,
1546 1133 1601 1176 ab·

179 1203 327 1246 effectu
353 1205 558 1246 nimirum
593 1205 859 1248 ascendendo
894 1205 944 1249 ad
980 1222 1163 1249 causam.

306 1289 397 1317 112.
434 1277 684 1319 Scuomox.
710 1277 775 1320 Ad
810 1276 1031 1319 solvendas
1066 1277 1348 1330 obiectiones,
1373 1278 1474 1321 haec
1496 1289 1595 1320 sunt

182 1347 258 1388 rite
292 1346 605 1403 perpendenda.

306 1416 382 1474 1.‘')
417 1418 895 1475 Cont1·oversiae,quae
929 1419 1038 1460 inter
1061 1419 1187 1479 „ipsos
1221 1420 1278 1461 rei
1315 1418 1486 1461 moralis
1520 1418 1597 1461 do-

182 1500 318 1530 ctores
343 1490 571 1545 agitantur,
597 1504 683 1531 non
708 1490 789 1531 iam
826 1490 1056 1547 respiciunt
1083 1489 1441 1532 universalissima
1468 1490 1598 1548 primi

181 1559 336 1602 ordinis
370 1560 593 1617 principia,
629 1575 767 1617 neque
800 1561 926 1603 etiam
960 1561 1125 1604 secundi
1156 1561 1311 1604 ordinis
1361 1572 1595 1618 praecepta,

183 1645 289 1686 quae
323 1646 420 1673 sane
454 1631 502 1673 ab
537 1630 736 1673 omnibus
771 1631 1019 1674 doctoribus
1053 1633 1309 1675 unanimiter
1342 1645 1381 1675 et
1424 1631 1599 1675 indubi-

181 1713 317 1743 tanter
360 1702 657 1746 admittuntur:
706 1702 780 1746 sed
812 1715 1034 1746 versantur
1083 1705 1190 1746 circa
1237 1703 1306 1746 illa
1337 1703 1414 1746 alia
1460 1704 1596 1760 magis

183 1774 363 1816 mediata
397 1776 506 1817 tertii
539 1774 693 1817 ordinis
727 1787 961 1832 praecepta,
992 1775 1059 1819 vel
1093 1777 1234 1833 potius
1271 1777 1375 1818 circa
1408 1774 1594 1832 applica-

182 1845 319 1886 tiones
355 1846 662 1901 principiorum
697 1846 762 1889 vel
796 1859 1120 1903 praeceptorum
1155 1845 1410 1889 naturalium
1446 1845 1497 1889 ad
1530 1862 1596 1888 ca-

182 1930 277 1958 sum
312 1916 497 1974 aliquem
532 1918 838 1974 particularem3
874 1930 1017 1960 utrum
1052 1934 1185 1960 necne
1229 1917 1320 1960 talis
1370 1918 1593 1974 responsio

183 1988 223 2029 in
258 1987 408 2030 talibus
456 1988 661 2031 adiunctis
696 1990 747 2032 sit
795 2005 939 2032 revera
988 1989 1196 2032 censenda
1238 1989 1398 2032 locutio
1447 2000 1595 2031 contra

183 2072 371 2102 mentem
406 2075 478 2102 seu
515 2061 802 2117 mendacium,
824 2073 969 2104 utrum
993 2076 1124 2103 necne
1148 2061 1369 2117 occupatio
1404 2061 1463 2103 rei
1485 2059 1593 2102 illius

182 2130 224 2171 in
257 2129 407 2173 talibus
441 2132 769 2175 circumstantiis
803 2131 943 2175 haberi
993 2131 1138 2174 debeat
1171 2144 1389 2188 tamquam
1438 2130 1590 2174 ablatio

182 2202 241 2243 rei
274 2201 449 2255 alienae,
484 2204 617 2246 invito
666 2202 970 2246 rationabiliter
1017 2202 1211 2259 domino,
1258 2219 1331 2244 seu
1376 2214 1594 2260 tamquam

181 2287 334 2315 verum
368 2273 546 2318 furtum.

279 2511 334 2554 (t)
361 2510 454 2545 Vide
481 2522 578 2545 num.
612 2521 685 2545 101.
713 2522 853 2557 argum.
875 2511 922 2544 I.m

1695 907 1719 1127 g

1701 1133 1712 1166 ,ἱ
