1734 2784
138 163 246 206 hanc
277 162 419 219 legem
454 178 546 206 esse
577 178 666 207 non
698 163 946 222 humanam,
980 164 1056 209 sed
1089 164 1293 220 divinam,
1330 168 1450 210 omni
1485 167 1563 211 ho-

140 234 248 277 mini
294 234 543 291 impositam
576 233 624 277 ab
658 234 746 291 illo,
778 236 850 293 qui
886 248 1035 278 auctor
1066 248 1128 279 est
1161 236 1370 281 hominis.
1405 264 1458 272 —
1490 240 1565 282 Est

136 305 188 350 ab
220 305 411 349 humano
461 305 587 349 corde
635 307 865 352 indelebilis.
919 309 963 352 Si
1008 309 1126 351 enim
1176 309 1476 354 consideretur
1521 314 1564 355 in

139 386 232 421 actu
259 378 408 435 primo,
441 389 505 420 est
536 376 827 432 inauferibilis,
861 379 1231 436 quemadmodum
1281 379 1567 425 inauferibilis'

141 462 204 493 est
236 450 326 507 ipsa
356 449 556 493 naturalis
590 449 851 507 intelligendi
885 450 1072 509 facultas,
1106 452 1155 495 ad
1191 469 1319 510 quam
1364 456 1558 511 pertinet:

142 520 255 563 unde
278 520 361 563 hoc
384 519 518 563 modo
541 521 584 563 in
608 521 750 580 pueris
775 522 901 564 etiam
925 535 965 565 et
987 522 1224 565 amentibus
1252 526 1560 584 reperitur(1).

141 593 216 636 Sin
248 604 391 634 autem
425 591 719 647 consideretur
750 594 791 636 in
823 602 913 637 actu
959 595 1152 647 secundo,
1200 611 1274 637 seu
1326 596 1366 637 in
1411 597 1563 640 actuali

140 664 306 720 notitia,
352 675 416 706 est
463 663 711 721 indelebilis,
759 678 966 722 quatenus
1016 665 1236 708 obscurari
1273 666 1314 708 in
1350 666 1560 724 aliquibus

141 747 295 794 potest,
328 750 479 779 verum
513 736 662 778 saltem
695 736 836 794 quoad
884 737 1148 794 generaliora
1195 739 1286 780 eius
1339 751 1562 796 praecepta

140 807 330 864 ignorari
364 806 658 850 invincibiliter
692 809 850 865 nequit.
889 835 940 839 —
977 809 1048 850 Est
1079 817 1256 852 aeterna.-
1293 824 1379 851 non
1414 822 1560 866 quate-

140 895 220 922 nus
254 877 302 921 ab
337 889 507 921 aeterno
541 879 595 921 sit
628 880 669 921 in
702 878 915 922 intellectu
951 892 1106 933 creato,
1144 880 1217 922 sed
1251 894 1459 937 quatenus
1491 897 1560 924 na-

140 951 290 995 turalia
311 952 378 994 illa
400 950 676 994 enunciabilia
700 951 853 994 habent
876 964 1088 995 aeternam
1112 953 1349 994 veritatem.
1374 951 1441 995 Ad
1467 968 1558 995 rem

141 1025 299 1067 Suarez
331 1023 414 1082 (2):
456 1042 476 1065 «
508 1025 626 1067 Licet
658 1023 724 1066 lex
756 1023 954 1066 naturalis
980 1023 1060 1067 dici
1086 1024 1221 1081 possit
1257 1024 1399 1081 aliquo
1426 1024 1561 1067 modo

140 1108 324 1149 aeterna,
359 1096 503 1153 utique
537 1095 720 1138 obiective
754 1110 827 1137 seu
861 1095 994 1152 quoad
1034 1111 1107 1138 esse
1151 1097 1355 1149 essmtirze,
1391 1095 1553 1138 nihilo-

139 1167 280 1209 minus
315 1179 442 1224 prout
474 1167 613 1209 existit
646 1167 687 1208 in
721 1167 935 1220 creaturis,
970 1184 1020 1209 ex
1054 1180 1247 1225 tempore
1279 1169 1436 1225 incepit
1461 1183 1557 1209 cum

139 1250 339 1281 creatura.
375 1255 396 1277 »

256 1310 415 1367 Restat,
448 1322 494 1353 ut
528 1308 578 1352 de
611 1310 848 1367 obligatione
881 1326 925 1353 ac
960 1310 1011 1353 de
1045 1313 1246 1354 sancliune
1291 1311 1397 1368 legis
1432 1325 1560 1354 natu-

135 1379 231 1423 ralis
255 1396 445 1438 agamus,
473 1382 599 1434 Quae
621 1380 707 1424 duo
733 1382 787 1423 ita
811 1382 993 1424 invicem
1018 1398 1060 1425 se
1088 1382 1259 1436 habent,
1280 1395 1324 1425 ut
1350 1382 1559 1439 obligatio

136 1452 367 1510 antecedat,
401 1455 562 1497 sanctio
596 1453 888 1510 subsequatur.
925 1453 1029 1497 Ideo
1064 1455 1177 1496 enim
1207 1470 1228 1496 a
1262 1467 1377 1497 recto
1403 1455 1558 1512 guber-

134 1537 283 1568 natore
330 1526 492 1568 sanctio
537 1525 874 1578 determinatur,
909 1538 955 1568 ut
1004 1525 1070 1569 lex
1120 1538 1245 1583 atque
1294 1525 1496 1582 obligatio
1537 1541 1560 1568 a

136 1595 316 1640 subditis
349 1597 605 1655 impleatur:
640 1597 736 1641 ideo
771 1597 1015 1655 applicatur,
1049 1613 1122 1640 seu
1159 1599 1199 1639 in
1251 1610 1391 1640 actum
1426 1597 1559 1640 redu-

136 1669 258 1725 citur,
292 1670 389 1727 quia
422 1669 470 1712 ab
504 1670 562 1712 eis
595 1669 661 1713 lex
694 1682 734 1712 et
758 1668 961 1726 obligatio
988 1668 1158 1726 impleta
1183 1669 1262 1712 fuit
1298 1669 1363 1711 vel
1387 1668 1557 1712 violata.

136 1740 249 1783 Hinc
266 1742 429 1784 sanctio
455 1741 610 1784 dicitur
627 1741 757 1784 tutela
773 1740 895 1798 legiS,
917 1742 1235 1784 munimentum
1263 1740 1557 1797 obligationis,

134 1828 211 1856 nec
243 1826 329 1857 tam
363 1825 425 1856 est
459 1812 718 1857 elementum
767 1812 984 1855 essentiale
1033 1812 1150 1869 legis,
1187 1828 1311 1871 quam
1359 1811 1554 1856 eiusdem

133 1887 366 1943 proprietas
401 1885 466 1929 vel
500 1886 786 1928 necessarium
822 1884 1085 1928 attributum.

132 2069 189 2103 lex
213 2081 288 2103 non
314 2068 422 2103 fertur
449 2070 491 2103 ad
532 2081 836 2115 unumquemque,
862 2081 929 2115 qua
969 2070 1058 2104 talis
1087 2079 1149 2111 est,
1178 2071 1303 2104 Petrus
1344 2081 1377 2103 V.
1415 2081 1462 2112 g,
1492 2069 1556 2103 sed

132 2141 199 2175 qua
225 2129 383 2163 homo.»
412 2129 566 2174 Speciali
594 2130 711 2175 itaque
739 2130 849 2163 modo
876 2129 985 2163 habet
1021 2138 1146 2163 notam
1191 2129 1433 2175 generalitatis.

228 2189 284 2232 (1)
312 2189 389 2222 Huc
416 2187 499 2222 facit
527 2188 611 2221 illud
654 2200 680 2222 s.
708 2188 886 2230 Tliomae,
918 2200 945 2222 1.
976 2199 1006 2222 2.
1036 2201 1068 2234 q.
1095 2199 1151 2234 94.
1181 2200 1209 2222 a.
1245 2200 1271 2222 1.
1301 2187 1345 2221 ad
1377 2197 1418 2230 3.:
1451 2189 1552 2228 «Eo,

132 2247 226 2293 quod
253 2247 479 2281 habitualitcr
507 2248 606 2282 inest.
642 2247 857 2293 quaudoque
885 2248 1012 2293 aliquis
1054 2249 1101 2281 uti
1130 2259 1203 2281 non
1247 2257 1364 2293 potest
1407 2256 1553 2292 propter

132 2307 275 2353 aliquod
303 2307 615 2352 impedimentum.
643 2308 732 2341 sicut
759 2307 871 2341 homo
901 2318 975 2341 non
1005 2316 1123 2352 potest
1153 2308 1200 2340 uti
1230 2307 1355 2341 habitu
1382 2306 1556 2340 scientiae

133 2377 281 2413 propter
305 2378 488 2402 somnum:
516 2376 550 2402 et
577 2367 739 2402 similiter
767 2379 853 2413 puer
879 2378 953 2401 non
983 2376 1101 2413 potest
1131 2367 1180 2401 uti
1208 2366 1329 2400 habitu
1349 2367 1556 2401 intellectus

130 2426 405 2473 principiorum,
433 2426 490 2460 vel
515 2427 624 2461 etiam
652 2426 731 2472 lege
770 2426 935 2469 naturali,
969 2438 1057 2472 quac
1105 2427 1137 2460 ei
1178 2426 1409 2460 habitualiter
1448 2426 1559 2466 inest,

133 2495 279 2532 propter
305 2486 485 2521 defectum
512 2486 649 2521 aetatis.
670 2502 685 2517 »

226 2547 283 2592 (2)
311 2547 365 2582 De
393 2547 460 2593 leg.
488 2548 510 2581 l.
544 2558 572 2582 1.
601 2558 632 2581 e.
668 2557 720 2581 ιο.
751 2559 849 2581 num.
885 2557 912 2581 1.
