1734 2784
762 126 1025 168 -410-

185 205 290 264 qnod
323 205 400 259 lex,
436 214 476 247 lt!
510 206 664 263 obliget,
698 206 806 250 debet
839 222 913 251 esse
946 217 1049 252 certa
1084 225 1130 254 ae
1163 211 1396 269 manifesta,
1419 210 1598 268 debetque

188 279 246 320 nti
263 286 367 322 certa
388 278 645 335 manifestari
660 279 743 322 sive
764 281 1002 324 innotescere
1020 282 1171 326 homini
1187 284 1252 327 cui
1269 283 1596 340 manifestatur.»

189 375 243 382 —
265 351 313 393 Et
332 365 429 393 sane
450 350 530 393 hoc
550 364 612 394 est
629 350 836 395 voluntati
871 352 1087 398 evidenter
1119 356 1410 414 propositum,
1438 371 1481 399 se
1514 370 1605 399 esse

188 423 250 465 sui
287 422 390 465 iuris
424 436 463 466 et
498 422 649 467 habere
683 423 761 466 sibi
795 423 1004 468 subiectas
1030 437 1204 484 ceteras,
1224 442 1331 485 quae
1364 428 1406 470 in
1430 426 1605 470 homine

187 507 300 547 sunt,
335 493 565 538 facultates.
602 496 697 538 Hoc
731 496 795 539 ius
830 509 892 540 est
926 509 1118 541 certum:
1155 499 1218 541 ius
1262 510 1406 543 autem
1440 509 1604 542 certum

187 581 260 624 per
284 566 487 610 incertam
511 568 806 625 exceptionem
829 584 916 612 non
936 568 1183 623 destruitur,
1208 586 1346 629 neque
1370 581 1605 615 coarctatur

188 653 257 683 aut
280 639 567 698 suspenditur.
588 641 810 695 Quamdiu
829 642 959 699 igitur
983 655 1081 701 post
1099 643 1329 688 adhibitam
1357 642 1606 701 diligentem

188 713 516 770 inquisitionem
538 728 624 757 non
648 714 894 773 innotescit,
919 714 1164 760 dominium
1189 715 1290 760 illud
1319 728 1482 760 certum
1513 715 1608 773 lege

187 784 323 843 aliqua
356 786 565 829 contraria
598 787 793 844 restringi
838 787 979 846 quoad
1023 786 1205 847 aliquem
1240 799 1399 843 actum,
1444 787 1606 832 tamdiu

186 856 384 901 voluntas
418 870 560 902 manet
592 859 634 901 in
666 859 809 917 priore
835 860 901 902 sui
934 860 1036 903 iuris
1071 861 1398 919 possessione‚a
1431 875 1513 919 qua
1535 875 1610 918 per

187 930 391 973 incertam
425 931 722 989 exceptionem
756 946 849 983 non¹
878 931 1142 976 deturbatur.
1178 934 1295 977 Haec
1328 933 1434 976 ratio
1467 932 1609 976 conci-

188 1000 331 1060 piendi
363 1000 478 1060 leges
512 1018 533 1046 a
565 1003 662 1046 Deo
712 1003 778 1047 vel
813 1019 885 1063 per
941 1005 1131 1064 seipsum
1178 1003 1245 1049 vel
1292 1021 1364 1062 per
1412 1003 1610 1048 homines

188 1086 407 1132 tamquam
442 1089 543 1118 suos
580 1076 801 1119 ministros
838 1076 1087 1135 impositas,
1122 1092 1210 1120 non
1259 1088 1322 1121 est
1368 1074 1610 1134 infrequens

189 1161 319 1204 penes
352 1159 574 1192 auctores:
609 1163 676 1191 eas
710 1147 870 1192 scilicet
921 1149 1168 1207 concipiunt
1214 1161 1434 1207 tamquam
1485 1163 1612 1192 exce-

190 1218 356 1275 ptiones
390 1219 492 1261 iuris
540 1219 680 1275 illius,
731 1219 846 1277 quod
895 1219 1102 1264 voluntati
1151 1222 1270 1264 Deus
1314 1218 1465 1264 indidit
1514 1234 1612 1277 erga

191 1291 336 1333 omnia
368 1291 567 1335 inferiora
591 1304 677 1335 tam
701 1293 809 1336 intra
829 1308 956 1351 quam
975 1304 1087 1336 extra
1116 1292 1338 1344 hominem
1361 1292 1445 1350 (1)
1465 1295 1611 1350 Itaque

191 1363 253 1407 lex
287 1360 412 1408 dubia
445 1380 525 1408 non
559 1365 703 1423 obligat
736 1367 761 1408 i.
797 1381 830 1409 e.
865 1365 943 1419 lex,
979 1366 1096 1409 cuius
1131 1365 1350 1409 existentia
1400 1376 1499 1423 post
1531 1362 1610 1407 ad-

191 1435 367 1479 hibitam
402 1435 653 1495 diligentem
687 1437 1011 1495 inquisitionem
1053 1449 1194 1481 manet
1245 1437 1399 1480 incerta
1421 1472 1431 1491 ‚
1465 1435 1614 1494 nequit

195 1509 419 1566 imponere
453 1520 609 1553 certam
644 1508 970 1567 obligationem.

314 1580 395 1639 20)
430 1581 543 1625 Cum
578 1581 726 1639 procul
761 1581 890 1625 dubio
925 1583 1163 1640 requiratur
1192 1581 1491 1626 conscientiam
1524 1595 1615 1624 esse

195 1666 350 1696 certam
365 1653 599 1707 moraliter,
614 1655 830 1711 quaeritur
842 1666 989 1697 utrum
1008 1654 1177 1712 sufficiat
1197 1653 1406 1697 certitudo
1425 1653 1614 1707 moralis,

194 1740 245 1768 an
265 1741 365 1768 vero
385 1727 520 1769 maior
540 1725 677 1785 aliqua
697 1725 906 1769 certitudo
928 1727 1126 1783 exigatur.
1144 1725 1405 1784 Respondeo
1423 1724 1616 1768 sufficere

196 1799 402 1842 moralem
439 1799 752 1856 certitudinem,
786 1799 873 1842 sive
897 1798 947 1842 ad
971 1797 1321 1842 concludendum
1349 1798 1500 1842 licitam
1523 1813 1615 1841 esse

198 1872 409 1915 actionem
428 1871 492 1914 vel
518 1872 814 1928 omissionem,
838 1871 925 1914 sive
949 1870 999 1914 ad
1038 1868 1379 1915 concludendum
1405 1870 1616 1914 actionem

197 1943 264 1987 vel
299 1943 581 1986 omissionem
617 1958 706 1986 esse
740 1942 1035 2000 obligatoriam.

317 2016 368 2058 Et
402 2016 564 2059 sanein
588 2031 839 2072 unaquaque
858 2014 1032 2057 materia
1065 2014 1252 2057 contenti
1287 2028 1378 2057 esse
1411 2012 1616 2057 debemus

200 2087 448 2131 certitudine
483 2086 577 2141 illa,
620 2103 746 2146 quam
776 2087 1013 2145 generatim
1048 2086 1246 2129 materiae
1289 2086 1421 2144 ipsius
1469 2097 1617 2128 natura

199 2159 395 2203 admittit.
435 2161 565 2217 Atqui
598 2158 787 2212 moralis,
814 2160 855 2201 in
880 2173 959 2216 qua
985 2171 1219 2213 versamur,
1239 2157 1410 2200 materia
1448 2169 1492 2199 ut
1525 2155 1616 2214 plu-

200 2231 360 2273 rimum
399 2246 484 2274 non
518 2232 674 2289 patitur
705 2231 787 2273 nisi
823 2228 1120 2273 certitudinem
1172 2228 1391 2272 moralem.
1427 2229 1541 2285 Ergo
1575 2228 1618 2270 in

200 2303 275 2345 bac
310 2304 481 2346 materia
516 2318 690 2347 morum
726 2315 769 2345 ut
802 2302 1036 2360 plurimum
1071 2302 1260 2345 contenti
1293 2316 1385 2344 esse
1410 2299 1615 2344 debemus

297 2526 348 2562 (π’)
378 2524 429 2561 Cf.
460 2526 622 2570 Esparzav
650 2536 711 2569 op.
741 2526 796 2558 cit.
826 2535 959 2571 quaest.
989 2524 1108 2559 XXIII
1137 2533 1168 2558 ct
1195 2522 1328 2558 XXIY.

1725 1116 1730 1125 -
1705 750 1730 1094 ψ’·..ινιὲἱῦἒζὲᾹ-αμεεήιωὲη,
1709 686 1725 710 ⁴»
1722 654 1727 661 c
