1734 2784
761 114 1027 169 -430-

278 221 354 254 ¹30·
381 210 697 244 Demonstratio.
726 230 742 233 »-
775 209 877 244 1.Est
894 208 960 243 hac
981 209 1015 242 in
1044 209 1114 243 vita
1144 208 1262 255 aliqua
1281 208 1432 260 praemii
1451 218 1484 244 et

372 280 510 315 poenae
535 269 698 302 sanctio:
729 268 927 303 ostenditur
953 287 997 294 —
1025 276 1239 313 argumento
1267 279 1285 302 a
1304 267 1411 314 priori
1439 288 1485 294 —-

372 338 586 374 argumento
602 340 620 362 a
636 326 887 373 posteriori.—
904 337 934 362 2.
948 327 1032 361 Non
1054 336 1106 362 est
1125 337 1247 362 tamen
1264 326 1417 373 perfecta
1437 346 1480 354 —

371 396 408 420 ut
429 398 517 433 quac
537 397 610 420 non
631 386 824 431 respondet
840 387 1102 420 convenienter
1128 387 1260 421 merito
1279 385 1336 421 vel
1363 386 1484 420 deme-

373 447 441 480 rito
470 445 657 479 actionum
684 464 728 471 —
756 456 872 491 neque
899 454 951 479 est
980 457 1021 480 ex
1049 456 1085 479 se
1113 454 1195 491 apta
1215 444 1257 479 ad
1287 444 1484 479 humanam

374 504 601 538 voluntatem
629 504 664 538 in
683 502 805 538 officio
825 503 1098 538 continendam.
1117 523 1160 529 —
1184 513 1211 546 3.
1231 504 1326 550 Ergo
1346 504 1484 538 sanctio

372 563 460 609 legis
487 562 656 597 naturalis
684 562 838 608 perfecta
864 562 1021 597 futuram
1062 563 1203 609 respicit
1243 563 1364 597 vitam,
1419 591 1426 597 .
1477 591 1483 597 .
1536 560 1608 608 346
1652 595 1654 598 ,
1678 594 1681 598 ⁴

191 634 370 677 Thesis
402 634 538 677 XLV.
572 659 629 666 —
661 633 711 676 In
744 649 821 691 quo
848 635 1031 691 praemio
1066 634 1129 676 vel
1166 634 1208 675 in
1252 648 1332 691 qua
1358 642 1487 691 poena

360 707 551 748 consistat
577 705 754 762 perfecta
801 705 874 747 illa
919 704 1012 761 legis
1061 705 1267 748 naturalis
1315 706 1484 761 sanctio,

359 791 460 834 quae
496 778 536 818 in
568 777 700 819 altera
737 778 824 820 vita
859 776 987 820 locum
1012 775 1178 819 habebit.
1244 811 1251 819 .
1321 809 1329 818 .
1395 811 1404 820 .
1468 811 1476 820 .
1514 789 1596 833 353

282 869 354 902 13¹·
382 861 694 896 praenotiones.
724 880 767 886 -
794 861 996 906 Exponitur
1022 869 1133 894 status
1177 861 1408 907 quaestionis.
1438 880 1481 886 —

374 919 447 953 Cur
472 920 661 964 praecipue
687 928 866 964 spectetur
903 920 1041 954 sanctio
1082 919 1254 965 poenalis.
1295 948 1302 954 .
1355 947 1362 954 .
1415 947 1422 954 .
1474 948 1480 954 .
1556 920 1603 954 ib.

282 986 358 1020 132.
388 978 706 1013 Demonstratio.
737 1000 776 1004 —
809 990 836 1013 1.
865 978 976 1012 Fideli
1004 978 1093 1024 legis
1111 978 1280 1013 naturalis
1300 979 1484 1014 custodiae

370 1036 411 1070 ad
441 1037 575 1071 exitum
602 1049 713 1083 usque
739 1038 902 1072 mortalis
928 1038 1033 1072 huius
1061 1039 1156 1073 vitae
1175 1038 1371 1084 respondet
1391 1049 1482 1073 con-

373 1097 510 1130 secutio
537 1096 616 1130 finis
643 1097 771 1137 ultimi,
802 1106 836 1132 et
863 1097 962 1143 gravi
998 1097 1158 1131 eiusdum
1195 1097 1385 1132 violationi
1425 1109 1485 1132 re-

371 1155 524 1200 spondet
549 1155 632 1190 finis
659 1155 779 1190 ultimi
806 1157 968 1190 amissio.
997 1176 1040 1182 —
1071 1166 1101 1190 2.
1127 1155 1297 1191 Exclusio
1329 1156 1416 1190 haec
1443 1157 1486 1191 ab

375 1214 504 1248 ultimo
520 1214 589 1248 fine
605 1224 657 1249 est
671 1227 753 1249 vera
767 1215 905 1249 sanctio
921 1215 1098 1260 poenaIiS,
1121 1215 1319 1261 eademque
1339 1227 1486 1260 prorsus

380 1273 483 1311 iusta}
511 1293 553 1299 —
584 1283 613 1316 3.
640 1275 715 1308 Etsi
741 1275 785 1309 sit
813 1286 930 1320 poena
956 1275 1059 1317 iusta,
1086 1287 1158 1309 non
1187 1284 1310 1309 tamen
1340 1284 1394 1310 est
1413 1274 1485 1309 suf—

373 1331 497 1366 ficiens
524 1334 717 1378 impiorum
748 1334 899 1378 punitio,
925 1334 986 1368 sed
1013 1335 1204 1379 requiritur
1230 1343 1267 1368 ut
1287 1333 1486 1367 exclusioni

373 1391 415 1424 ab
444 1390 574 1424 ultimo
602 1391 671 1425 fine
699 1391 846 1426 accedat
873 1391 915 1424 ad
943 1392 1166 1437 puniendum
1193 1392 1326 1437 impios
1363 1391 1488 1436 positi-

371 1461 457 1483 vum
484 1451 577 1484 aliud
604 1460 888 1486 nocumentum:
909 1451 1015 1493 —ad
1035 1451 1067 1484 id
1085 1451 1313 1496 probandum
1334 1459 1485 1497 quatuor

374 1510 570 1545 afferuntur
595 1521 807 1557 argumenta
835 1523 862 1546 s*
889 1511 1057 1546 Thomae
1061 1538 1480 1546 ........
1512 1500 1517 1504 i
1552 1510 1600 1545 ib.

281 1579 357 1613 133.
385 1570 596 1604 Scholion.
613 1590 656 1596 -—
673 1571 783 1605 Notio
799 1570 950 1606 traditur
966 1570 1117 1616 duplicis
1134 1581 1286 1615 poenae:
1304 1590 1342 1595 --
1361 1569 1484 1603 damni

371 1637 405 1662 et
431 1640 569 1664 sensus.
637 1656 1479 1665 ...............
1531 1625 1599 1673 356

185 1699 363 1743 Thesis
394 1701 550 1744 XLVI.
585 1727 641 1734 —-
676 1702 875 1759 Perpetua
904 1710 1130 1759 poenarum
1156 1700 1338 1756 duratio,
1361 1714 1487 1758 quam

364 1771 572 1815 Catholica
605 1773 722 1816 Fides
754 1773 876 1826 docet,
911 1789 990 1816 non
1024 1772 1138 1815 modo
1172 1781 1295 1816 rectae
1323 1772 1479 1814 rationi

360 1858 441 1885 non
473 1851 686 1900 repugnat,
721 1844 788 1887 sed
821 1846 900 1887 imo
933 1859 1023 1888 cum
1046 1844 1184 1886 eadem
1215 1844 1410 1899 congruit.
1473 1876 1482 1885 .
1518 1855 1538 1898 3
1547 1841 1602 1905 58
1647 1837 1652 1840 ’

282 1934 360 1968 134.
388 1927 698 1961 Praenotiones.
728 1927 826 1969 Quid
852 1927 919 1961 hac
947 1927 981 1960 in
1010 1937 1045 1960 re
1072 1927 1116 1960 sit
1142 1926 1186 1959 de
1212 1925 1293 1960 fide.
1349 1953 1355 1959 .
1404 1950 1413 1959 .
1467 1953 1473 1960 .
1546 1923 1597 1959 ib.

285 1992 358 2026 135.
386 1985 705 2019 Demonstratio.
731 2004 776 2011 —
809 1996 838 2019 1.
867 1985 1014 2030 Dogma
1034 1984 1076 2019 de
1096 1992 1265 2030 perpetua
1284 1994 1484 2029 poenarum

373 2043 560 2078 duratione
587 2053 640 2079 est
665 2044 857 2079 conforme
884 2044 1107 2090 persuasioni
1128 2055 1169 2077 ac
1187 2043 1298 2078 veluti
1317 2054 1484 2088 praesen-

373 2103 467 2137 sioni
483 2104 634 2138 humani
653 2105 807 2151 generis.
821 2123 865 2130 —-
885 2115 917 2139 2.
943 2105 1052 2138 Recta
1067 2104 1158 2137 ratio
1177 2103 1326 2149 percipit
1347 2113 1485 2148 poenas

372 2170 534 2197 aeternas
561 2174 639 2197 esse
665 2163 775 2197 iustas
792 2182 838 2188 —
856 2162 1070 2209 easdemque
1101 2173 1178 2196 esse
1203 2161 1422 2196 necessarias
1441 2160 1485 2194 ad

372 2221 568 2256 humanam
586 2223 813 2257 voluntatem
829 2221 865 2256 in
882 2221 972 2268 legis
990 2221 1153 2256 custodia
1171 2220 1487 2254 continendam.-

375 2289 402 2322 3.
431 2280 537 2315 Ratio
562 2281 655 2315 bene
675 2281 839 2316 consulta
858 2281 965 2315 solvit
984 2279 1227 2322 difficultates,
1249 2290 1341 2325 quae
1360 2287 1485 2313 contra

372 2339 593 2383 praedictum
621 2340 754 2386 dogma
781 2339 920 2385 opponi
948 2347 1097 2385 possunt
1124 2358 1168 2364 —
1195 2349 1238 2373 ex
1257 2337 1376 2372 debita
1394 2337 1487 2371 inter

373 2397 513 2442 culpam
542 2407 575 2433 et
602 2409 759 2444 poenam
786 2398 1023 2444 proportione
1049 2417 1093 2424 —
1120 2408 1162 2431 ex
1187 2397 1261 2431 fine
1288 2408 1350 2431 seu
1369 2406 1481 2442 scopo

374 2457 570 2492 sanctionis
595 2458 760 2502 poenalis
786 2477 830 2484 —-
858 2469 900 2492 ex
924 2456 1086 2491 bonitate
1112 2456 1180 2491 Dei
1207 2475 1251 2482 —
1278 2467 1320 2490 ex
1347 2454 1486 2489 infinita

374 2516 448 2549 eius
475 2516 720 2551 misericordia
748 2537 790 2542 —
818 2529 861 2551 ex
897 2527 1032 2562 magna
1068 2515 1229 2550 hominis
1266 2513 1484 2548 infirmitate.

371 2593 419 2599 -—
443 2574 631 2621 Numquid
648 2588 722 2611 non
741 2586 860 2622 potest
879 2577 978 2610 Deus
997 2573 1103 2608 alicui
1120 2573 1304 2608 remittere
1322 2583 1481 2620 poenam
