1734 2784
706 147 766 153 ·-
799 135 882 178 345
919 149 971 154 -·

118 211 380 270 legislatoris
413 213 635 272 adaequate
669 228 854 274 spectata
887 233 1017 261 nemo
1051 233 1096 261 se
1129 218 1366 263 subducere
1391 234 1548 278 potest.

120 284 213 327 Etsi
246 285 361 328 enim
395 283 562 343 homo,
596 287 692 330 Deo
726 288 786 330 sic
819 285 1124 348 permittente,
1172 307 1216 334 se
1265 291 1482 337 subtrahat
1529 309 1550 337 a

120 356 216 413 lege
251 369 290 400 et
323 356 542 401 voluntate
574 360 859 417 praecipiente
892 363 960 405 vel
993 362 1264 421 prohibente,
1288 364 1435 408 incidit
1466 365 1550 409 hoc

123 428 220 486 ipso
252 428 295 471 in
327 427 469 485 legem
503 441 543 472 et
575 429 840 474 voluntatem
875 434 1150 488 sancientem,
1184 450 1230 477 ac
1272 435 1451 493 proinde
1484 436 1550 480 lex

116 510 160 543 et
189 498 388 543 voluntas
422 501 503 543 Dei
536 501 761 559 adaequate
797 504 1061 547 considerata
1110 521 1280 563 semper
1329 507 1546 565 impletur.

116 570 177 614 Ea
209 570 370 614 scilicet
404 571 488 614 huc
522 572 658 615 redit:
693 585 763 616 aut
796 572 924 618 libera
973 575 1172 618 voluntas
1222 590 1357 620 creata
1407 591 1546 622 servet

114 640 257 699 legem
291 654 361 685 aut
395 658 579 700 poenam
605 643 705 697 luat,
726 644 977 689 alterutrum
1006 659 1147 690 autem
1173 647 1314 691 divina
1346 649 1544 692 voluntas

112 727 286 771 semper
318 713 483 758 obtinet
515 715 600 774 (1).

232 785 308 829 IV.
344 785 461 829 Haec
496 788 639 830 onmia
677 787 983 831 confirmantur
1019 806 1068 832 ex
1112 791 1162 833 iis
1207 807 1313 848 quae
1358 792 1399 834 in
1434 792 1543 835 thesi

112 856 324 914 vigesima
345 859 527 915 septima
552 858 741 902 diximus
767 859 817 902 de
842 862 998 903 merito
1023 860 1233 904 bonarum
1258 877 1303 904 ac
1328 861 1541 905 demerito

114 927 323 971 malarum
358 930 574 972 actionum
625 929 736 987 apud
777 932 934 975 Deum.
981 932 1135 985 Quum
1185 933 1301 975 enim
1354 934 1542 977 actiones

113 1013 203 1043 non
236 1000 320 1042 sint
354 1001 567 1059 complete
600 1013 641 1044 et
675 1000 911 1045 formaliter
944 1002 1079 1046 bonae
1103 1003 1168 1046 vel
1205 1003 1338 1047 malae
1366 1005 1447 1047 nisi
1471 1021 1546 1062 per

113 1071 463 1117 conformitatem
492 1089 589 1117 cum
615 1073 708 1130 lege
732 1073 798 1116 vel
822 1073 1146 1118 difformitatem
1171 1091 1192 1118 a
1214 1074 1307 1132 lege
1331 1075 1416 1135 (2),
1444 1076 1543 1120 hinc

207 1298 264 1342 (1)
294 1297 435 1339 «Hinc,
465 1298 514 1332 ait
553 1298 693 1341 Suare2‚
720 1298 763 1333 de
803 1299 872 1345 leg.
901 1300 920 1335 l.
949 1300 992 1334 ΙΙ.
1034 1312 1062 1335 6.
1092 1312 1123 1336 2.
1164 1314 1199 1338 n.
1232 1303 1298 1345 16.‚
1338 1304 1543 1351 intelligere

110 1357 207 1400 licet,
234 1367 304 1403 quo
330 1367 436 1391 sensu
463 1368 590 1391 verum
621 1358 675 1400 sit,
704 1358 799 1404 quod
828 1370 854 1393 s.
883 1360 1106 1406 Augustinus
1134 1371 1242 1408 saepe
1281 1364 1421 1408 repetit,
1450 1364 1540 1398 nihil

114 1427 206 1460 esse,
235 1416 330 1463 quod
358 1416 471 1462 possit
499 1418 652 1451 omnino
679 1417 924 1464 subterfugere
951 1420 1143 1466 imperium
1170 1431 1336 1457 aeternae
1365 1424 1467 1469 legis,
1482 1436 1544 1459 ne-

111 1487 182 1524 que
207 1477 242 1510 in
271 1476 384 1519 caelo,
414 1488 529 1523 neque
557 1477 592 1511 in
620 1486 728 1520 terra,
758 1490 874 1525 neque
901 1479 936 1513 in
966 1478 1121 1523 inferno,
1141 1481 1217 1516 sive
1244 1483 1443 1528 peccando.
1468 1484 1543 1519 sive

111 1545 208 1572 recte
235 1536 432 1582 operando.
461 1537 556 1572 Nam
586 1537 669 1572 licet
696 1538 880 1584 peccando
909 1548 989 1585 agat
1018 1542 1096 1586 quis
1123 1550 1248 1575 contra
1274 1553 1383 1575 unam
1422 1543 1542 1589 legem

109 1605 293 1633 aeternam
320 1597 400 1639 Dei,
430 1598 464 1631 in
494 1597 599 1631 aliam
627 1598 906 1643 praecipientem
935 1593 1069 1642 incidit,
1100 1611 1190 1646 quae
1217 1601 1330 1643 iubet,
1361 1610 1396 1635 ut
1424 1613 1541 1648 quan-

111 1666 190 1693 tum
216 1657 250 1691 in
279 1658 421 1692 actione
449 1657 563 1691 homo
591 1656 723 1698 deficit,
753 1666 893 1692 tantum
922 1670 984 1704 per
1012 1659 1220 1704 passionem
1248 1670 1540 1706 compensetur...

112 1717 150 1754 Si
177 1718 254 1765 quis
281 1726 403 1752 autem
430 1727 526 1752 recte
554 1716 768 1760 consideret,
800 1718 855 1752 lex
883 1718 942 1752 illa
970 1720 1203 1765 praecipiens,
1233 1731 1323 1767 quae
1362 1721 1397 1755 in
1438 1721 1541 1756 malis

116 1777 284 1825 impletur
311 1788 372 1823 per
399 1788 555 1823 poenam
584 1786 617 1811 et
644 1777 679 1810 in
709 1778 811 1811 iustis
838 1789 901 1823 per
926 1779 1138 1823 praemium,
1165 1790 1239 1814 non
1266 1788 1401 1825 spectat
1421 1780 1464 1814 ad
1491 1780 1540 1816 16-

113 1848 196 1884 gem
223 1837 488 1882 praeceptivam
511 1836 703 1871 moralium
732 1846 874 1870 actuum
918 1847 1081 1883 respectu
1121 1847 1302 1873 creaturae
1338 1839 1536 1882 rationalis,

111 1897 176 1933 sed
202 1905 254 1931 est
280 1896 337 1930 lex
364 1896 531 1938 taxativa‚
561 1905 596 1930 ut
625 1896 672 1930 sic
714 1896 844 1938 dicam,
874 1896 956 1930 talis
996 1909 1134 1942 poenae
1161 1897 1218 1932 vel
1258 1899 1421 1944 praemii,
1448 1911 1537 1946 quae

112 1956 170 1992 lex
196 1968 258 2002 per
284 1956 480 1990 efficaciam
520 1955 662 1990 divinae
701 1955 950 2001 providentiae
985 1957 1027 1991 ad
1067 1957 1237 1992 effectum
1278 1959 1536 2004 perducitur.»

111 2017 202 2051 Item
228 2015 410 2057 palmeri,
438 2014 568 2049 Theol.
595 2024 665 2049 nat.
695 2026 769 2060 cap.
790 2015 847 2048 111.
875 2015 964 2049 thes.
994 2017 1174 2052 XXXIV:
1197 2018 1406 2052 «Voluntas
1430 2024 1538 2065 prae·

108 2075 233 2123 cipiens
260 2079 390 2109 tantum
421 2083 472 2108 est
500 2073 676 2116 voluntas,
706 2086 772 2120 qua
800 2075 898 2108 Deus
926 2074 1000 2109 vult
1029 2076 1147 2121 legem
1176 2088 1194 2110 a
1221 2088 1258 2112 se
1285 2077 1395 2112 latam
1416 2078 1540 2111 obser-

109 2135 194 2170 vari.
221 2135 439 2181 Praecipiens
464 2134 565 2167 simul
590 2138 618 2167 ct
644 2134 793 2168 sanciens
823 2142 873 2168 est
903 2134 1083 2176 voluntem,
1113 2147 1181 2180 qua
1209 2136 1306 2170 Deus
1342 2137 1417 2171 vult
1448 2136 1540 2182 legis

107 2192 399 2227 observationem
438 2199 599 2225 statuens
639 2190 746 2225 simul
787 2191 991 2236 praemium
1033 2192 1335 2235 observatoribus,
1380 2205 1537 2239 poenam

108 2252 444 2298 transgressoribus.
474 2251 571 2284 Haec
600 2251 711 2285 altera
739 2261 791 2285 est
819 2252 987 2285 voluntas
1014 2251 1231 2297 legislatoris
1258 2252 1457 2299 adaequata.
1478 2255 1536 2289 Ab

109 2313 177 2347 hac
203 2323 312 2346 nemo
340 2323 377 2346 se
403 2310 600 2345 subduccre
627 2319 760 2356 potest:
781 2311 845 2345 etsi
874 2311 970 2345 enim
989 2311 1129 2345 homini
1151 2313 1379 2357 permittatur
1397 2325 1434 2347 se
1454 2314 1539 2348 sub·

108 2371 248 2408 trahere
275 2383 293 2405 a
320 2371 507 2406 voluntate
535 2380 673 2406 tantum
703 2371 959 2417 praecipiente,
989 2371 1113 2406 incidit
1144 2372 1214 2406 hoc
1242 2372 1317 2419 ipso
1346 2375 1379 2407 in
1408 2373 1536 2407 volun-

109 2441 219 2468 tatem
247 2431 480 2466 sancientem.
498 2431 636 2465 Idcirco
663 2430 752 2464 haec
779 2430 947 2464 voluntas
974 2431 1188 2477 legislatoris
1217 2432 1416 2479 adaequata
1437 2445 1537 2468 sem-

110 2502 173 2538 per
199 2491 412 2536 impletur.»

204 2551 261 2595 (2)
288 2549 381 2586 Vide
409 2560 506 2583 num.
541 2548 618 2583 106.
647 2560 729 2596 pag.
760 2559 839 2591 294.
