1734 2784
648 100 940 148 ⁷⁸-141-

94 186 252 245 cipium
286 186 400 230 enim
434 186 475 229 in
507 187 609 244 ipsis
643 199 734 244 est;
766 203 866 230 nam
900 188 942 229 in
974 202 1127 231 eorum
1170 200 1380 246 potestate
1428 203 1516 234 erat

92 274 181 304 non
222 257 447 311 inebriari3
482 256 658 301 ebrietas
691 270 834 302 autem
869 274 991 306 causa
1015 259 1261 303 inscientiae
1285 274 1360 305 est.
1380 263 1512 306 Prae-

92 344 205 376 terea
237 331 280 374 in
313 345 416 387 eOS,
450 329 521 388 qui
554 330 712 388 aliquid
745 331 943 388 ignorant
985 346 1154 389 eorum⁷
1188 348 1295 390 quae
1345 332 1510 392 legibus

92 405 250 449 sancita
280 415 396 456 sunt,
431 418 538 460 quae
571 415 611 445 et
644 401 811 446 scienda
844 418 981 461 neque
1006 404 1180 461 cognitu
1206 404 1388 449 difficilia
1414 407 1512 464 sint,

91 474 446 535 animadvertunt:
479 473 678 531 idemque
711 472 756 516 fit
789 474 831 516 in
866 475 1030 531 ceteris,
1054 476 1126 533 qui
1148 475 1410 534 negligentia
1436 494 1511 522 sua

90 548 292 593 videntur
323 547 551 605 ignorare,
587 561 721 603 quum
754 544 875 589 liceat
913 547 1016 605 ipsis
1049 561 1137 591 non
1168 548 1403 607 ignorare3
1437 567 1521 609 po-

92 632 227 665 terant
259 619 374 663 enim
407 616 513 674 sibi,
561 629 607 659 ut
657 608 921 673 diligentiam
955 617 1216 673 adhiberent,
1250 621 1474 679 imperare.
1494 641 1517 663 »

91 693 284 736 Iamvero
318 705 455 748 poena
487 689 690 747 supponit
725 688 906 747 culpam,
942 689 1061 748 culpa
1103 706 1206 734 vero
1242 691 1491 739 libertatem.

212 764 422 817 Quaeres,
458 774 601 804 utrum
635 760 738 804 haec
771 762 1012 818 ignorantia
1045 763 1140 805 vinc
1161 762 1282 818 ibilis‚
1307 780 1414 822 quae
1437 781 1525 810 non

91 835 202 880 tollit
229 833 537 885 voluntarium,
562 831 712 875 saltem
735 834 963 876 imminuat
986 835 1143 891 ipsum.
1174 835 1259 878 Cui
1284 839 1525 894 quaestioni

93 920 138 951 ut
170 918 264 965 apte
307 905 629 964 respondeatur,
663 904 909 948 statuendus
957 906 1150 963 inprimis
1199 921 1260 951 est
1308 911 1517 954 terminus

95 979 443 1037 comparationi&
477 978 535 1021 Ut
569 978 683 1020 enim
718 976 896 1020 advertit
930 979 1092 1022 Suarez
1130 979 1219 1038 (Ι),
1261 984 1523 1040 comparatio

92 1049 158 1093 vel
191 1050 428 1093 instituitur
460 1050 569 1092 inter
601 1049 711 1106 ipsas
748 1048 1023 1106 ignorantias,
1053 1050 1119 1093 vel
1152 1051 1386 1095 instituitur
1417 1054 1526 1097 inter

91 1122 352 1180 ignorantias
385 1134 426 1165 et
459 1133 598 1164 actum
634 1137 683 1163 ex
717 1121 889 1163 scientia
940 1120 1111 1165 factum.
1164 1123 1206 1166 Si
1259 1126 1523 1183 comparatio

91 1193 161 1238 fiat
209 1195 316 1237 inter
364 1194 474 1250 ipsas
524 1192 816 1249 ignorantias,
865 1193 1103 1249 ignorantia
1156 1194 1346 1238 affectata
1386 1198 1522 1254 magis

91 1266 383 1310 voluntarium
416 1265 540 1320 facit,
589 1279 717 1322 quam
769 1264 1100 1309 non-affectata:
1143 1280 1182 1309 et
1225 1267 1354 1321 haec,
1388 1270 1421 1311 si
1471 1270 1525 1312 sit

93 1353 244 1391 crassa,
279 1338 431 1395 magis,
467 1351 595 1394 quam
629 1335 849 1393 negligens
884 1336 1134 1395 simpliciter
1168 1355 1240 1381 seu
1292 1342 1515 1384 communi

92 1408 240 1453 modo.
265 1408 400 1462 Quod
418 1409 453 1451 si
471 1407 541 1451 fiat
563 1407 832 1465 comparatio
851 1406 900 1450 ad
925 1420 1066 1451 actum
1092 1425 1140 1452 ex
1160 1411 1331 1454 scientia
1350 1405 1524 1469 factum,

92 1496 248 1525 omnes
282 1479 522 1524 concedunt
555 1479 843 1536 ignorantiam
874 1479 1160 1524 voluntariam
1212 1482 1517 1526 tantummodo

92 1554 134 1595 in
168 1552 250 1597 alio
267 1588 278 1610 ,
311 1552 444 1610 qualis
468 1564 530 1595 est
553 1550 789 1608 ignorantia
813 1551 1124 1604 non-affectata,
1151 1554 1344 1597 minuere
1373 1556 1515 1612 potius

92 1638 220 1682 quam
254 1640 410 1682 augere
444 1622 768 1675 voluntarium3
804 1622 920 1680 quod
954 1638 1041 1666 non
1077 1624 1196 1681 item,
1231 1637 1276 1667 ut
1320 1625 1518 1681 videtur,

93 1695 173 1739 dici
207 1708 348 1754 potest
380 1696 431 1740 de
466 1695 705 1753 ignorantia
729 1694 933 1747 affectata,
964 1708 1111 1753 utpote
1138 1698 1177 1739 in
1204 1712 1246 1740 se
1272 1697 1522 1742 voluntaria.

187 1890 244 1935 (ι)
271 1891 326 1925 De
352 1890 736 1930 volunt,ctinv01unt.
767 1890 857 1936 disp.
883 1890 944 1925 IV.
969 1900 1059 1926 sect.
1083 1892 1127 1928 Il.
1152 1904 1250 1926 num.
1271 1902 1337 1935 24:
1372 1908 1389 1923 «
1409 1894 1444 1928 Si
1463 1894 1521 1928 fiat

91 1950 317 1995 comparatio
355 1949 447 1984 inter
486 1951 578 1995 ipsas
616 1950 850 1996 ignorantias)
880 1960 1021 1985 certum
1065 1961 1127 1993 est,
1155 1963 1226 1998 quo
1268 1953 1382 1987 maior
1418 1952 1522 1989 fuerit

91 2008 296 2054 ignorantia
322 2008 378 2042 vel
405 2009 520 2055 magis
548 2009 762 2045 voluntaria,
791 2020 846 2049 eo,
888 2010 1016 2043 ceteris
1044 2011 1198 2055 paribuS,
1226 2011 1374 2045 reddere
1405 2020 1522 2046 actum

92 2067 212 2112 magis
239 2066 295 2101 vel
325 2066 442 2101 minus
475 2066 733 2102 voluntarium:
765 2067 859 2101 unde
888 2067 1089 2112 ignorantia
1117 2069 1282 2104 affectata
1314 2071 1429 2115 magis
1455 2082 1523 2104 vo-

92 2125 288 2161 luntarium
317 2126 408 2169 facit,
437 2138 547 2173 quam
577 2138 707 2166 crassa,
733 2135 767 2160 et
795 2126 882 2160 haec
911 2129 1041 2173 magis,
1074 2140 1181 2175 quam
1209 2129 1398 2175 negligens
1425 2140 1524 2163 com-

92 2186 193 2220 muni
220 2187 344 2221 modO.
374 2187 410 2221 Si
438 2197 522 2220 vero
552 2186 610 2221 siat
638 2187 863 2232 comparatio
891 2186 933 2220 ad
962 2196 1082 2222 actum
1110 2200 1152 2222 ex
1191 2189 1341 2223 scientia
1369 2187 1519 2231 factum,

93 2255 221 2280 omnes
248 2246 450 2281 concedunt
477 2246 721 2291 ignorantiam
742 2245 910 2281 indirecte
928 2255 1065 2282 tantum
1088 2247 1328 2282 voluntariam
1356 2249 1517 2282 minuere

93 2304 212 2351 potius
240 2317 348 2352 quam
376 2317 505 2352 augere
533 2305 791 2347 voluntarium,
824 2306 906 2352 quia
935 2306 1085 2351 ipsamet
1106 2316 1157 2341 est
1177 2307 1390 2353 imperfecto
1410 2307 1522 2341 modo

92 2365 296 2400 voluntaria
323 2376 356 2401 et
385 2375 571 2411 propterea
599 2363 698 2407 facit,
729 2373 765 2398 ut
793 2373 891 2399 actus
931 2376 1005 2398 non
1034 2366 1077 2399 sit
1110 2366 1245 2401 directe
1287 2367 1521 2409 voluntarius,

93 2424 154 2459 sed
180 2432 322 2460 tantum
349 2425 533 2459 indirecte.
557 2439 574 2456 »
604 2423 694 2458 Vide
722 2435 811 2470 quae
837 2424 979 2458 subiicit
1019 2425 1062 2457 de
1100 2426 1303 2467 ignorantia
1345 2426 1523 2471 affectata,

93 2483 186 2518 circa
212 2495 318 2530 quam
347 2493 508 2518 auctores
535 2494 608 2517 non
636 2482 868 2516 conveniunt.
