1734 2784
245 205 301 247 At
333 201 516 255 secundo,
550 201 719 259 quando
753 202 979 260 opiniones
1010 213 1233 246 versantur
1278 203 1382 247 circa
1430 202 1559 262 legem.

125 277 272 334 ipsam,
308 276 342 316 si
375 274 522 331 opinio
554 273 695 331 legem
717 288 876 330 negans
901 275 954 317 sit
978 289 1069 318 vere
1091 286 1133 317 et
1159 273 1280 318 solide
1317 274 1557 332 probabilis

123 346 352 404 (notentur
385 344 464 387 hae
496 359 640 402 voceS‚
659 359 751 388 vere
785 356 826 387 et
848 344 993 388 solide.-
1027 360 1116 387 non
1148 345 1262 388 enim
1296 360 1439 389 sermo
1472 361 1557 390 no·

122 417 185 460 bis
219 429 281 460 est
315 416 365 459 de
399 416 605 474 opinione
643 416 816 459 tenuiter
863 415 1106 474 probabili),
1141 416 1175 459 si
1222 418 1314 460 eius
1359 417 1553 461 rationes

125 500 392 546 comparatae
425 488 553 530 etiam
579 503 676 531 cum
701 489 912 546 oppositis
937 489 1023 532 sint
1046 504 1193 547 reapse
1212 504 1373 546 graves,
1399 505 1555 547 quam—

124 562 187 603 vis
222 561 432 603 sententia
464 560 664 618 opposita
697 560 752 603 sit
785 559 1056 618 probabilior,
1083 573 1226 604 tamen
1251 573 1425 619 propter
1448 575 1555 605 con--

123 633 290 675 flictum
323 632 538 674 rationum
573 632 788 689 utrimque
821 633 1035 689 gravium,
1071 631 1168 675 licet
1201 632 1242 674 in
1275 632 1391 690 praxi
1415 633 1546 676 actio-

123 719 198 747 nes
235 702 502 746 conformare
541 702 736 760 opinioni
769 702 909 760 legem
942 703 1116 760 neganti
1149 702 1325 762 (1).——
1361 704 1550 747 Eatenus

124 776 239 818 enim
271 773 313 818 id
348 773 459 817 foret
497 773 694 817 illicitum
715 809 727 828 ,
762 787 972 833 quatenus
1020 774 1104 828 leX,
1139 790 1267 833 quam
1308 791 1355 819 ea
1397 775 1556 834 opinio-

123 858 266 903 negat,
300 858 411 889 esset
445 854 581 889 certa:
617 845 700 889 hoc
747 858 860 904 patet
897 862 947 889 ex
984 846 1095 890 thesi
1134 846 1426 904 praecedente.
1460 848 1551 891 At-

124 920 195 974 qui
216 917 298 972 lex,
328 932 457 975 quam
491 932 538 960 ea
571 917 718 974 opinio
743 929 884 974 negat,
916 933 1005 961 non
1038 930 1101 960 est
1135 930 1259 972 certa,
1293 918 1368 962 sed
1401 916 1541 962 dubia.

125 991 222 1032 Hoc
254 1000 396 1032 autem
430 989 490 1031 sic
537 987 687 1046 probo.
739 987 927 1041 Quando
977 1000 1122 1032 contra
1169 988 1356 1047 aliquam
1404 988 1550 1046 legem·

124 1061 305 1104 militant
337 1059 473 1103 solida
504 1072 544 1104 et
578 1075 675 1103 vere
708 1059 939 1118 probabilia
972 1073 1222 1117 argumenta
1253 1060 1323 1119 (ut
1355 1061 1398 1103 in
1431 1076 1553 1118 casu?

123 1133 173 1176 de
207 1148 294 1191 quo
327 1134 510 1190 agimus,
529 1132 775 1191 contingit),
809 1133 900 1190 ipsa
932 1131 998 1174 lex
1021 1147 1166 1175 revera
1190 1131 1440 1176 huiusmodi
1468 1144 1555 1190 est,

123 1218 168 1247 ut
202 1205 254 1248 de
287 1205 377 1248 eius
412 1205 634 1248 existentia
665 1204 898 1261 prudenter
930 1202 1112 1246 dubitari
1146 1204 1282 1262 possit
1315 1204 1438 1262 (quia
1473 1205 1549 1247 iu-

123 1276 281 1319 dicium
313 1291 411 1318 vere
444 1274 661 1333 probabile
694 1287 757 1318 est
790 1275 999 1318 iudicium
1033 1273 1268 1333 prudens):
1300 1274 1366 1318 lex
1388 1287 1553 1332 autem,

123 1347 174 1390 de
206 1363 288 1405 qua
320 1346 550 1405 prudenter
576 1345 807 1398 dubitatur,
833 1360 882 1388 an
906 1346 1069 1398 existat,
1088 1357 1150 1388 est
1171 1344 1237 1388 lex
1259 1360 1347 1388 non
1370 1345 1545 1403 quidem

121 1430 252 1471 certa,
286 1416 361 1461 sed
393 1416 532 1460 dubia.
555 1442 612 1450 —
634 1415 755 1460 Adde
774 1428 998 1474 perpetuas
1022 1416 1250 1473 angustias,
1275 1415 1428 1474 quibus
1451 1431 1553 1474 pre-

122 1505 355 1546 meremur,
388 1490 423 1532 si
455 1505 542 1532 non
576 1487 710 1532 modo
743 1503 796 1531 ex
830 1487 1025 1541 consilio,
1058 1486 1133 1531 sed
1166 1488 1295 1531 etiam
1330 1502 1383 1531 ex
1432 1486 1544 1531 obli-

121 1563 291 1618 gatione
324 1560 576 1604 deberemus
611 1560 730 1617 sequi
764 1560 1019 1602 sententiam
1043 1557 1387 1616 probabiliorem.
1412 1559 1547 1616 Saepe

120 1634 236 1676 enim
269 1633 453 1676 maxima
487 1644 549 1675 est
582 1630 804 1674 difficultas
839 1642 956 1673 certo
991 1629 1316 1687 deoerminaudi,
1335 1644 1544 1688 quaenam

120 1705 271 1761 opinio
305 1719 404 1762 prae
438 1704 637 1761 opposita
665 1718 765 1746 vere
799 1703 853 1745 sit
875 1700 1149 1759 probabilior.
1179 1701 1357 1754 «Quod
1388 1700 1550 1744 fiamus-

119 1776 236 1832 certi,
268 1776 325 1818 ita
357 1791 389 1818 s.
423 1774 673 1833 Alphonsus
697 1773 783 1832 (2),
817 1772 935 1832 quod
959 1771 1096 1830 aliqua
1119 1772 1338 1830 opinio
1363 1772 1417 1814 sit
1439 1786 1546 1815 vere-

216 1995 271 2039 (1)
300 1994 409 2040 Gury,
437 1993 506 2027 loc.
535 1994 606 2031 cit„
636 1993 756 2026 statuit
783 1992 850 2025 hac
877 1991 921 2025 de
948 2003 984 2025 re
1012 1999 1083 2025 tres
1111 1999 1298 2037 sequentes
1325 1990 1549 2035 propositio--

118 2066 192 2089 nes.
220 2074 265 2079 —
295 2055 346 2088 1.⁰
373 2054 456 2088 Non
483 2053 566 2087 licet
593 2053 691 2098 sequi
719 2052 938 2096 opinionem
967 2051 1123 2085 tenuiter
1157 2050 1391 2096 probabilem,
1417 2050 1541 2084 relicta

118 2115 259 2149 tutiore.
286 2133 330 2139 —
358 2117 407 2148 2.⁰
428 2114 527 2148 Licet
554 2113 652 2159 sequi
682 2113 897 2157 opinionem
919 2111 1248 2157 probabilissimam
1269 2118 1300 2145 et
1323 2110 1433 2144 etiam
1460 2121 1549 2155 pro-⁷

119 2173 346 2215 habiliorem,
373 2172 496 2207 relicta
523 2172 672 2213 tutiore,
693 2172 752 2206 ubi
780 2171 822 2206 de
850 2170 927 2204 sola
954 2170 1106 2204 actionis
1134 2170 1328 2204 honestate
1353 2169 1540 2215 agitur.—

121 2240 170 2278 3.0
195 2235 294 2267 Licet
321 2232 419 2279 sequi
446 2232 661 2277 opinionem
687 2243 770 2266 vere
797 2239 830 2265 et
856 2230 972 2265 solide
997 2230 1236 2275 probabilem,
1258 2228 1381 2263 relicta
1407 2228 1538 2263 tutiore

118 2304 228 2339 aeque
255 2292 444 2338 probabili,
474 2292 530 2326 vel
558 2292 665 2327 etiam
693 2302 775 2325 vere
804 2290 1050 2336 probabiliori,
1078 2290 1137 2323 ubi
1167 2289 1210 2323 de
1237 2288 1316 2323 solo
1357 2287 1454 2322 licito
1480 2287 1538 2322 vel

117 2351 243 2386 illicito
272 2352 397 2396 agitur.
427 2351 482 2386 Cf.
512 2351 627 2393 Iouin,
656 2350 759 2384 elem.
788 2349 872 2396 phil.
901 2361 992 2384 mor.
1020 2351 1115 2384 Part.
1145 2359 1196 2393 pr.
1228 2347 1252 2383 l.
1280 2348 1342 2382 IV.

215 2411 271 2454 (ε’)
299 2411 449 2444 Dissert.
477 2411 559 2444 edit.
587 2421 644 2445 an.
677 2418 775 2455 1735.
802 2421 903 2444 num.
933 2410 990 2450 48.
1021 2409 1064 2443 Et
1091 2420 1189 2442 num.
1223 2419 1289 2452 17„
1311 2420 1328 2436 a
1347 2406 1431 2440 Non
1446 2417 1537 2443 raro.

119 2470 245 2515 inquit7
276 2470 390 2515 aliqua
420 2470 557 2514 opinio,
585 2481 674 2515 quae
702 2470 810 2503 alicui
840 2468 1061 2513 probabilior
1087 2475 1246 2513 apparet‚
1274 2466 1378 2500 alicui
1419 2466 1538 2499 miuus

118 2529 312 2574 probabilis
338 2529 534 2573 apparebit:
565 2530 639 2563 imo
668 2528 878 2573 sibimetipsi
906 2528 1040 2573 opinio,
1069 2539 1156 2572 quae
1191 2526 1268 2560 heri
1302 2525 1425 2559 minus
1452 2535 1538 2570 pro-

121 2588 245 2622 babilis
273 2597 360 2629 erat,
389 2587 495 2621 hodie
524 2588 745 2633 probabilior
774 2587 970 2633 apparebit,
990 2602 1006 2617 >›

1668 48 1671 53 e
1658 2 1671 13 r*

1721 93 1724 101 .
1695 0 1723 84 „1221

1697 226 1727 551 ffl.‚.axtzutffl-ivjmcg
1699 195 1725 218 ¹⁴.
1722 151 1723 157 ⁴
1694 110 1724 140 Ἀ..

1683 1390 1732 1866 frameam*
1726 1345 1730 1350 ,
1716 1326 1720 1328 ,
