<?xml version="1.0" encoding="UTF-8"?>
<!DOCTYPE html PUBLIC "-//W3C//DTD XHTML 1.0 Transitional//EN"
    "http://www.w3.org/TR/xhtml1/DTD/xhtml1-transitional.dtd">
<html xmlns="http://www.w3.org/1999/xhtml" xml:lang="en" lang="en">
 <head>
  <title>
</title>
<meta http-equiv="Content-Type" content="text/html;charset=utf-8" />
  <meta name='ocr-system' content='tesseract 3.04.00' />
  <meta name='ocr-capabilities' content='ocr_page ocr_carea ocr_par ocr_line ocrx_word'/>
</head>
<body>
  <div class='ocr_page' id='page_1' title='image "./institutionesphi01ferr_0230.png"; bbox 0 0 1734 2784; ppageno 0'>
   <div class='ocr_carea' id='block_1_1' title="bbox 783 99 1052 129">
    <p class='ocr_par' dir='ltr' id='par_1_1' title="bbox 783 99 1052 129">
     <span class='ocr_line' id='line_1_1' title="bbox 783 99 1052 129; baseline -0.004 0"><span class='ocrx_word' id='word_1_1' title='bbox 783 99 1052 129; x_wconf 92' lang='lat'>—210—</span> 
     </span>
    </p>
   </div>
   <div class='ocr_carea' id='block_1_2' title="bbox 207 177 1636 1814">
    <p class='ocr_par' dir='ltr' id='par_1_2' title="bbox 207 177 1633 954">
     <span class='ocr_line' id='line_1_2' title="bbox 207 177 1628 246; baseline -0.007 -16"><span class='ocrx_word' id='word_1_2' title='bbox 207 187 324 246; x_wconf 85' lang='lat' dir='ltr'>quod</span> <span class='ocrx_word' id='word_1_3' title='bbox 359 185 554 227; x_wconf 81' lang='lat' dir='ltr'>homines</span> <span class='ocrx_word' id='word_1_4' title='bbox 586 182 756 225; x_wconf 87' lang='lat' dir='ltr'>nonnisi</span> <span class='ocrx_word' id='word_1_5' title='bbox 781 197 848 223; x_wconf 88' lang='lat' dir='ltr'>eas</span> <span class='ocrx_word' id='word_1_6' title='bbox 871 181 1057 223; x_wconf 81' lang='lat' dir='ltr'>actiones</span> <span class='ocrx_word' id='word_1_7' title='bbox 1090 177 1263 222; x_wconf 84' lang='lat' dir='ltr'>laudare</span> <span class='ocrx_word' id='word_1_8' title='bbox 1296 177 1487 235; x_wconf 84' lang='lat' dir='ltr'>soleant,</span> <span class='ocrx_word' id='word_1_9' title='bbox 1520 191 1628 236; x_wconf 84' lang='lat' dir='ltr'>quae</span> 
     </span>
     <span class='ocr_line' id='line_1_3' title="bbox 210 251 1627 319; baseline -0.008 -17"><span class='ocrx_word' id='word_1_10' title='bbox 210 259 535 319; x_wconf 74' lang='lat' dir='ltr'>praestantiores</span> <span class='ocrx_word' id='word_1_11' title='bbox 567 266 680 306; x_wconf 88' lang='lat' dir='ltr'>sunt,</span> <span class='ocrx_word' id='word_1_12' title='bbox 714 268 787 295; x_wconf 87' lang='lat' dir='ltr'>seu</span> <span class='ocrx_word' id='word_1_13' title='bbox 822 267 927 309; x_wconf 84' lang='lat' dir='ltr'>quae</span> <span class='ocrx_word' id='word_1_14' title='bbox 967 251 1110 293; x_wconf 86' lang='lat' dir='ltr'>minus</span> <span class='ocrx_word' id='word_1_15' title='bbox 1145 262 1241 292; x_wconf 86' lang='lat' dir='ltr'>sunt</span> <span class='ocrx_word' id='word_1_16' title='bbox 1275 264 1548 306; x_wconf 83' lang='lat' dir='ltr'>communeS,</span> <span class='ocrx_word' id='word_1_17' title='bbox 1579 263 1627 292; x_wconf 87' lang='lat' dir='ltr'>ac</span> 
     </span>
     <span class='ocr_line' id='line_1_4' title="bbox 210 320 1626 389; baseline -0.008 -15"><span class='ocrx_word' id='word_1_18' title='bbox 210 329 388 389; x_wconf 82' lang='lat' dir='ltr'>proinde</span> <span class='ocrx_word' id='word_1_19' title='bbox 422 327 571 370; x_wconf 87' lang='lat' dir='ltr'>maiori</span> <span class='ocrx_word' id='word_1_20' title='bbox 605 325 757 381; x_wconf 80' lang='lat' dir='ltr'>dignae</span> <span class='ocrx_word' id='word_1_21' title='bbox 789 322 924 366; x_wconf 88' lang='lat' dir='ltr'>laude.</span> <span class='ocrx_word' id='word_1_22' title='bbox 959 324 1125 366; x_wconf 86' lang='lat' dir='ltr'>Verum</span> <span class='ocrx_word' id='word_1_23' title='bbox 1158 322 1235 364; x_wconf 89' lang='lat' dir='ltr'>etsi</span> <span class='ocrx_word' id='word_1_24' title='bbox 1268 335 1357 364; x_wconf 89' lang='lat' dir='ltr'>non</span> <span class='ocrx_word' id='word_1_25' title='bbox 1389 320 1626 377; x_wconf 80' lang='lat' dir='ltr'><strong><em>laudentur,</em></strong></span> 
     </span>
     <span class='ocr_line' id='line_1_5' title="bbox 210 390 1627 450; baseline -0.008 -5"><span class='ocrx_word' id='word_1_26' title='bbox 210 416 351 445; x_wconf 87' lang='lat' dir='ltr'>tamen</span> <span class='ocrx_word' id='word_1_27' title='bbox 384 401 417 442; x_wconf 89' lang='lat' dir='ltr'>si</span> <span class='ocrx_word' id='word_1_28' title='bbox 449 399 583 441; x_wconf 83' lang='lat' dir='ltr'>bonae</span> <span class='ocrx_word' id='word_1_29' title='bbox 619 407 730 447; x_wconf 87' lang='lat' dir='ltr'>sunt,</span> <span class='ocrx_word' id='word_1_30' title='bbox 762 409 860 436; x_wconf 77' lang='lat' dir='ltr'>vere</span> <span class='ocrx_word' id='word_1_31' title='bbox 909 405 1007 435; x_wconf 87' lang='lat' dir='ltr'>sunt</span> <span class='ocrx_word' id='word_1_32' title='bbox 1040 391 1264 435; x_wconf 77' lang='lat' dir='ltr'><em>laudabiles</em></span> <span class='ocrx_word' id='word_1_33' title='bbox 1296 391 1382 450; x_wconf 86' lang='lat'>(1).</span> <span class='ocrx_word' id='word_1_34' title='bbox 1406 416 1462 424; x_wconf 97' lang='lat'><strong>—</strong></span> <span class='ocrx_word' id='word_1_35' title='bbox 1487 390 1532 450; x_wconf 71' lang='grc' dir='ltr'>β)</span> <span class='ocrx_word' id='word_1_36' title='bbox 1565 391 1627 434; x_wconf 85' lang='lat' dir='ltr'>Ex</span> 
     </span>
     <span class='ocr_line' id='line_1_6' title="bbox 213 462 1628 530; baseline -0.008 -13"><span class='ocrx_word' id='word_1_37' title='bbox 213 489 265 518; x_wconf 90' lang='lat' dir='ltr'>eo</span> <span class='ocrx_word' id='word_1_38' title='bbox 297 471 414 530; x_wconf 88' lang='lat' dir='ltr'>quod</span> <span class='ocrx_word' id='word_1_39' title='bbox 447 486 528 512; x_wconf 88' lang='lat' dir='ltr'>una</span> <span class='ocrx_word' id='word_1_40' title='bbox 561 469 670 511; x_wconf 83' lang='lat' dir='ltr'>actio</span> <span class='ocrx_word' id='word_1_41' title='bbox 705 467 757 508; x_wconf 85' lang='lat' dir='ltr'>sit</span> <span class='ocrx_word' id='word_1_42' title='bbox 791 465 942 508; x_wconf 86' lang='lat' dir='ltr'>melior</span> <span class='ocrx_word' id='word_1_43' title='bbox 975 464 1116 518; x_wconf 80' lang='lat' dir='ltr'>altera,</span> <span class='ocrx_word' id='word_1_44' title='bbox 1157 480 1244 507; x_wconf 90' lang='lat' dir='ltr'>non</span> <span class='ocrx_word' id='word_1_45' title='bbox 1293 465 1487 521; x_wconf 87' lang='lat' dir='ltr'>sequitur</span> <span class='ocrx_word' id='word_1_46' title='bbox 1518 462 1628 508; x_wconf 78' lang='lat' dir='ltr'>hanc</span> 
     </span>
     <span class='ocr_line' id='line_1_7' title="bbox 218 536 1627 594; baseline -0.008 -6"><span class='ocrx_word' id='word_1_47' title='bbox 218 545 340 588; x_wconf 81' lang='lat' dir='ltr'>aliam</span> <span class='ocrx_word' id='word_1_48' title='bbox 372 558 464 585; x_wconf 86' lang='lat' dir='ltr'>esse</span> <span class='ocrx_word' id='word_1_49' title='bbox 496 539 664 582; x_wconf 71' lang='lat' dir='ltr'>malam.</span> <span class='ocrx_word' id='word_1_50' title='bbox 694 563 749 570; x_wconf 93' lang='lat'><strong>—</strong></span> <span class='ocrx_word' id='word_1_51' title='bbox 775 536 820 594; x_wconf 63' lang='grc' dir='ltr'>γ)</span> <span class='ocrx_word' id='word_1_52' title='bbox 843 537 958 579; x_wconf 79' lang='lat' dir='ltr'>Cum</span> <span class='ocrx_word' id='word_1_53' title='bbox 993 536 1202 578; x_wconf 82' lang='lat' dir='ltr'>contraria</span> <span class='ocrx_word' id='word_1_54' title='bbox 1234 536 1382 592; x_wconf 90' lang='lat' dir='ltr'>opinio</span> <span class='ocrx_word' id='word_1_55' title='bbox 1417 550 1492 578; x_wconf 91' lang='lat' dir='ltr'>seu</span> <span class='ocrx_word' id='word_1_56' title='bbox 1525 549 1627 577; x_wconf 86' lang='lat' dir='ltr'>sen-</span> 
     </span>
     <span class='ocr_line' id='line_1_8' title="bbox 215 605 1631 666; baseline -0.008 -7"><span class='ocrx_word' id='word_1_57' title='bbox 215 616 345 659; x_wconf 86' lang='lat' dir='ltr'>tentia</span> <span class='ocrx_word' id='word_1_58' title='bbox 379 612 590 656; x_wconf 85' lang='lat' dir='ltr'>affirmans</span> <span class='ocrx_word' id='word_1_59' title='bbox 625 611 676 652; x_wconf 82' lang='lat' dir='ltr'>sit</span> <span class='ocrx_word' id='word_1_60' title='bbox 715 607 953 666; x_wconf 82' lang='lat' dir='ltr'>probabiliS,</span> <span class='ocrx_word' id='word_1_61' title='bbox 987 622 1033 649; x_wconf 84' lang='lat' dir='ltr'>ac</span> <span class='ocrx_word' id='word_1_62' title='bbox 1076 606 1259 664; x_wconf 85' lang='lat' dir='ltr'><strong>proinde</strong></span> <span class='ocrx_word' id='word_1_63' title='bbox 1303 607 1438 664; x_wconf 81' lang='lat' dir='ltr'>possit</span> <span class='ocrx_word' id='word_1_64' title='bbox 1481 605 1631 664; x_wconf 87' lang='lat' dir='ltr'>aliquis</span> 
     </span>
     <span class='ocr_line' id='line_1_9' title="bbox 221 675 1630 738; baseline -0.008 -8"><span class='ocrx_word' id='word_1_65' title='bbox 221 705 267 731; x_wconf 86' lang='lat' dir='ltr'>se</span> <span class='ocrx_word' id='word_1_66' title='bbox 300 686 356 729; x_wconf 90' lang='lat' dir='ltr'>illi</span> <span class='ocrx_word' id='word_1_67' title='bbox 391 684 659 727; x_wconf 83' lang='lat' dir='ltr'>conformare</span> <span class='ocrx_word' id='word_1_68' title='bbox 692 682 733 722; x_wconf 90' lang='lat' dir='ltr'>in</span> <span class='ocrx_word' id='word_1_69' title='bbox 768 680 906 738; x_wconf 80' lang='lat' dir='ltr'>praxi3</span> <span class='ocrx_word' id='word_1_70' title='bbox 931 681 965 722; x_wconf 88' lang='lat' dir='ltr'>si</span> <span class='ocrx_word' id='word_1_71' title='bbox 999 680 1093 736; x_wconf 87' lang='lat' dir='ltr'>quis</span> <span class='ocrx_word' id='word_1_72' title='bbox 1127 678 1251 721; x_wconf 80' lang='lat' dir='ltr'>vellet</span> <span class='ocrx_word' id='word_1_73' title='bbox 1285 694 1328 720; x_wconf 83' lang='lat' dir='ltr'>se</span> <span class='ocrx_word' id='word_1_74' title='bbox 1362 677 1421 720; x_wconf 90' lang='lat' dir='ltr'>illi</span> <span class='ocrx_word' id='word_1_75' title='bbox 1458 675 1630 720; x_wconf 88' lang='lat' dir='ltr'>confor-</span> 
     </span>
     <span class='ocr_line' id='line_1_10' title="bbox 217 748 1631 814; baseline -0.008 -12"><span class='ocrx_word' id='word_1_76' title='bbox 217 775 348 814; x_wconf 79' lang='lat' dir='ltr'>mare,</span> <span class='ocrx_word' id='word_1_77' title='bbox 381 759 414 800; x_wconf 80' lang='lat' dir='ltr'>is</span> <span class='ocrx_word' id='word_1_78' title='bbox 448 755 628 798; x_wconf 87' lang='lat' dir='ltr'>efficeret</span> <span class='ocrx_word' id='word_1_79' title='bbox 660 765 802 796; x_wconf 87' lang='lat' dir='ltr'>actum</span> <span class='ocrx_word' id='word_1_80' title='bbox 836 751 1268 806; x_wconf 85' lang='lat' dir='ltr'>indifferente1.n,non</span> <span class='ocrx_word' id='word_1_81' title='bbox 1292 762 1433 792; x_wconf 86' lang='lat' dir='ltr'>tamen</span> <span class='ocrx_word' id='word_1_82' title='bbox 1468 748 1631 792; x_wconf 87' lang='lat' dir='ltr'>indiffe-</span> 
     </span>
     <span class='ocr_line' id='line_1_11' title="bbox 216 820 1633 883; baseline -0.008 -10"><span class='ocrx_word' id='word_1_83' title='bbox 216 842 382 873; x_wconf 79' lang='lat' dir='ltr'>rentem</span> <span class='ocrx_word' id='word_1_84' title='bbox 415 844 463 870; x_wconf 66' lang='grc' dir='ltr'>εκ</span> <span class='ocrx_word' id='word_1_85' title='bbox 492 835 609 883; x_wconf 72' lang='lat' dir='ltr'>parte</span> <span class='ocrx_word' id='word_1_86' title='bbox 643 826 698 866; x_wconf 72' lang='lat' dir='ltr'>rei</span> <span class='ocrx_word' id='word_1_87' title='bbox 731 840 803 866; x_wconf 80' lang='lat' dir='ltr'>seu</span> <span class='ocrx_word' id='word_1_88' title='bbox 838 839 885 865; x_wconf 74' lang='lat' dir='ltr'>ex</span> <span class='ocrx_word' id='word_1_89' title='bbox 917 832 1069 866; x_wconf 73' lang='lat' dir='ltr'>natura</span> <span class='ocrx_word' id='word_1_90' title='bbox 1113 836 1206 875; x_wconf 79' lang='lat' dir='ltr'>sna,</span> <span class='ocrx_word' id='word_1_91' title='bbox 1255 820 1328 864; x_wconf 89' lang='lat' dir='ltr'>sed</span> <span class='ocrx_word' id='word_1_92' title='bbox 1366 833 1530 864; x_wconf 83' lang='lat' dir='ltr'>tantum</span> <span class='ocrx_word' id='word_1_93' title='bbox 1564 822 1633 863; x_wconf 90' lang='lat' dir='ltr'>in-</span> 
     </span>
     <span class='ocr_line' id='line_1_12' title="bbox 215 897 1021 954; baseline -0.007 -10"><span class='ocrx_word' id='word_1_94' title='bbox 215 901 481 945; x_wconf 85' lang='lat' dir='ltr'>differentem</span> <span class='ocrx_word' id='word_1_95' title='bbox 514 915 562 941; x_wconf 74' lang='lat' dir='ltr'>cx</span> <span class='ocrx_word' id='word_1_96' title='bbox 596 899 776 954; x_wconf 74' lang='lat' dir='ltr'>opinione</span> <span class='ocrx_word' id='word_1_97' title='bbox 810 897 1021 953; x_wconf 71' lang='lat' dir='ltr'>operantis.</span> 
     </span>
    </p>

    <p class='ocr_par' dir='ltr' id='par_1_3' title="bbox 213 965 1636 1814">
     <span class='ocr_line' id='line_1_13' title="bbox 337 965 1631 1026; baseline -0.007 -10"><span class='ocrx_word' id='word_1_98' title='bbox 337 975 394 1017; x_wconf 89' lang='lat' dir='ltr'>Ut</span> <span class='ocrx_word' id='word_1_99' title='bbox 427 987 525 1014; x_wconf 90' lang='lat' dir='ltr'>cum</span> <span class='ocrx_word' id='word_1_100' title='bbox 559 970 756 1014; x_wconf 84' lang='lat' dir='ltr'>Suaresio</span> <span class='ocrx_word' id='word_1_101' title='bbox 788 968 859 1026; x_wconf 81' lang='lat'>(2)</span> <span class='ocrx_word' id='word_1_102' title='bbox 892 967 1212 1019; x_wconf 80' lang='lat' dir='ltr'>concludamus,</span> <span class='ocrx_word' id='word_1_103' title='bbox 1243 982 1335 1008; x_wconf 85' lang='lat' dir='ltr'>«ex</span> <span class='ocrx_word' id='word_1_104' title='bbox 1369 965 1489 1009; x_wconf 88' lang='lat' dir='ltr'>dictis</span> <span class='ocrx_word' id='word_1_105' title='bbox 1525 981 1631 1008; x_wconf 91' lang='lat' dir='ltr'>con-</span> 
     </span>
     <span class='ocr_line' id='line_1_14' title="bbox 219 1036 1633 1098; baseline -0.007 -9"><span class='ocrx_word' id='word_1_106' title='bbox 219 1058 317 1098; x_wconf 84' lang='lat' dir='ltr'>stat,</span> <span class='ocrx_word' id='word_1_107' title='bbox 351 1046 387 1087; x_wconf 88' lang='lat' dir='ltr'>si</span> <span class='ocrx_word' id='word_1_108' title='bbox 421 1043 573 1086; x_wconf 74' lang='lat' dir='ltr'>divisio</span> <span class='ocrx_word' id='word_1_109' title='bbox 624 1040 691 1083; x_wconf 90' lang='lat' dir='ltr'>illa</span> <span class='ocrx_word' id='word_1_110' title='bbox 723 1053 838 1083; x_wconf 87' lang='lat' dir='ltr'>actus</span> <span class='ocrx_word' id='word_1_111' title='bbox 882 1038 1056 1082; x_wconf 86' lang='lat' dir='ltr'>humani</span> <span class='ocrx_word' id='word_1_112' title='bbox 1106 1040 1147 1081; x_wconf 90' lang='lat' dir='ltr'>in</span> <span class='ocrx_word' id='word_1_113' title='bbox 1180 1038 1343 1081; x_wconf 85' lang='lat' dir='ltr'>bonum</span> <span class='ocrx_word' id='word_1_114' title='bbox 1392 1049 1433 1080; x_wconf 92' lang='lat' dir='ltr'>et</span> <span class='ocrx_word' id='word_1_115' title='bbox 1471 1036 1633 1079; x_wconf 89' lang='lat' dir='ltr'>malum</span> 
     </span>
     <span class='ocr_line' id='line_1_15' title="bbox 216 1109 1633 1172; baseline -0.006 -11"><span class='ocrx_word' id='word_1_116' title='bbox 216 1133 306 1160; x_wconf 89' lang='lat' dir='ltr'>non</span> <span class='ocrx_word' id='word_1_117' title='bbox 353 1115 611 1172; x_wconf 76' lang='lat' dir='ltr'>intelligatur</span> <span class='ocrx_word' id='word_1_118' title='bbox 659 1112 709 1156; x_wconf 93' lang='lat' dir='ltr'>de</span> <span class='ocrx_word' id='word_1_119' title='bbox 752 1111 939 1154; x_wconf 82' lang='lat' dir='ltr'>bonitate</span> <span class='ocrx_word' id='word_1_120' title='bbox 987 1122 1027 1153; x_wconf 92' lang='lat' dir='ltr'>et</span> <span class='ocrx_word' id='word_1_121' title='bbox 1076 1109 1235 1153; x_wconf 85' lang='lat' dir='ltr'>malitia</span> <span class='ocrx_word' id='word_1_122' title='bbox 1282 1109 1459 1167; x_wconf 74' lang='lat' dir='ltr'>specifica</span> <span class='ocrx_word' id='word_1_123' title='bbox 1509 1121 1548 1152; x_wconf 90' lang='lat' dir='ltr'>et</span> <span class='ocrx_word' id='word_1_124' title='bbox 1585 1125 1633 1152; x_wconf 84' lang='lat' dir='ltr'>ex</span> 
     </span>
     <span class='ocr_line' id='line_1_16' title="bbox 216 1181 1634 1241; baseline -0.006 -10"><span class='ocrx_word' id='word_1_125' title='bbox 216 1190 378 1241; x_wconf 78' lang='lat' dir='ltr'>obiecto,</span> <span class='ocrx_word' id='word_1_126' title='bbox 414 1186 487 1230; x_wconf 85' lang='lat' dir='ltr'>sed</span> <span class='ocrx_word' id='word_1_127' title='bbox 520 1184 710 1228; x_wconf 85' lang='lat' dir='ltr'>absolute</span> <span class='ocrx_word' id='word_1_128' title='bbox 743 1182 793 1226; x_wconf 89' lang='lat' dir='ltr'>de</span> <span class='ocrx_word' id='word_1_129' title='bbox 827 1182 940 1225; x_wconf 87' lang='lat' dir='ltr'>bono</span> <span class='ocrx_word' id='word_1_130' title='bbox 974 1194 1013 1225; x_wconf 91' lang='lat' dir='ltr'>et</span> <span class='ocrx_word' id='word_1_131' title='bbox 1049 1181 1162 1224; x_wconf 88' lang='lat' dir='ltr'>malo</span> <span class='ocrx_word' id='word_1_132' title='bbox 1203 1197 1249 1224; x_wconf 83' lang='lat' dir='ltr'>ex</span> <span class='ocrx_word' id='word_1_133' title='bbox 1286 1196 1530 1239; x_wconf 66' lang='lat' dir='ltr'>quocumque</span> <span class='ocrx_word' id='word_1_134' title='bbox 1562 1195 1634 1224; x_wconf 83' lang='lat' dir='ltr'>ca-</span> 
     </span>
     <span class='ocr_line' id='line_1_17' title="bbox 213 1251 1636 1321; baseline -0.008 -16"><span class='ocrx_word' id='word_1_135' title='bbox 213 1264 313 1321; x_wconf 78' lang='lat' dir='ltr'>pite,</span> <span class='ocrx_word' id='word_1_136' title='bbox 347 1272 386 1303; x_wconf 89' lang='lat' dir='ltr'>et</span> <span class='ocrx_word' id='word_1_137' title='bbox 420 1259 572 1316; x_wconf 78' lang='lat' dir='ltr'>quovis</span> <span class='ocrx_word' id='word_1_138' title='bbox 607 1255 755 1307; x_wconf 91' lang='lat' dir='ltr'>modo,</span> <span class='ocrx_word' id='word_1_139' title='bbox 790 1256 876 1297; x_wconf 78' lang='lat' dir='ltr'>sive</span> <span class='ocrx_word' id='word_1_140' title='bbox 910 1252 1173 1305; x_wconf 73' lang='lat' dir='ltr'>accidentali,</span> <span class='ocrx_word' id='word_1_141' title='bbox 1207 1254 1294 1296; x_wconf 87' lang='lat' dir='ltr'>sive</span> <span class='ocrx_word' id='word_1_142' title='bbox 1323 1251 1551 1305; x_wconf 80' lang='lat' dir='ltr'>essentiali,</span> <span class='ocrx_word' id='word_1_143' title='bbox 1574 1252 1636 1294; x_wconf 90' lang='lat' dir='ltr'>sic</span> 
     </span>
     <span class='ocr_line' id='line_1_18' title="bbox 219 1324 1634 1384; baseline -0.008 -8"><span class='ocrx_word' id='word_1_144' title='bbox 219 1333 479 1377; x_wconf 77' lang='lat' dir='ltr'>divisionem</span> <span class='ocrx_word' id='word_1_145' title='bbox 512 1344 603 1372; x_wconf 92' lang='lat' dir='ltr'>esse</span> <span class='ocrx_word' id='word_1_146' title='bbox 644 1327 929 1384; x_wconf 71' lang='lat' dir='ltr'>adaequatam,</span> <span class='ocrx_word' id='word_1_147' title='bbox 974 1324 1225 1381; x_wconf 86' lang='lat' dir='ltr'>nullumque</span> <span class='ocrx_word' id='word_1_148' title='bbox 1273 1324 1450 1382; x_wconf 86' lang='lat' dir='ltr'>reperiri</span> <span class='ocrx_word' id='word_1_149' title='bbox 1491 1334 1634 1366; x_wconf 89' lang='lat' dir='ltr'>actum</span> 
     </span>
     <span class='ocr_line' id='line_1_19' title="bbox 215 1395 1634 1458; baseline -0.008 -11"><span class='ocrx_word' id='word_1_150' title='bbox 215 1405 468 1458; x_wconf 83' lang='lat' dir='ltr'>humanum,</span> <span class='ocrx_word' id='word_1_151' title='bbox 502 1401 574 1458; x_wconf 91' lang='lat' dir='ltr'>qui</span> <span class='ocrx_word' id='word_1_152' title='bbox 606 1414 693 1442; x_wconf 92' lang='lat' dir='ltr'>non</span> <span class='ocrx_word' id='word_1_153' title='bbox 726 1397 803 1440; x_wconf 87' lang='lat' dir='ltr'>sub</span> <span class='ocrx_word' id='word_1_154' title='bbox 837 1396 968 1440; x_wconf 87' lang='lat' dir='ltr'>altero</span> <span class='ocrx_word' id='word_1_155' title='bbox 990 1395 1164 1438; x_wconf 84' lang='lat' dir='ltr'>illorum</span> <span class='ocrx_word' id='word_1_156' title='bbox 1188 1395 1485 1438; x_wconf 89' lang='lat' dir='ltr'>membrorum</span> <span class='ocrx_word' id='word_1_157' title='bbox 1515 1409 1634 1437; x_wconf 89' lang='lat' dir='ltr'>com-</span> 
     </span>
     <span class='ocr_line' id='line_1_20' title="bbox 217 1465 1632 1533; baseline -0.007 -15"><span class='ocrx_word' id='word_1_158' title='bbox 217 1473 526 1533; x_wconf 85' lang='lat' dir='ltr'>prehendatur:</span> <span class='ocrx_word' id='word_1_159' title='bbox 560 1486 659 1514; x_wconf 87' lang='lat' dir='ltr'>nam</span> <span class='ocrx_word' id='word_1_160' title='bbox 691 1470 787 1512; x_wconf 88' lang='lat' dir='ltr'>licet</span> <span class='ocrx_word' id='word_1_161' title='bbox 820 1468 942 1511; x_wconf 90' lang='lat' dir='ltr'>detur</span> <span class='ocrx_word' id='word_1_162' title='bbox 966 1479 1081 1510; x_wconf 86' lang='lat' dir='ltr'>actus</span> <span class='ocrx_word' id='word_1_163' title='bbox 1107 1483 1157 1510; x_wconf 79' lang='lat' dir='ltr'>ex</span> <span class='ocrx_word' id='word_1_164' title='bbox 1179 1466 1347 1510; x_wconf 89' lang='lat' dir='ltr'>obiecto</span> <span class='ocrx_word' id='word_1_165' title='bbox 1372 1465 1632 1519; x_wconf 89' lang='lat' dir='ltr'>indifferens,</span> 
     </span>
     <span class='ocr_line' id='line_1_21' title="bbox 216 1536 1625 1603; baseline -0.008 -14"><span class='ocrx_word' id='word_1_166' title='bbox 216 1547 283 1590; x_wconf 89' lang='lat' dir='ltr'>ille</span> <span class='ocrx_word' id='word_1_167' title='bbox 316 1560 484 1603; x_wconf 85' lang='lat' dir='ltr'>semper</span> <span class='ocrx_word' id='word_1_168' title='bbox 517 1560 567 1586; x_wconf 82' lang='lat' dir='ltr'>ex</span> <span class='ocrx_word' id='word_1_169' title='bbox 599 1542 680 1585; x_wconf 87' lang='lat' dir='ltr'>alio</span> <span class='ocrx_word' id='word_1_170' title='bbox 714 1541 846 1597; x_wconf 82' lang='lat' dir='ltr'>capite</span> <span class='ocrx_word' id='word_1_171' title='bbox 879 1550 949 1582; x_wconf 88' lang='lat' dir='ltr'>aut</span> <span class='ocrx_word' id='word_1_172' title='bbox 982 1537 1120 1581; x_wconf 86' lang='lat' dir='ltr'>bonus</span> <span class='ocrx_word' id='word_1_173' title='bbox 1153 1550 1223 1580; x_wconf 86' lang='lat' dir='ltr'>aut</span> <span class='ocrx_word' id='word_1_174' title='bbox 1256 1536 1392 1580; x_wconf 79' lang='lat' dir='ltr'>malus</span> <span class='ocrx_word' id='word_1_175' title='bbox 1425 1537 1625 1580; x_wconf 83' lang='lat' dir='ltr'>existit.»</span> 
     </span>
     <span class='ocr_line' id='line_1_22' title="bbox 217 1604 1636 1675; baseline -0.006 -15"><span class='ocrx_word' id='word_1_176' title='bbox 217 1620 384 1675; x_wconf 80' lang='lat' dir='ltr'>Itaque,</span> <span class='ocrx_word' id='word_1_177' title='bbox 417 1628 462 1658; x_wconf 86' lang='lat' dir='ltr'>ut</span> <span class='ocrx_word' id='word_1_178' title='bbox 495 1615 631 1671; x_wconf 89' lang='lat' dir='ltr'>inquit</span> <span class='ocrx_word' id='word_1_179' title='bbox 664 1629 694 1656; x_wconf 93' lang='lat' dir='ltr'>s.</span> <span class='ocrx_word' id='word_1_180' title='bbox 722 1611 919 1656; x_wconf 85' lang='lat' dir='ltr'>Thomas</span> <span class='ocrx_word' id='word_1_181' title='bbox 943 1604 1029 1668; x_wconf 65' lang='grc' dir='ltr'>(ξ),</span> <span class='ocrx_word' id='word_1_182' title='bbox 1059 1628 1080 1649; x_wconf 85' lang='grc'>&lt;&lt;</span> <span class='ocrx_word' id='word_1_183' title='bbox 1105 1626 1155 1652; x_wconf 78' lang='lat' dir='ltr'>ex</span> <span class='ocrx_word' id='word_1_184' title='bbox 1187 1608 1340 1652; x_wconf 88' lang='lat' dir='ltr'>eodem</span> <span class='ocrx_word' id='word_1_185' title='bbox 1373 1607 1497 1652; x_wconf 87' lang='lat' dir='ltr'>habet</span> <span class='ocrx_word' id='word_1_186' title='bbox 1518 1620 1636 1652; x_wconf 87' lang='lat' dir='ltr'>actus</span> 
     </span>
     <span class='ocr_line' id='line_1_23' title="bbox 217 1679 1636 1745; baseline -0.004 -15"><span class='ocrx_word' id='word_1_187' title='bbox 217 1687 385 1745; x_wconf 81' lang='lat' dir='ltr'>aliquis,</span> <span class='ocrx_word' id='word_1_188' title='bbox 417 1685 534 1743; x_wconf 89' lang='lat' dir='ltr'>quod</span> <span class='ocrx_word' id='word_1_189' title='bbox 566 1700 653 1727; x_wconf 91' lang='lat' dir='ltr'>non</span> <span class='ocrx_word' id='word_1_190' title='bbox 701 1684 755 1725; x_wconf 85' lang='lat' dir='ltr'>sit</span> <span class='ocrx_word' id='word_1_191' title='bbox 787 1682 924 1724; x_wconf 90' lang='lat' dir='ltr'>malus</span> <span class='ocrx_word' id='word_1_192' title='bbox 972 1682 1014 1723; x_wconf 86' lang='lat' dir='ltr'>in</span> <span class='ocrx_word' id='word_1_193' title='bbox 1047 1696 1202 1737; x_wconf 81' lang='lat' dir='ltr'>genere</span> <span class='ocrx_word' id='word_1_194' title='bbox 1252 1680 1401 1736; x_wconf 83' lang='lat' dir='ltr'>moris,</span> <span class='ocrx_word' id='word_1_195' title='bbox 1444 1692 1484 1723; x_wconf 92' lang='lat' dir='ltr'>et</span> <span class='ocrx_word' id='word_1_196' title='bbox 1518 1679 1636 1738; x_wconf 90' lang='lat' dir='ltr'>quod</span> 
     </span>
     <span class='ocr_line' id='line_1_24' title="bbox 215 1750 1485 1814; baseline -0.009 -13"><span class='ocrx_word' id='word_1_197' title='bbox 215 1759 273 1801; x_wconf 88' lang='lat' dir='ltr'>sit</span> <span class='ocrx_word' id='word_1_198' title='bbox 306 1758 462 1810; x_wconf 81' lang='lat' dir='ltr'>bonus,</span> <span class='ocrx_word' id='word_1_199' title='bbox 498 1757 595 1814; x_wconf 86' lang='lat' dir='ltr'>quia</span> <span class='ocrx_word' id='word_1_200' title='bbox 626 1770 712 1797; x_wconf 90' lang='lat' dir='ltr'>non</span> <span class='ocrx_word' id='word_1_201' title='bbox 745 1766 808 1797; x_wconf 84' lang='lat' dir='ltr'>est</span> <span class='ocrx_word' id='word_1_202' title='bbox 841 1753 992 1810; x_wconf 88' lang='lat' dir='ltr'>aliquis</span> <span class='ocrx_word' id='word_1_203' title='bbox 1026 1764 1141 1794; x_wconf 86' lang='lat' dir='ltr'>actus</span> <span class='ocrx_word' id='word_1_204' title='bbox 1175 1750 1432 1794; x_wconf 85' lang='lat' dir='ltr'>indifferens.</span> <span class='ocrx_word' id='word_1_205' title='bbox 1466 1767 1485 1790; x_wconf 91' lang='lat'>»</span> 
     </span>
    </p>
   </div>
   <div class='ocr_carea' id='block_1_3' title="bbox 219 1893 434 1899">
    <p class='ocr_par' dir='ltr' id='par_1_4' title="bbox 219 1893 434 1899">
     <span class='ocr_line' id='line_1_25' title="bbox 219 1893 434 1899; baseline 0 0"><span class='ocrx_word' id='word_1_206' title='bbox 219 1893 434 1899; x_wconf 95' lang='lat' dir='ltr'> </span> 
     </span>
    </p>
   </div>
   <div class='ocr_carea' id='block_1_4' title="bbox 213 1947 1638 2525">
    <p class='ocr_par' dir='ltr' id='par_1_5' title="bbox 213 1947 1638 2466">
     <span class='ocr_line' id='line_1_26' title="bbox 310 1947 1637 1997; baseline -0.003 -12"><span class='ocrx_word' id='word_1_207' title='bbox 310 1953 363 1996; x_wconf 74' lang='grc' dir='ltr'>(ι’)</span> <span class='ocrx_word' id='word_1_208' title='bbox 392 1952 568 1997; x_wconf 81' lang='lat' dir='ltr'>Apposite</span> <span class='ocrx_word' id='word_1_209' title='bbox 598 1950 743 1991; x_wconf 85' lang='lat' dir='ltr'>Caretti‚</span> <span class='ocrx_word' id='word_1_210' title='bbox 783 1948 868 1993; x_wconf 80' lang='lat' dir='ltr'>phil.</span> <span class='ocrx_word' id='word_1_211' title='bbox 908 1959 999 1982; x_wconf 86' lang='lat' dir='ltr'>mor.</span> <span class='ocrx_word' id='word_1_212' title='bbox 1036 1947 1183 1981; x_wconf 83' lang='lat' dir='ltr'>institut.</span> <span class='ocrx_word' id='word_1_213' title='bbox 1219 1957 1296 1991; x_wconf 77' lang='lat' dir='ltr'>cap.</span> <span class='ocrx_word' id='word_1_214' title='bbox 1323 1947 1385 1981; x_wconf 86' lang='grc' dir='ltr'><strong>ΙΙΙ.</strong></span> <span class='ocrx_word' id='word_1_215' title='bbox 1417 1958 1564 1993; x_wconf 83' lang='lat' dir='ltr'>propos.</span> <span class='ocrx_word' id='word_1_216' title='bbox 1592 1947 1637 1983; x_wconf 89' lang='lat'>8.:</span> 
     </span>
     <span class='ocr_line' id='line_1_27' title="bbox 217 2006 1637 2056; baseline -0.002 -13"><span class='ocrx_word' id='word_1_217' title='bbox 217 2027 239 2043; x_wconf 80' lang='grc'><strong>«</strong></span> <span class='ocrx_word' id='word_1_218' title='bbox 267 2012 334 2047; x_wconf 83' lang='lat' dir='ltr'>Cui</span> <span class='ocrx_word' id='word_1_219' title='bbox 362 2011 515 2056; x_wconf 84' lang='lat' dir='ltr'>plurima</span> <span class='ocrx_word' id='word_1_220' title='bbox 541 2010 610 2043; x_wconf 86' lang='lat' dir='ltr'>sint</span> <span class='ocrx_word' id='word_1_221' title='bbox 637 2009 765 2043; x_wconf 83' lang='lat' dir='ltr'>horrea</span> <span class='ocrx_word' id='word_1_222' title='bbox 793 2007 975 2041; x_wconf 85' lang='lat' dir='ltr'>frumento</span> <span class='ocrx_word' id='word_1_223' title='bbox 1003 2006 1123 2051; x_wconf 77' lang='lat' dir='ltr'>plena,</span> <span class='ocrx_word' id='word_1_224' title='bbox 1153 2007 1229 2040; x_wconf 88' lang='lat' dir='ltr'>eius</span> <span class='ocrx_word' id='word_1_225' title='bbox 1255 2006 1405 2039; x_wconf 77' lang='lat' dir='ltr'>maximi</span> <span class='ocrx_word' id='word_1_226' title='bbox 1422 2006 1460 2040; x_wconf 90' lang='lat' dir='ltr'>fit</span> <span class='ocrx_word' id='word_1_227' title='bbox 1479 2008 1637 2052; x_wconf 88' lang='lat' dir='ltr'>proprie-</span> 
     </span>
     <span class='ocr_line' id='line_1_28' title="bbox 217 2065 1638 2113; baseline -0.003 -7"><span class='ocrx_word' id='word_1_228' title='bbox 217 2082 295 2113; x_wconf 83' lang='lat' dir='ltr'>tas;</span> <span class='ocrx_word' id='word_1_229' title='bbox 325 2071 422 2105; x_wconf 86' lang='lat' dir='ltr'>nulla</span> <span class='ocrx_word' id='word_1_230' title='bbox 452 2079 571 2104; x_wconf 79' lang='lat' dir='ltr'>autem</span> <span class='ocrx_word' id='word_1_231' title='bbox 616 2068 840 2103; x_wconf 73' lang='lat' dir='ltr'>existimatur</span> <span class='ocrx_word' id='word_1_232' title='bbox 875 2067 980 2108; x_wconf 88' lang='lat' dir='ltr'>illius,</span> <span class='ocrx_word' id='word_1_233' title='bbox 1019 2067 1077 2112; x_wconf 88' lang='lat' dir='ltr'>qui</span> <span class='ocrx_word' id='word_1_234' title='bbox 1115 2077 1228 2111; x_wconf 82' lang='lat' dir='ltr'>pauca</span> <span class='ocrx_word' id='word_1_235' title='bbox 1266 2065 1392 2100; x_wconf 81' lang='lat' dir='ltr'>habeat</span> <span class='ocrx_word' id='word_1_236' title='bbox 1428 2065 1579 2102; x_wconf 84' lang='lat' dir='ltr'>semina.</span> <span class='ocrx_word' id='word_1_237' title='bbox 1604 2067 1638 2101; x_wconf 93' lang='lat' dir='ltr'>A</span> 
     </span>
     <span class='ocr_line' id='line_1_29' title="bbox 219 2125 1636 2177; baseline -0.002 -14"><span class='ocrx_word' id='word_1_238' title='bbox 219 2132 316 2177; x_wconf 81' lang='lat' dir='ltr'>pari:</span> <span class='ocrx_word' id='word_1_239' title='bbox 345 2131 402 2176; x_wconf 86' lang='lat' dir='ltr'>qui</span> <span class='ocrx_word' id='word_1_240' title='bbox 431 2137 638 2163; x_wconf 76' lang='lat' dir='ltr'>constanter</span> <span class='ocrx_word' id='word_1_241' title='bbox 678 2129 725 2161; x_wconf 77' lang='lat' dir='ltr'>sic</span> <span class='ocrx_word' id='word_1_242' title='bbox 755 2136 934 2172; x_wconf 83' lang='lat' dir='ltr'>operatur,</span> <span class='ocrx_word' id='word_1_243' title='bbox 971 2134 1019 2168; x_wconf 84' lang='lat' dir='ltr'>ut,</span> <span class='ocrx_word' id='word_1_244' title='bbox 1054 2126 1326 2172; x_wconf 83' lang='lat' dir='ltr'>qualiscumque</span> <span class='ocrx_word' id='word_1_245' title='bbox 1363 2125 1408 2159; x_wconf 90' lang='lat' dir='ltr'>sit</span> <span class='ocrx_word' id='word_1_246' title='bbox 1445 2125 1519 2159; x_wconf 87' lang='lat' dir='ltr'>eius</span> <span class='ocrx_word' id='word_1_247' title='bbox 1546 2125 1636 2168; x_wconf 89' lang='lat' dir='ltr'>finis,</span> 
     </span>
     <span class='ocr_line' id='line_1_30' title="bbox 218 2184 1638 2235; baseline -0.005 -11"><span class='ocrx_word' id='word_1_248' title='bbox 218 2201 361 2235; x_wconf 81' lang='lat' dir='ltr'>semper</span> <span class='ocrx_word' id='word_1_249' title='bbox 400 2190 445 2223; x_wconf 89' lang='lat' dir='ltr'>sit</span> <span class='ocrx_word' id='word_1_250' title='bbox 480 2197 626 2222; x_wconf 84' lang='lat' dir='ltr'>naturae</span> <span class='ocrx_word' id='word_1_251' title='bbox 667 2186 832 2220; x_wconf 82' lang='lat' dir='ltr'>rationali</span> <span class='ocrx_word' id='word_1_252' title='bbox 875 2185 1105 2226; x_wconf 74' lang='lat' dir='ltr'>conveniens,</span> <span class='ocrx_word' id='word_1_253' title='bbox 1141 2186 1168 2217; x_wconf 84' lang='lat' dir='ltr'>is</span> <span class='ocrx_word' id='word_1_254' title='bbox 1194 2184 1365 2218; x_wconf 84' lang='lat' dir='ltr'>honestus</span> <span class='ocrx_word' id='word_1_255' title='bbox 1403 2192 1570 2218; x_wconf 85' lang='lat' dir='ltr'>censetur</span> <span class='ocrx_word' id='word_1_256' title='bbox 1602 2193 1638 2218; x_wconf 88' lang='lat' dir='ltr'>et</span> 
     </span>
     <span class='ocr_line' id='line_1_31' title="bbox 213 2243 1637 2295; baseline -0.004 -13"><span class='ocrx_word' id='word_1_257' title='bbox 213 2249 347 2295; x_wconf 84' lang='lat' dir='ltr'>dignus</span> <span class='ocrx_word' id='word_1_258' title='bbox 373 2247 506 2289; x_wconf 80' lang='lat' dir='ltr'>lande3</span> <span class='ocrx_word' id='word_1_259' title='bbox 536 2248 565 2280; x_wconf 93' lang='lat' dir='ltr'>si</span> <span class='ocrx_word' id='word_1_260' title='bbox 592 2256 713 2281; x_wconf 82' lang='lat' dir='ltr'>tamen</span> <span class='ocrx_word' id='word_1_261' title='bbox 741 2246 891 2279; x_wconf 83' lang='lat' dir='ltr'>seorsim</span> <span class='ocrx_word' id='word_1_262' title='bbox 918 2245 1054 2290; x_wconf 78' lang='lat' dir='ltr'>aliquae</span> <span class='ocrx_word' id='word_1_263' title='bbox 1093 2245 1253 2278; x_wconf 81' lang='lat' dir='ltr'>actiones</span> <span class='ocrx_word' id='word_1_264' title='bbox 1287 2243 1575 2286; x_wconf 76' lang='lat' dir='ltr'>considerentur,</span> <span class='ocrx_word' id='word_1_265' title='bbox 1602 2243 1637 2277; x_wconf 88' lang='lat' dir='ltr'>in</span> 
     </span>
     <span class='ocr_line' id='line_1_32' title="bbox 216 2302 1638 2354; baseline -0.004 -13"><span class='ocrx_word' id='word_1_266' title='bbox 216 2309 347 2354; x_wconf 82' lang='lat' dir='ltr'>quibus</span> <span class='ocrx_word' id='word_1_267' title='bbox 384 2307 465 2341; x_wconf 83' lang='lat' dir='ltr'>finis</span> <span class='ocrx_word' id='word_1_268' title='bbox 503 2307 546 2340; x_wconf 84' lang='lat' dir='ltr'>sit</span> <span class='ocrx_word' id='word_1_269' title='bbox 593 2314 699 2339; x_wconf 78' lang='lat' dir='ltr'>tenue</span> <span class='ocrx_word' id='word_1_270' title='bbox 728 2305 869 2349; x_wconf 77' lang='lat' dir='ltr'>aliquod</span> <span class='ocrx_word' id='word_1_271' title='bbox 905 2305 1053 2345; x_wconf 82' lang='lat' dir='ltr'>bonurn,</span> <span class='ocrx_word' id='word_1_272' title='bbox 1081 2303 1154 2337; x_wconf 81' lang='lat' dir='ltr'>eius</span> <span class='ocrx_word' id='word_1_273' title='bbox 1181 2303 1273 2337; x_wconf 81' lang='lat' dir='ltr'>actio</span> <span class='ocrx_word' id='word_1_274' title='bbox 1301 2302 1466 2347; x_wconf 87' lang='lat' dir='ltr'>quamvis</span> <span class='ocrx_word' id='word_1_275' title='bbox 1507 2313 1638 2336; x_wconf 87' lang='lat' dir='ltr'>conve-</span> 
     </span>
     <span class='ocr_line' id='line_1_33' title="bbox 216 2358 1638 2410; baseline -0.004 -11"><span class='ocrx_word' id='word_1_276' title='bbox 216 2366 322 2399; x_wconf 82' lang='lat' dir='ltr'>niens</span> <span class='ocrx_word' id='word_1_277' title='bbox 349 2374 381 2398; x_wconf 86' lang='lat' dir='ltr'>et</span> <span class='ocrx_word' id='word_1_278' title='bbox 408 2364 559 2410; x_wconf 86' lang='lat' dir='ltr'>proinde</span> <span class='ocrx_word' id='word_1_279' title='bbox 586 2363 693 2396; x_wconf 81' lang='lat' dir='ltr'>laude</span> <span class='ocrx_word' id='word_1_280' title='bbox 720 2363 828 2407; x_wconf 78' lang='lat' dir='ltr'>digna</span> <span class='ocrx_word' id='word_1_281' title='bbox 868 2363 923 2403; x_wconf 88' lang='lat' dir='ltr'>sit,</span> <span class='ocrx_word' id='word_1_282' title='bbox 955 2371 1077 2396; x_wconf 78' lang='lat' dir='ltr'>tamen</span> <span class='ocrx_word' id='word_1_283' title='bbox 1115 2372 1189 2394; x_wconf 89' lang='lat' dir='ltr'>non</span> <span class='ocrx_word' id='word_1_284' title='bbox 1224 2360 1397 2402; x_wconf 84' lang='lat' dir='ltr'>laudatur,</span> <span class='ocrx_word' id='word_1_285' title='bbox 1433 2359 1515 2406; x_wconf 88' lang='lat' dir='ltr'>quia</span> <span class='ocrx_word' id='word_1_286' title='bbox 1539 2358 1638 2405; x_wconf 91' lang='lat' dir='ltr'>quod</span> 
     </span>
     <span class='ocr_line' id='line_1_34' title="bbox 218 2418 1538 2466; baseline -0.005 -10"><span class='ocrx_word' id='word_1_287' title='bbox 218 2424 323 2457; x_wconf 85' lang='lat' dir='ltr'>valde</span> <span class='ocrx_word' id='word_1_288' title='bbox 349 2434 544 2457; x_wconf 85' lang='lat' dir='ltr'>commune</span> <span class='ocrx_word' id='word_1_289' title='bbox 576 2431 639 2464; x_wconf 88' lang='lat' dir='ltr'>est,</span> <span class='ocrx_word' id='word_1_290' title='bbox 666 2421 862 2466; x_wconf 83' lang='lat' dir='ltr'>specialem</span> <span class='ocrx_word' id='word_1_291' title='bbox 889 2420 1002 2454; x_wconf 82' lang='lat' dir='ltr'>laudis</span> <span class='ocrx_word' id='word_1_292' title='bbox 1028 2420 1207 2454; x_wconf 81' lang='lat' dir='ltr'>rationem</span> <span class='ocrx_word' id='word_1_293' title='bbox 1234 2430 1308 2453; x_wconf 90' lang='lat' dir='ltr'>non</span> <span class='ocrx_word' id='word_1_294' title='bbox 1329 2418 1494 2464; x_wconf 83' lang='lat' dir='ltr'>postulat.</span> <span class='ocrx_word' id='word_1_295' title='bbox 1520 2431 1538 2450; x_wconf 87' lang='lat'>»</span> 
     </span>
    </p>

    <p class='ocr_par' dir='ltr' id='par_1_6' title="bbox 314 2480 1371 2525">
     <span class='ocr_line' id='line_1_35' title="bbox 314 2480 1371 2525; baseline -0.005 -9"><span class='ocrx_word' id='word_1_296' title='bbox 314 2484 371 2525; x_wconf 78' lang='lat'>(2)</span> <span class='ocrx_word' id='word_1_297' title='bbox 400 2483 438 2515; x_wconf 83' lang='lat' dir='ltr'>In</span> <span class='ocrx_word' id='word_1_298' title='bbox 470 2494 499 2516; x_wconf 92' lang='lat'>1.</span> <span class='ocrx_word' id='word_1_299' title='bbox 532 2492 561 2515; x_wconf 87' lang='lat'>2.</span> <span class='ocrx_word' id='word_1_300' title='bbox 589 2490 691 2515; x_wconf 81' lang='lat' dir='ltr'>tract.</span> <span class='ocrx_word' id='word_1_301' title='bbox 728 2481 787 2514; x_wconf 90' lang='lat' dir='ltr'>III.</span> <span class='ocrx_word' id='word_1_302' title='bbox 815 2480 901 2524; x_wconf 87' lang='lat' dir='ltr'>disp.</span> <span class='ocrx_word' id='word_1_303' title='bbox 930 2480 990 2513; x_wconf 72' lang='lat' dir='ltr'>IX.</span> <span class='ocrx_word' id='word_1_304' title='bbox 1017 2488 1101 2513; x_wconf 88' lang='lat' dir='ltr'>sect.</span> <span class='ocrx_word' id='word_1_305' title='bbox 1133 2487 1161 2521; x_wconf 81' lang='lat'>3.</span> <span class='ocrx_word' id='word_1_306' title='bbox 1189 2490 1287 2512; x_wconf 87' lang='lat' dir='ltr'>num.</span> <span class='ocrx_word' id='word_1_307' title='bbox 1319 2487 1371 2512; x_wconf 89' lang='lat'>10.</span> 
     </span>
    </p>
   </div>
   <div class='ocr_carea' id='block_1_5' title="bbox 320 2539 787 2585">
    <p class='ocr_par' dir='ltr' id='par_1_7' title="bbox 320 2539 787 2585">
     <span class='ocr_line' id='line_1_36' title="bbox 320 2539 787 2585; baseline -0.006 -10"><span class='ocrx_word' id='word_1_308' title='bbox 320 2541 377 2584; x_wconf 67' lang='grc' dir='ltr'>(ς’)</span> <span class='ocrx_word' id='word_1_309' title='bbox 405 2539 525 2585; x_wconf 83' lang='lat' dir='ltr'>Suppl.</span> <span class='ocrx_word' id='word_1_310' title='bbox 553 2551 586 2585; x_wconf 87' lang='lat' dir='ltr'>q.</span> <span class='ocrx_word' id='word_1_311' title='bbox 616 2541 672 2585; x_wconf 77' lang='grc'>49.</span> <span class='ocrx_word' id='word_1_312' title='bbox 700 2550 730 2573; x_wconf 80' lang='lat' dir='ltr'>a.</span> <span class='ocrx_word' id='word_1_313' title='bbox 757 2549 787 2581; x_wconf 84' lang='grc'>4.</span> 
     </span>
    </p>
   </div>
  </div>
 </body>
</html>
