1734 2784
778 97 1004 138 —86-

182 196 430 254 impediunt:
455 195 518 237 sin
539 195 680 236 minus
705 192 812 235 bona
840 191 964 234 huius
991 192 1097 233 vitae
1122 190 1271 248 abripit
1299 207 1430 235 mors,
1450 193 1594 236 Nemo

179 270 304 312 etiam
340 268 532 324 quamvis
565 265 832 309 sanctissime
857 263 938 305 huc
962 278 1097 320 usque
1122 263 1287 315 vixerit,
1314 278 1489 307 securus
1514 276 1592 320 est,

180 356 223 382 se
257 341 497 382 innocuam¹
519 355 539 381 a
574 337 723 380 morali
759 335 1070 378 inordinatione
1104 335 1234 377 vitam
1269 334 1596 391 perducturum.

299 416 415 463 (Quae
449 410 591 453 omnia
634 410 692 451 sic
740 408 920 451 breviter
968 407 1141 464 exponit
1191 424 1223 450 5.
1261 407 1457 450 Thomas
1491 407 1591 467 (1):

181 503 201 523 «
227 482 451 526 Beatitudo
486 497 581 524 cum
617 482 667 523 sit
702 480 934 537 perfectum
959 491 998 522 et
1021 477 1234 522 sufficiens
1257 478 1434 536 bonum,
1458 495 1589 524 omne

180 554 337 598 malum
372 553 555 597 excludit
587 566 626 595 et
650 567 777 594 omne
802 550 1061 594 desiderium
1084 550 1246 608 implet.
1266 551 1313 593 In
1348 551 1422 594 hac
1445 564 1586 595 autem

179 627 263 668 vita
296 642 381 669 non
416 638 555 682 potest
590 639 716 665 omne
751 621 913 665 malum
938 622 1123 665 excludi:
1160 621 1306 665 multis
1336 624 1450 666 enim
1475 623 1593 667 malis

180 712 375 755 praesens
409 698 491 739 vita
526 695 738 747 subiacet,
775 711 880 752 quae
913 695 1034 737 Vitari
1058 709 1144 737 non
1168 707 1363 752 possunt,
1388 707 1427 738 et
1460 696 1592 753 igno-

180 770 335 812 rantiae
371 786 419 811 ex
453 781 568 826 parte
603 766 840 810 intellectus
866 801 876 819 ,
911 779 951 809 et
985 766 1247 809 inordinatae
1280 766 1512 810 affectionis
1545 783 1595 810 ex

177 852 293 898 parte
327 841 552 897 appetitus,
587 851 626 882 et
662 837 966 896 multiplicibus
1016 837 1341 895 poenalitatibus
1382 854 1431 881 ex
1478 850 1594 896 parte

179 913 384 969 corporis,
419 911 620 955 Similiter
653 912 779 953 etiam
813 911 913 953 boni
948 908 1205 952 desiderium
1238 911 1281 952 in
1315 910 1389 953 hac
1412 911 1495 953 vita
1532 925 1594 952 sa-

178 985 267 1027 tiari
300 999 387 1027 non
420 996 587 1041 potest:
621 981 864 1025 naturaliter
897 982 1010 1025 enim
1046 982 1086 1023 in
1120 980 1196 1024 hac
1230 982 1314 1024 vita
1348 981 1483 1024 homo
1518 980 1594 1025 de-

178 1055 331 1099 siderat
379 1055 480 1098 boni
525 1055 889 1113 permanentiam,
937 1053 1054 1111 quod
1103 1052 1236 1096 habet.
1287 1054 1405 1097 Bona
1451 1064 1593 1097 autem

178 1128 407 1186 praesentis
439 1128 550 1170 vitae
583 1127 823 1169 transitoria
847 1138 961 1180 sunt,
989 1141 1088 1168 cum
1113 1137 1152 1168 et
1176 1127 1265 1183 ipsa
1286 1127 1372 1169 vita
1398 1137 1594 1184 transeat,

178 1216 305 1257 quam
340 1200 584 1242 naturaliter
618 1197 921 1251 desideramus,
957 1210 996 1240 et
1029 1213 1157 1255 quam
1181 1209 1388 1255 perpetuo
1422 1213 1594 1255 perma-

177 1286 278 1314 nere
311 1269 542 1327 vellemus,
576 1271 674 1328 quia
722 1268 966 1312 naturaliter
1010 1268 1144 1311 homo
1188 1268 1344 1325 refugit
1392 1281 1592 1313 mortem.

178 1342 301 1386 Unde
335 1341 601 1399 impossibile
635 1353 713 1394 est,
749 1340 865 1399 quod
899 1341 941 1382 in
975 1340 1051 1383 hac
1098 1341 1182 1383 vita
1229 1355 1325 1384 Vera
1375 1339 1593 1384 beatitudo

177 1412 434 1456 habeatur.»
477 1414 592 1456 Haec
642 1414 740 1455 satis
791 1428 1007 1470 superque
1051 1424 1148 1455 sunt
1192 1412 1241 1456 ad
1289 1412 1589 1470 explanandam

175 1486 411 1542 veritatem,
445 1501 550 1542 quae
584 1485 695 1543 apud
729 1500 879 1528 omnes
913 1486 955 1527 in
1007 1483 1203 1545 confesso
1253 1496 1345 1539 est,
1380 1500 1593 1544 quamque

178 1557 407 1614 unicuique
440 1558 528 1614 ipsa
561 1556 726 1601 abunde
760 1556 1010 1615 comprobat
1045 1557 1313 1613 experientia.

175 1705 285 1739 tribus
311 1705 410 1739 hisce
437 1706 611 1750 capitibus
639 1706 711 1752 agit
734 1705 848 1751 primo
877 1705 919 1739 de
947 1705 1052 1738 malis
1089 1703 1193 1738 huius
1234 1705 1341 1743 vitae,
1368 1716 1456 1751 quae
1490 1706 1593 1740 bonis

177 1763 419 1810 improbisque
447 1766 657 1799 communia
684 1774 778 1808 sunt,
806 1763 944 1799 secundo
965 1764 1006 1798 de
1026 1764 1067 1798 iis
1095 1764 1211 1806 malis,
1242 1776 1330 1810 quae
1348 1764 1391 1798 ad
1418 1765 1592 1798 iustorum

176 1824 338 1858 laborem
365 1823 569 1868 specialiter
594 1826 784 1869 pertinent,
827 1824 925 1859 tertio
965 1825 1007 1858 de
1035 1824 1148 1866 bonis,
1188 1825 1315 1871 quibus
1356 1824 1463 1859 etiam
1498 1824 1592 1859 hanc

175 1882 285 1916 vitam
314 1882 464 1917 Creator
490 1884 666 1920 instruxit,
694 1885 791 1918 Haec
819 1885 914 1919 bona
949 1884 995 1918 ait
1031 1895 1108 1918 esse
1148 1884 1270 1918 solatia
1303 1885 1491 1927 viatorum,
1519 1896 1593 1919 non

170 1943 328 1988 praemia
353 1943 540 1984 beatorum·
567 1952 645 1977 tum
672 1954 756 1978 vero
784 1943 832 1978 sic
861 1943 1061 1978 concludit:
1091 1934 1122 1975 α’
1138 1944 1243 1989 Quae
1268 1943 1375 1990 igitur
1395 1943 1453 1978 illa
1481 1945 1593 1989 (bona

176 2001 315 2036 futurae
341 2003 450 2045 vitae)
479 2012 569 2045 sunt,
597 2004 624 2036 si
650 2011 704 2037 tot
732 2014 772 2037 ac
800 2003 883 2037 talia
911 2014 950 2037 ac
978 2012 1076 2038 tanta
1103 2012 1184 2038 sunt
1212 2003 1306 2038 ista?
1333 2019 1348 2034 »

271 2062 327 2106 (1)
355 2062 394 2095 In
427 2072 455 2096 1.
486 2073 517 2096 2.
546 2075 579 2108 q.
601 2062 632 2096 6.
652 2075 681 2097 a.
704 2074 733 2108 3.
754 2062 810 2097 Cf.
832 2074 975 2110 quoque
1003 2063 1182 2107 Boetiurn‚
1205 2064 1250 2098 de
1275 2064 1364 2109 phil.
1387 2075 1485 2099 cons.
1505 2064 1526 2098 1.
1548 2065 1591 2099 ΙΙ.

175 2133 226 2166 pr.
253 2130 299 2164 4.;
329 2133 348 2153 «
365 2121 479 2156 Anxia
507 2133 562 2156 res
589 2131 641 2157 est
669 2122 911 2157 humanorum
940 2123 1099 2158 conditio
1140 2124 1319 2158 bonorum
1347 2134 1381 2159 et
1408 2135 1497 2170 quae
1535 2125 1590 2159 vel

176 2192 374 2227 numquam
394 2189 467 2216 tota
489 2182 677 2228 proveniat
695 2182 751 2217 vel
772 2194 970 2229 numquam
997 2191 1173 2228 perpetua
1199 2183 1378 2219 subsistat.
1399 2183 1491 2218 Huic
1511 2195 1592 2219 cen-

175 2250 233 2273 sus
259 2239 440 2282 exuberat,
463 2240 525 2274 sed
551 2250 601 2275 est
629 2240 758 2286 pudori
786 2241 942 2287 degener
968 2242 1126 2288 sanguis:
1147 2241 1240 2276 hunc
1266 2243 1436 2278 nobilitas
1462 2251 1590 2278 notum

175 2297 271 2341 facit,
297 2299 359 2333 sed
385 2300 549 2345 angustia
577 2301 625 2335 rei
660 2299 843 2334 familiaris
875 2300 1031 2335 inclusus
1067 2313 1145 2337 esse
1179 2301 1301 2337 mallet
1330 2304 1485 2348 ignotus.
1525 2303 1591 2338 Ille

175 2367 326 2403 utroque
353 2358 580 2393 circumfluus
607 2360 717 2393 vitam
744 2359 919 2393 caelibem
959 2359 1076 2394 deflet:
1107 2360 1169 2395 ille
1207 2361 1337 2406 nuptiis
1364 2359 1448 2395 felix
1482 2362 1592 2396 orbus

174 2417 294 2451 liberis
321 2418 440 2453 alieno
467 2430 614 2453 censum
642 2420 747 2454 nutrit
776 2419 905 2454 heredi.
940 2420 1044 2454 Alius
1070 2420 1172 2465 prole
1192 2420 1341 2455 laetatus
1370 2421 1434 2455 filii
1452 2422 1589 2457 filiaeve

175 2477 314 2512 delictis
340 2487 500 2513 moestus
529 2477 724 2513 illacrimat.
754 2478 890 2513 Idcirco
919 2491 1028 2514 nemo
1055 2478 1158 2514 facile
1198 2491 1279 2513 cum
1306 2479 1469 2514 fortunae
1506 2491 1589 2515 suae

175 2537 381 2573 conditione
412 2537 619 2573 concordat:
650 2539 739 2574 inest
770 2539 864 2574 enim
893 2539 1043 2586 singulis
1074 2539 1167 2586 quod
1195 2539 1399 2585 inexpertus
1434 2539 1589 2583 ignoret,

177 2605 340 2642 expertus
369 2597 555 2633 exhorreat
586 2608 649 2633 etc.
671 2613 686 2631 ))
