1734 2784
177 152 318 184 actum
343 137 573 181 voluntatis
592 150 679 177 non
698 133 906 187 sufficere,
926 131 1000 175 sed
1023 133 1311 175 necessarium
1335 147 1427 176 esse
1448 145 1591 178 actum

179 211 369 261 rationis,
404 224 425 250 a
459 223 540 265 qua
563 205 796 262 superioris
821 203 1017 246 voluntas
1051 202 1284 260 reguletur3
1317 202 1415 248 hinc
1437 203 1488 248 de
1510 221 1593 249 vo-

178 281 353 324 luntatis
387 291 480 321 actu
514 277 623 333 silet,
655 288 695 319 et
728 275 883 318 diserte
904 286 1070 316 tantum
1103 273 1293 331 loquitur
1315 273 1366 317 de
1398 287 1491 318 actu
1525 291 1595 319 ra-

177 352 321 404 tionis,
355 349 405 393 ad
428 349 519 392 eius
542 348 747 390 nimirum
780 346 1073 388 necessitatem
1107 344 1415 398 inculcandam,
1438 361 1513 389 seu
1543 345 1594 389 ad

180 423 445 468 statuendam
481 422 585 464 hanc
619 419 983 463 fundamentalem
1031 419 1270 474 veritatem,
1317 434 1479 462 meram
1511 434 1594 462 vo-

179 497 383 538 luntatem
417 509 491 535 seu
526 492 745 534 arbitrium
779 490 1012 547 superioris
1045 504 1133 531 non
1165 488 1358 531 sufficere
1402 488 1452 532 ad
1487 504 1595 533 con-

182 566 363 609 dendam
396 565 552 621 legem,
589 562 662 605 sed
697 563 876 605 omnino
910 561 1197 604 necessarium
1232 575 1337 616 esse,
1371 559 1488 617 quod
1520 576 1595 603 vo-

180 638 318 679 luntas
352 635 584 693 superioris
619 634 670 676 sit
706 631 893 687 regulata
926 647 947 674 a
979 644 1090 674 recta
1138 631 1328 674 ratione:
1371 629 1598 688 «alioquin

182 706 378 750 voluntas
412 706 613 763 principis
648 705 784 760 magis
818 715 927 746 esset
960 703 1159 760 iniquitas
1194 717 1322 758 quam
1355 700 1456 743 lex»
1496 700 1580 760 (1).

299 778 389 821 Nec
425 775 643 819 dissimilis
679 787 740 817 est
774 774 849 817 hac
874 775 915 816 in
942 789 986 816 re
1009 772 1166 815 modus
1190 771 1393 830 loquendi
1415 772 1598 815 aliorum

182 861 418 890 auctorum.
454 848 515 889 Ita
549 846 614 888 lex
647 858 812 888 aeterna
835 861 856 887 a
878 860 910 888 S.
933 845 1177 900 Augustino
1201 842 1270 901 (2)
1293 855 1468 886 vocatur
1489 843 1596 886 ratio

182 932 366 971 aeterna,
401 933 571 960 summa
605 918 723 960 ratio.
757 918 864 959 Item
898 915 946 958 ab
980 915 1211 958 Aristotele
1243 914 1315 972 (3)
1347 914 1413 956 lex
1445 913 1598 957 dicitur

182 991 320 1033 oratio
353 1006 374 1032 a
407 989 631 1046 prudentia
667 1000 706 1031 et
740 999 882 1030 mente
925 985 1127 1044 profecta.
1171 986 1278 1028 Item
1323 983 1496 1028 Tullius
1529 985 1600 1043 (4)

181 1062 296 1105 dicit:
336 1061 442 1104 «lex
475 1074 538 1103 est
571 1061 677 1104 ratio
713 1075 898 1115 summa,
923 1059 1048 1100 insita
1069 1059 1116 1100 in
1149 1069 1312 1113 natura,
1345 1072 1452 1114 quae
1485 1055 1602 1099 iubet

184 1149 230 1176 ea
262 1149 368 1190 quae
412 1131 602 1175 facienda
648 1143 765 1184 sunt,
800 1129 1082 1188 prohibetque
1132 1128 1406 1172 contraria.»
1461 1127 1601 1170 Simili

182 1205 310 1247 etiam
344 1216 466 1261 pacto
500 1204 543 1244 in
577 1202 805 1260 Scripturis
838 1202 981 1253 sacris,
1015 1199 1264 1257 praesertim
1288 1213 1390 1240 vero
1413 1199 1456 1240 in
1479 1197 1601 1240 Psal-

183 1277 280 1332 mis,
315 1275 478 1318 divinae
510 1274 625 1330 leges
659 1274 817 1330 passim
852 1272 1115 1330 appellantur
1150 1270 1297 1313 iudicia
1330 1270 1410 1311 Dei
1441 1268 1526 1327 (5).

306 1347 475 1389 Dicitur
511 1345 590 1403 3.⁰)
623 1347 664 1387 in
699 1344 846 1387 honum.
877 1358 1097 1386 commune.
1121 1366 1178 1374 -
1201 1340 1337 1393 Quod
1360 1339 1425 1383 lex
1457 1338 1602 1382 debeat

184 1417 359 1460 tendere
391 1418 433 1459 in
468 1416 616 1460 honum
649 1428 688 1458 et
722 1414 896 1472 quidem
910 1413 1038 1472 finale
1059 1428 1133 1470 per
1157 1428 1201 1455 se
1224 1404 1351 1469 patet:
1380 1409 1602 1474 manifeste

184 1490 300 1531 enim
335 1488 385 1532 de
417 1490 579 1531 ratione
613 1486 782 1543 regulae
832 1502 906 1529 seu
940 1484 1222 1528 ordinationis
1265 1494 1342 1535 est,
1377 1494 1423 1524 ut
1454 1493 1602 1539 vergat

283 1686 340 1729 (1)
367 1685 406 1717 In
427 1695 451 1718 1.
470 1693 547 1729 2„q,
561 1693 616 1729 90.
633 1695 661 1718 a.
689 1694 713 1717 1.
731 1684 773 1717 ad
790 1694 819 1728 3.
838 1683 910 1717 Has
926 1693 1043 1724 voces,
1059 1679 1232 1715 ordinatio
1247 1678 1405 1720 rationis,
1420 1677 1604 1723 explicans

186 1744 341 1785 Balmes,
369 1744 439 1778 loc.
469 1744 538 1777 cit.:
577 1744 631 1777 He
667 1745 757 1789 aqui,
784 1741 972 1784 exclamat,
1013 1739 1234 1775 desterradas
1273 1739 1306 1772 la
1347 1736 1603 1772 arbitrariedad

181 1816 207 1849 y
235 1803 268 1837 la
294 1802 422 1837 fuerza:
453 1803 496 1837 he
525 1804 604 1849 aqui
629 1801 863 1848 proclamacio
904 1802 935 1835 el
961 1800 1139 1847 principio
1167 1798 1211 1832 de
1239 1808 1306 1843 que
1345 1797 1380 1831 la
1406 1796 1467 1842 ley
1491 1807 1540 1830 no
1567 1806 1606 1830 es

191 1875 239 1896 un
267 1875 366 1897 mero
394 1862 511 1897 efecto
544 1863 587 1896 de
615 1861 644 1895 la
674 1861 860 1896 voluntad:
888 1860 932 1895 he
959 1862 1040 1907 aqui
1066 1871 1153 1906 muy
1179 1860 1263 1892 bien
1283 1855 1468 1902 corregida
1493 1856 1527 1891 la
1545 1856 1606 1889 ce-

191 1922 290 1957 lebre
318 1923 512 1964 sentencia,
545 1920 630 1968 quod
651 1921 804 1968 principi
824 1920 967 1967 placuit,
994 1920 1074 1966 legis
1099 1919 1194 1954 habet
1217 1919 1411 1963 vigorem.»

283 1982 339 2025 (2)
368 1982 407 2015 In
438 1992 463 2014 1.
493 1982 535 2015 de
565 1981 625 2014 lib.
654 1981 726 2014 arb.
753 1991 833 2025 cap.
864 1979 896 2014 6.

279 2042 335 2086 (3)
366 2042 403 2074 In
432 2042 456 2076 l.
483 2043 527 2077 X.
558 2040 676 2074 Ethic.
707 2051 736 2074 c.
764 2050 808 2085 9.:
842 2039 882 2073 'O
910 2040 948 2073 δὲ
979 2042 1079 2084 νόμος
1108 2038 1369 2082 &azy-auctam
1397 2035 1471 2081 ἔχει
1495 2033 1607 2067 δῦναι

185 2114 256 2146 μιν,
283 2100 385 2143 λόγος
412 2100 456 2130 ὧν
484 2101 551 2132 ἀπό
577 2112 666 2136 τινος
694 2101 888 2144 φρονήσεως
916 2099 973 2129 καὶ
1000 2098 1122 2131 mim..
1152 2094 1167 2127 ὁ
1196 2094 1234 2127 ’ἳέ
1262 2094 1364 2139 νόμος
1405 2092 1464 2127 οὐκ
1503 2092 1602 2125 ἔστιν

189 2158 343 2203 ἐπαχθὴς
367 2158 494 2191 τάττων
520 2159 557 2191 τὸ
585 2158 742 2195 ἐπιεικές.
771 2157 845 2191 Lex
872 2156 1027 2202 cogendi
1053 2156 1125 2189 vim
1152 2155 1270 2196 habet,
1297 2165 1379 2188 cum
1405 2154 1448 2188 sit
1488 2153 1603 2187 oratio

187 2230 230 2251 ex
258 2216 448 2262 prudentia
477 2216 631 2263 quadam
659 2225 691 2251 et
719 2226 840 2251 mente
866 2215 1073 2262 profecta...
1101 2214 1158 2248 lex
1185 2226 1266 2248 cum
1294 2213 1510 2259 probitatem
1545 2213 1602 2246 iu-

188 2277 260 2319 bet,
287 2276 371 2310 odio
400 2288 475 2311 non
502 2285 565 2318 est,
594 2287 655 2310 seu
683 2276 807 2322 gravis·
827 2288 904 2311 esse
929 2287 1003 2310 non
1030 2275 1132 2309 solet.

286 2336 342 2380 (4)
370 2336 424 2370 De
452 2335 520 2382 leg.
547 2336 576 2371 1.
604 2335 636 2369 6.

285 2396 341 2438 (5)
369 2395 537 2430 Ceterum
565 2394 759 2430 difficultas
787 2396 906 2429 omnis
933 2394 1034 2428 citius
1054 2393 1146 2428 forte
1166 2392 1312 2427 diluitur
1328 2392 1356 2426 si
1375 2390 1603 2426 animadver-

190 2461 296 2494 tatur,
315 2465 419 2499 saepe
438 2455 480 2488 ab
508 2454 714 2488 auctoribus
731 2454 795 2488 sub
814 2462 935 2488 mente
952 2452 1009 2487 vel
1027 2453 1165 2486 ratione
1192 2450 1416 2487 intellectum
1435 2449 1544 2484 simul
1570 2456 1606 2482 et

192 2511 419 2547 voluntatem
448 2512 717 2558 comprehendi.
743 2512 836 2548 Vide
861 2513 1002 2554 Suarez,
1027 2511 1072 2546 de
1097 2511 1165 2557 leg.
1193 2509 1217 2545 l.
1250 2519 1277 2544 1.
1297 2519 1328 2543 c.
1356 2517 1390 2551 4.
1419 2519 1519 2542 num-
1546 2516 1578 2542 2.

1698 136 1726 366 „tamar-'24
1692 0 1725 124 „sn-affl

1726 1131 1728 1133 -
1718 1091 1731 1109 v.
1728 1060 1731 1075 ..
1710 867 1731 1035 ,ιω-μέμψει
