1734 2784
703 95 966 138 -403-

707 255 871 296 THESIs
905 252 975 296 LI.

124 350 212 394 Hoc
244 357 300 392 est
332 349 375 392 in
392 348 539 406 primis
565 348 843 405 manifestum,
869 348 1130 406 multiplicem
1153 348 1447 393 admittendam
1472 364 1550 394 esse

241 420 495 465 conscientiae
528 419 694 463 moralis
728 419 981 464 divisionem.

245 530 340 572 149.
375 516 693 560 DECLARAtto.
739 516 994 573 Praecipuae
1037 516 1268 561 divisiones
1319 520 1546 563 conscien-

122 590 203 632 tiae
237 586 410 631 moralis
444 600 544 631 sunt
579 600 817 645 sequentes,

240 660 269 704 I.
307 659 595 716 Conscientia,
628 645 664 701 si
697 671 860 718 spectes
895 672 1050 714 actum‚
1069 661 1135 703 cui
1159 660 1204 703 fit
1227 660 1450 720 applicatio
1477 679 1551 721 ge-

121 730 336 776 neralium
369 729 474 788 legis
511 729 685 774 moralis
734 731 1064 789 principiorum,
1114 731 1318 776 dividitur
1350 734 1393 777 in
1425 749 1551 779 conse-

121 813 304 864 quentem
335 815 375 847 et
408 802 711 846 antecedentem.
747 828 802 835 —
837 801 911 846 Ille
944 804 1058 846 enim
1112 816 1226 847 actus
1279 818 1419 863 potest
1462 823 1553 850 esse

120 877 363 935 praeteritus
393 874 460 918 vel
487 883 673 933 praesens
715 874 780 918 vel
804 875 995 932 futurus.
1033 877 1076 920 Si
1114 888 1229 919 actus
1279 878 1332 920 sit
1387 892 1552 935 praete-

122 950 247 1002 ritus,
296 961 397 991 tunc
433 948 691 990 conscientia
724 946 788 990 vel
822 947 1025 1006 approbat
1058 948 1123 991 vel
1157 963 1322 993 accusat
1356 950 1415 1004 id,
1437 951 1553 1008 quod

122 1021 315 1073 fecimus,
348 1018 414 1062 vel
462 1018 565 1062 illud
589 1018 777 1062 defendit
812 1032 882 1062 aut
915 1032 1100 1077 excusat,
1135 1037 1171 1063 V.
1196 1038 1235 1078 g,
1262 1021 1314 1064 ob
1350 1022 1553 1065 malitiam

123 1108 240 1136 mere
273 1090 556 1144 materialem,
590 1106 677 1134 non
715 1106 815 1134 vero
850 1090 1076 1134 formalem
1129 1094 1320 1147 actionis,
1353 1110 1404 1138 eo
1439 1095 1554 1152 quod

122 1163 388 1223 inculpabilis
428 1178 547 1206 error
580 1162 644 1206 vel
680 1164 919 1221 ignorantia
952 1163 1207 1207 invincibilis
1258 1166 1556 1215 intercesserit.

122 1238 240 1281 Haec
278 1235 499 1294 applicatio
535 1235 641 1292 legis
690 1234 740 1278 ad
790 1247 905 1278 actus
956 1237 1203 1293 praeteritos
1253 1236 1406 1281 dicitur
1456 1257 1557 1285 con-

121 1308 295 1352 scientia
329 1322 559 1366 consequens
591 1306 674 1365 (1).
723 1307 767 1350 Si
802 1320 917 1350 actus
953 1309 1004 1350 sit
1039 1324 1236 1366 praesens
1273 1310 1337 1352 vel
1371 1312 1555 1368 suturam,

122 1394 223 1424 tunc
257 1379 514 1423 conscientia
548 1377 704 1422 iudicat
723 1394 822 1421 eum
847 1395 939 1422 esse
978 1379 1219 1423 faciendum
1256 1382 1319 1425 vel
1354 1386 1556 1428 omitten-

121 1451 226 1495 dum
261 1449 325 1494 vel
349 1462 497 1493 nostro
532 1464 623 1492 esse
657 1449 829 1493 arbitrio
869 1453 1146 1508 permissum.
1182 1454 1296 1496 Haec
1331 1456 1555 1512 applicatio

120 1522 224 1581 legis
261 1522 311 1566 ad
345 1535 460 1566 actus
495 1534 736 1580 praesentes
787 1522 852 1566 vel
910 1523 1077 1567 futuros
1114 1525 1264 1568 dicitur
1298 1529 1556 1572 conscientia

119 1593 362 1638 antecedens.
407 1594 473 1636 De
508 1592 584 1636 hac
634 1593 906 1637 antecedente
957 1596 1225 1639 conscientia
1276 1599 1555 1655 potissimum

120 1665 364 1724 loquemur,
399 1666 557 1723 quippe
592 1681 698 1723 quae
733 1664 822 1708 sola
858 1678 936 1723 est,
970 1680 1016 1710 ut
1060 1667 1328 1726 videbimus,
1362 1672 1556 1727 proxima

122 1750 297 1778 morum
340 1734 502 1792 regula,
537 1750 717 1792 eamque
759 1737 944 1779 maxime
978 1736 1270 1793 spectabamus
1314 1739 1354 1780 in
1404 1738 1557 1783 defini-

120 1806 308 1851 tionibus
344 1806 478 1850 modo
513 1805 677 1850 traditis
722 1808 1004 1852 conscientiae
1038 1809 1120 1868 (2).

218 2025 275 2073 (ι)
303 2028 396 2062 Hinc
425 2027 508 2062 loco
537 2029 597 2063 cit.
627 2028 744 2063 aiebat
772 2029 914 2064 Suarez:
948 2046 964 2061 «
987 2030 1042 2066 lex
1072 2031 1220 2077 proprie
1241 2032 1351 2067 fertur
1378 2034 1420 2067 de
1448 2045 1557 2079 agen-

121 2086 187 2130 dis,
215 2087 436 2121 conscientia
461 2095 582 2122 autern
610 2088 719 2122 etiarn
746 2098 904 2124 versatur
932 2091 1023 2125 circa
1052 2103 1092 2125 ea
1124 2103 1212 2138 quae
1247 2092 1315 2126 iam
1346 2091 1438 2127 facta
1458 2102 1554 2132 sunt,

122 2156 155 2181 et
183 2146 264 2181 ideo
291 2147 344 2182 illi
370 2147 539 2182 tribuitur
566 2159 640 2182 non
666 2149 785 2183 solum
812 2150 934 2196 ligare,
965 2150 1026 2185 sed
1054 2153 1166 2186 etiam
1206 2163 1384 2195 accusare,
1427 2153 1556 2188 testifi-

120 2206 190 2241 cari
205 2215 239 2241 et
259 2206 463 2242 defendere.
485 2222 501 2239 »
520 2208 620 2242 Hanc
647 2219 929 2257 consequentem
957 2211 1216 2246 conscientiam
1236 2222 1372 2258 spectat
1412 2214 1559 2249 Dantes,

123 2267 233 2313 Purg.
265 2265 337 2310 111.,
364 2267 424 2302 ubi
450 2267 492 2302 dc
518 2268 673 2315 Virgilio
701 2269 773 2305 ait:

409 2339 446 2374 Ei
477 2338 526 2373 mi
555 2351 660 2386 parea
689 2340 731 2375 da
759 2352 796 2376 se
823 2350 936 2377 stesso
965 2342 1140 2378 rimorso:

453 2386 487 2422 O
515 2386 695 2434 dignitosa
724 2393 911 2425 coscienza
939 2402 957 2425 c
986 2399 1097 2433 netta,

454 2433 571 2470 Come
597 2437 644 2470 t'e
671 2436 802 2482 picciol
828 2437 914 2473 fallo
942 2450 1066 2473 amaro
1095 2450 1216 2474 morso
1241 2441 1246 2474 !

215 2510 273 2557 (2)
301 2511 358 2548 Ad
385 2512 477 2548 hanc
506 2514 664 2560 priorem
691 2515 907 2552 divisionem
935 2518 1067 2553 melius
1102 2517 1396 2563 intelligendam,
1430 2518 1557 2553 iuverit

121 2568 210 2606 haec
236 2572 411 2609 subiicere
438 2586 479 2610 ex
505 2586 530 2609 s.
561 2574 640 2618 Th„
669 2576 751 2611 loco
779 2588 891 2624 nuper
918 2578 990 2614 cit.:
1014 2592 1032 2612 «
1053 2579 1193 2614 Dicitur
1212 2580 1432 2616 conscientia
1459 2579 1553 2615 testi-
