1734 2784
732 82 785 88 -.
822 60 905 114 267
938 83 996 91 —

153 168 201 197 ea
231 167 320 203 non
352 164 416 195 est
446 152 513 195 lex
545 151 744 195 humana:
778 152 812 194 si
846 167 989 194 autem
1038 151 1225 196 humana
1270 167 1361 195 non
1394 163 1473 203 est,
1509 162 1573 194 est

153 224 312 268 divina.

271 295 388 338 Cum
420 295 474 338 sit
505 293 572 337 lex
603 293 758 348 divina,
792 306 855 337 est
887 296 1000 338 tertio
1033 294 1099 338 lex
1147 295 1368 347 naturalis,
1419 294 1577 352 quippe

152 382 261 425 quae
296 378 360 410 est
391 366 579 425 praedita
612 365 781 409 duobus
814 365 909 420 illis,
945 365 996 409 de
1030 366 1185 425 quibus
1234 366 1436 420 diximus,
1473 364 1576 408 cha·-

150 437 394 482 racteribus.
428 463 484 471 —-
517 439 570 481 Et
602 453 701 480 sane
730 437 771 496 2)
805 438 997 495 procedit
1028 439 1274 482 immediate
1299 455 1320 481 a
1344 439 1440 481 Deo
1467 449 1575 480 tam-

149 524 278 566 quam
311 520 484 552 auctore
517 521 700 553 naturae.
738 510 834 552 Hoc
867 510 1013 567 liquet,
1048 511 1080 552 si
1117 511 1395 567 inspiciantur
1419 509 1576 552 iudicia

149 579 230 634 illa,
263 595 339 638 per
371 595 478 638 quae
510 579 613 623 haec
660 580 727 623 lex
771 581 1004 624 intimatur.
1056 582 1166 625 Sunt
1199 581 1313 624 enim
1366 580 1521 623 iudicia
1553 595 1575 622 a

149 651 323 694 rationis
357 667 437 695 usu
471 641 775 709 inseparabilia,
799 665 898 695 sunt
921 652 1075 695 iudicia
1098 653 1367 705 universalia,
1390 659 1575 696 constan-

148 724 208 767 tia
240 735 281 766 et
315 723 602 777 ineluctabilia,
636 724 661 767 i.
697 740 729 767 e.
766 736 866 766 sunt
899 725 941 767 in
977 724 1098 767 nobis
1132 737 1257 782 atque
1291 725 1335 777 in
1369 723 1460 766 aliis
1495 723 1573 766 ho-

150 793 337 837 minibus
363 795 564 838 omnibus
583 795 652 854 (ut
675 812 726 839 ex
749 796 882 839 modo
906 795 1110 854 loquendi
1134 809 1173 839 et
1197 795 1349 853 agendi
1371 795 1572 837 omnium

152 864 385 908 hominum
408 866 602 924 apparet)
625 879 665 910 et
688 882 859 924 semper
881 880 979 910 sunt
1003 881 1128 925 atque
1152 867 1410 919 necessario,
1438 882 1567 924 quan-

144 947 433 995 tumcumque
465 938 662 981 voluntas
686 951 830 981 nostra
862 939 905 982 in
932 940 1197 982 contrarium
1233 940 1451 982 renitatur.
1487 940 1568 982 At-

145 1009 217 1066 qui
250 1008 368 1067 quod
401 1022 464 1053 est
506 1011 548 1052 in
581 1011 702 1053 omni
755 1010 932 1053 homine
982 1010 1237 1063 universale,
1290 1022 1488 1054 constans
1522 1025 1569 1053 ac

144 1081 450 1138 necessarium,
471 1097 640 1124 causam
675 1082 740 1124 sui
773 1081 1028 1138 sufficientem
1063 1095 1103 1125 et
1136 1082 1411 1140 adaequatam
1446 1080 1571 1124 habet

143 1165 232 1194 non
261 1151 347 1194 iam
385 1151 428 1194 in
451 1151 540 1205 illo,
565 1151 681 1209 quod
705 1164 769 1195 est
794 1153 835 1194 in
860 1152 1040 1209 singulis
1065 1152 1315 1196 hominibus
1339 1152 1505 1195 varium
1528 1164 1569 1194 et

143 1220 344 1265 mutabile
378 1233 419 1266 et
452 1223 725 1279 contingens,
760 1221 835 1266 sed
868 1223 910 1265 in
943 1222 1041 1276 illo,
1076 1222 1192 1280 quod
1227 1235 1289 1266 est
1329 1221 1567 1265 identicum

141 1292 184 1335 in
216 1294 339 1336 omni
371 1292 550 1336 homine
583 1306 622 1336 et
656 1306 853 1336 constans
887 1307 928 1337 et
961 1295 1267 1338 necessarium.
1302 1295 1417 1350 Ergo
1454 1293 1566 1336 iudi-

142 1363 205 1407 cia
236 1363 306 1408 illa
337 1365 378 1407 in
412 1363 534 1408 nobis
582 1364 801 1423 profluunt
844 1364 891 1408 ab
925 1381 991 1419 eo,
1026 1364 1143 1423 quod
1189 1378 1251 1408 est
1286 1366 1327 1407 in
1362 1363 1565 1408 omnibus

141 1433 390 1479 hominibus
425 1436 659 1480 identicum
710 1450 750 1480 et
785 1450 980 1480 constans
1031 1450 1070 1479 et
1120 1437 1422 1480 necessarium:
1458 1434 1566 1478 nihil

139 1519 285 1551 autem
318 1521 382 1552 est
414 1509 659 1565 eiusmodi,
693 1510 772 1552 nisi
808 1510 897 1567 ipsa
945 1521 1105 1551 natura.
1141 1510 1255 1565 Ergo
1296 1507 1450 1551 iudicia
1499 1506 1568 1550 illa

138 1591 430 1637 prorumpunt
462 1579 510 1623 ab
544 1581 634 1638 ipsa
660 1593 821 1634 natura,
855 1596 948 1633 seu,
984 1593 1030 1623 ut
1078 1581 1134 1622 ita
1184 1580 1337 1636 dicam,
1372 1578 1419 1622 ab
1469 1579 1565 1636 ipso

139 1647 274 1693 fundo
305 1650 543 1695 intellectus
578 1651 768 1705 humani,
801 1667 847 1694 ac
881 1651 1062 1709 proinde
1095 1668 1115 1694 a
1146 1652 1256 1704 Deo,
1306 1663 1352 1694 ut
1393 1661 1567 1694 auctore

137 1720 272 1779 ipsius
305 1734 494 1767 naturae.
529 1723 643 1780 Ergo
677 1723 805 1765 etiam
839 1723 922 1775 lex,
957 1738 1065 1780 quae
1098 1724 1140 1765 in
1174 1723 1224 1764 iis
1258 1722 1426 1764 iudiciis
1461 1737 1563 1765 con-

137 1796 298 1839 tinetur
344 1810 391 1838 ac
423 1810 498 1853 per
539 1795 687 1838 eadem
732 1794 1054 1852 promulgatur,
1088 1793 1282 1851 procedit
1314 1793 1565 1837 immediate

136 1883 159 1911 a
190 1868 288 1911 Deo
321 1879 540 1925 tamquam
584 1879 758 1910 auctore
792 1878 978 1909 naturae.
1013 1890 1070 1898 —
1105 1867 1221 1908 Haec
1254 1881 1384 1924 porro
1419 1865 1483 1908 lex
1517 1865 1565 1924 β)

135 1938 413 1996 cognoscitur
446 1937 493 1982 ab
527 1937 705 1981 homine
753 1937 1012 1982 naturaliter.
1062 1937 1232 1979 Etenim
1286 1937 1566 1994 cognoscitur

134 2024 210 2068 per
240 2007 308 2052 illa
340 2008 522 2053 iudicia:
557 2009 630 2052 sed
679 2009 779 2051 haec
828 2020 944 2060 sunt,
980 2020 1025 2050 ut
1071 2007 1204 2050 modo
1253 2006 1556 2065 probavimus,

133 2079 348 2123 naturalia.
383 2080 499 2137 Ergo
534 2080 812 2137 cognoscitur
846 2077 1105 2121 naturaliter.

250 2152 576 2195 ARGUMENTUM
610 2152 690 2195 Π.ῐῃ
731 2151 798 2194 Ex
825 2151 1039 2208 principiis
1083 2150 1268 2193 rationis.
1311 2150 1465 2193 Existit
1515 2150 1561 2192 in

135 2220 314 2266 homine
346 2221 412 2266 lex
445 2223 586 2266 divina
618 2222 836 2280 naturalis,
860 2224 893 2265 si
929 2222 1063 2265 homo
1089 2237 1162 2279 per
1197 2223 1339 2279 ipsum
1364 2222 1557 2266 naturale

132 2290 279 2336 lumen
312 2294 486 2337 rationis
536 2294 637 2337 haec
671 2296 747 2338 tria
797 2296 1030 2351 cognoscit:
1066 2321 1121 2329 —
1160 2296 1206 2354 χ)
1243 2310 1333 2337 θεεθ
1373 2295 1562 2337 actiones

134 2379 186 2407 ex
217 2379 262 2408 se
295 2364 425 2408 malas
458 2381 505 2408 ac
536 2364 652 2409 bono
687 2366 897 2409 humanae
931 2368 1254 2410 communitatis
1292 2367 1523 2410 contrarias
1543 2401 1560 2419 ,

132 2445 259 2492 atque
290 2450 383 2478 esse
415 2436 604 2479 actiones
639 2453 688 2479 ex
721 2452 765 2480 se
800 2437 931 2480 bonas
962 2449 1002 2479 et
1041 2437 1095 2480 ita
1120 2454 1169 2481 ex
1193 2454 1284 2482 sese
1319 2437 1480 2495 bonas,
1512 2448 1559 2479 ut

132 2520 279 2550 earum
313 2507 495 2550 omissio
527 2509 580 2550 sit
613 2524 662 2551 ex
695 2523 740 2550 se
774 2508 909 2551 mala:
944 2534 1001 2538 —
1026 2507 1070 2567 3)
1105 2510 1248 2552 Deum
1283 2525 1375 2554 esse
1411 2520 1554 2552 aucto-
