1734 2784
773 92 829 101 -
861 82 948 123 450
982 93 1039 102 -

187 179 267 210 tor.
287 164 371 222 (ι),
405 162 520 220 quod
552 161 761 205 fortitudo
795 175 857 205 est
890 161 1142 205 considerata
1171 162 1446 220 periculorum
1482 180 1611 208 susce-

184 239 271 297 ptio
304 245 339 279 ct
371 235 557 278 laborum
584 236 795 292 perpessio.
821 235 873 277 Et
905 234 964 276 sic
995 233 1205 277 fortitudo
1230 235 1403 292 ponitur
1425 237 1609 293 specialis

188 310 338 362 virtus,
374 318 523 364 utpote
557 306 779 349 materiam
815 305 1139 349 determinatam
1180 305 1392 350 habens.»
1434 332 1490 340 —
1523 308 1612 351 Ita-

190 396 271 437 que
305 377 529 435 fortitudo,
562 390 689 435 prout
722 390 784 420 est
817 376 1007 434 specialis
1040 378 1191 434 virtus,
1224 390 1287 420 est
1319 377 1503 432 habitus,
1538 380 1611 436 qui

191 467 270 495 nos
304 462 531 508 promptos
580 448 718 492 reddit
760 449 811 492 ad
859 450 1053 506 graviora
1101 449 1286 506 pericula
1319 450 1607 507 suscipienda,

192 522 532 578 durissimosque
580 520 742 564 labores
790 520 1064 578 perferendos
1109 520 1162 563 ob
1195 520 1300 578 legis
1351 521 1604 566 custodiam.

193 594 315 635 Hanc
347 608 382 635 e.
417 608 457 649 g.
493 604 689 634 exercent
724 593 886 634 strenui
921 591 1094 645 milites,
1128 592 1200 649 qui
1243 593 1286 635 in
1335 591 1446 635 bello
1495 593 1610 636 iusto

192 662 391 721 gravibus
426 679 469 706 se
503 662 702 720 periculis
751 678 828 720 pro
876 664 1007 721 patria
1055 663 1284 706 obiiciunt:
1329 664 1609 720 potissimum

191 751 294 778 vero
328 735 436 777 hanc
467 735 668 777 virtutem
712 749 937 778 exercuere
985 746 1048 777 tot
1094 735 1226 777 sancti
1275 735 1504 791 Martyres,
1538 735 1610 792 qui

193 822 270 866 pro
307 807 467 851 Christi
501 807 678 849 nomine
712 807 960 849 saevissima
992 817 1207 848 tormenta
1241 807 1465 864 ipsamque
1494 821 1610 849 mor-

193 892 280 922 tem
314 879 623 921 sustinuerunt.
854 866 857 868 .

313 949 368 992 II.
412 949 601 992 Partitio.
637 973 694 980 —
741 949 884 991 Partes
932 948 1143 1005 ‘integrales
1190 960 1289 991 sunt
1336 949 1612 1005 potissimum

192 1033 391 1078 quatuor,
415 1020 588 1078 fidncia,
622 1019 934 1077 nmgnificentia,
962 1021 1165 1077 patientia
1214 1032 1254 1062 et
1290 1021 1609 1077 perseverantia.

192 1094 339 1145 Quam
373 1091 631 1134 divisionem
680 1102 726 1134 ut
774 1090 1000 1147 intelligas,
1035 1089 1324 1133 animadverte
1358 1090 1466 1133 duos
1516 1106 1610 1134 esse

190 1176 305 1207 actus
340 1162 614 1214 fortitudinis,
649 1174 695 1204 ut
729 1177 780 1204 ex
813 1161 963 1205 tradita
995 1160 1244 1204 definitione
1277 1173 1458 1216 constat,
1492 1160 1612 1204 vide-

189 1235 286 1278 licet
318 1234 478 1292 aggredi
499 1233 685 1291 pericula
717 1246 757 1275 et
788 1234 977 1276 sustinere
999 1232 1176 1275 labores.
1201 1233 1398 1275 Iamvero
1422 1233 1472 1275 ad
1495 1233 1609 1289 prio-

190 1322 280 1349 rem
315 1305 435 1348 illum
469 1317 611 1348 actum
661 1304 746 1347 duo
794 1305 1082 1361 requiruntur:
1115 1304 1155 1361 7.)
1188 1316 1234 1346 ut
1269 1304 1436 1346 animus
1470 1304 1524 1346 sit
1557 1303 1608 1346 ad

189 1376 527 1435 aggrediendum
572 1388 815 1432 promptus,
849 1375 965 1433 quod
1014 1375 1191 1418 habetur
1224 1391 1297 1432 per
1320 1375 1535 1433 fiduciam:
1563 1375 1608 1433 β)

188 1463 318 1507 utque
352 1449 519 1491 animus
554 1449 597 1489 in
630 1463 689 1504 re,
722 1463 850 1504 quam
885 1446 1061 1490 fidenter
1104 1447 1339 1500 inchoavit,
1372 1461 1460 1489 non
1504 1463 1605 1490 suc-

189 1518 372 1572 cumbat,
406 1518 523 1576 quod
556 1530 735 1575 praestat
760 1518 1067 1576 nicegnificentia.
1092 1518 1201 1560 Item
1226 1517 1277 1560 ad
1309 1517 1440 1560 alium
1463 1530 1604 1561 actum

189 1592 275 1635 duo
310 1592 605 1649 requiruntur:
634 1589 675 1648 J.)
709 1602 755 1632 ut
788 1591 955 1632 animus
991 1589 1044 1632 ob
1079 1590 1348 1632 imminentia
1380 1589 1489 1632 mala
1519 1605 1608 1633 non

187 1664 404 1720 frangatur
451 1677 505 1704 ex
553 1662 750 1714 tristitia,
798 1660 915 1718 quod
958 1660 1135 1703 habetur
1184 1676 1257 1717 per
1283 1662 1536 1718 patientiam:
1564 1660 1608 1718 β)
1666 1707 1680 1711 ,

188 1748 318 1792 utque
352 1750 402 1777 ex
436 1733 634 1776 diuturna
668 1733 879 1774 malornm
930 1733 1203 1790 perpessione
1236 1732 1371 1774 homo
1404 1747 1493 1774 non
1541 1730 1606 1773 fa-

185 1808 344 1863 tigetur
378 1819 501 1863 atque
535 1804 582 1847 ab
617 1805 787 1862 incepto
822 1803 1010 1859 desistat,
1046 1803 1164 1862 quod
1197 1815 1378 1861 praestat
1416 1811 1607 1860 perseve-

187 1879 329 1920 mutia
363 1876 446 1935 (2).

305 1949 370 1990 De
403 1947 555 1990 fiducia
589 1963 633 1989 ac
666 1947 982 2003 magnificentia
1013 1962 1045 1989 s.
1072 1947 1269 1989 Thomas
1293 1944 1363 2003 (3)
1388 1944 1490 1987 haec
1517 1945 1603 1987 ani-

186 2018 424 2061 mathei-tit:
462 2037 483 2058 «
504 2019 620 2061 Haec
654 2018 740 2060 duo
775 2019 809 2060 si
844 2029 1109 2060 coarctentur
1143 2016 1193 2059 ad
1226 2016 1446 2074 propriam
1469 2027 1603 2057 mate-

186 2090 291 2131 riam
339 2087 616 2141 fortitudinis,
652 2087 738 2131 scil.
784 2088 833 2131 ad
882 2087 1066 2146 pericula
1100 2088 1266 2142 mortis,
1313 2099 1436 2129 erunt
1484 2087 1604 2144 quasi

186 2174 321 2219 partes
354 2160 583 2216 integrales
618 2161 766 2217 ipsius,
800 2162 889 2203 sine
938 2160 1090 2218 quibus
1135 2159 1341 2202 fortitudo
1391 2174 1482 2201 esse
1516 2173 1604 2200 non

280 2420 332 2462 (1)
359 2419 401 2454 L.
431 2428 461 2453 2,
490 2418 531 2452 de
558 2419 697 2452 invent.

280 2478 334 2520 (2)
365 2477 420 2511 Cs.
447 2488 473 2510 s.
500 2476 698 2516 Thomam‚
728 2486 756 2509 2.
788 2486 817 2510 2.
847 2487 878 2521 q.
912 2476 985 2509 123.

277 2536 331 2580 (3)
359 2535 446 2569 Loc.
477 2546 590 2579 nuper
617 2536 676 2568 cit.
