1734 2784
666 100 927 143 -332—

94 187 142 230 ab
163 187 345 229 humana
364 186 451 242 ipsa
469 185 630 226 ratione
650 184 691 225 in
711 198 756 225 se
780 181 940 225 derivat
961 182 1047 224 vim
1066 180 1299 239 obligandi,
1317 196 1506 240 quonam

97 270 221 314 pacto
256 256 409 313 poterit
442 269 535 297 eam
571 252 759 310 obligare
793 251 842 295 ad
877 251 1189 309 amplectendas
1226 251 1405 295 firmiter
1435 267 1506 295 ve-

96 329 253 380 ritates,
290 341 395 383 quae
429 325 638 367 humanae
685 324 860 366 rationis
906 335 1077 380 captum
1118 322 1362 366 excedunt?
1397 324 1510 366 Hinc

96 398 206 440 nulla
240 410 301 440 cst
336 396 547 454 possibilis
580 396 646 439 lex
680 395 819 438 divina
853 394 1184 453 supernaturalis
1205 431 1215 448 ‚
1257 395 1399 438 omnis
1434 395 1512 438 de-

95 471 273 512 struitur
307 468 414 511 ordo
449 467 904 526 superrationalis(1).

219 553 311 582 122.
331 540 714 582 DEMONSTRATIO.
739 539 772 582 Ι.
797 539 1049 595 Spectemus
1068 540 1201 595 primo
1227 553 1287 594 ea,
1321 553 1427 596 quae
1461 537 1512 581 de

101 613 253 655 rufium
286 612 428 654 divina
462 611 649 653 sentiunt
673 610 987 655 Rationalistae.
1011 611 1146 653 —Ut
1181 609 1314 653 modo
1349 609 1511 653 diceba-

103 699 228 735 mus,
280 681 582 726 Rationalistae
622 681 688 724 vel
733 681 780 725 ab
829 683 920 724 eius
966 681 1234 724 ordinatione
1279 695 1512 724 creaturam

95 753 277 796 reddunt
309 752 682 810 independentem‚
715 753 780 795 Vel
829 754 918 795 eius
967 752 1282 796 ordinationem
1329 751 1512 795 reddunt

97 824 404 882 dependentem
439 823 487 866 ab
521 823 787 867 ordinatione
811 823 1022 867 humanae
1049 825 1277 877 rationis,a
1309 840 1390 882 qua
1423 824 1512 866 vim

97 908 312 938 mutuatur
347 894 634 951 obligativarn.
668 897 834 939 Verum
869 895 969 938 haec
1004 907 1242 952 repugnant
1286 896 1510 938 omnimo-

97 969 172 1011 dae
205 980 493 1010 creaturarum
530 983 551 1009 a
584 968 695 1024 Deo,
717 979 935 1024 tamquam
972 968 1107 1025 prima
1141 968 1337 1009 omnium
1373 982 1508 1020 causa,

99 1038 418 1096 dependentiae,
447 1051 487 1082 et
511 1038 725 1081 absolutae
760 1039 841 1081 Dei
871 1053 892 1079 a
916 1039 1117 1081 creaturis
1142 1037 1508 1095 independentiae.

99 1112 186 1152 Has
220 1110 420 1152 veritates
453 1124 539 1151 non
573 1122 634 1152 est
670 1108 796 1151 huius
830 1109 910 1152 loci
951 1109 1196 1161 ostendere,
1222 1109 1329 1151 sicut
1363 1124 1414 1151 ne
1437 1124 1514 1151 ve-

97 1184 238 1225 ritates
271 1182 444 1240 quidem
478 1183 725 1225 existentiae
749 1183 843 1239 Dei,
867 1181 1147 1240 eiusdemque
1171 1182 1218 1225 ab
1252 1182 1329 1224 hac
1363 1198 1508 1225 rerum

96 1254 370 1296 universitate
405 1252 607 1297 distincti:
642 1268 711 1295 eae
751 1254 865 1296 enim
901 1252 1247 1295 demonstrantur
1281 1254 1322 1296 in
1357 1252 1512 1296 Theo-

98 1323 211 1379 logia
246 1323 425 1366 naturali
460 1324 699 1381 invicteque
731 1323 1011 1368 vindicantur.

214 1395 263 1437 Il.
293 1396 546 1452 Spectemus
580 1395 749 1439 secundo
773 1411 836 1447 ea,
863 1411 969 1453 quae
994 1395 1043 1439 de
1077 1396 1413 1453 uniuscuiusque
1437 1394 1514 1437 ho-

105 1467 232 1508 minis
258 1467 419 1509 ratione
444 1479 637 1509 statuunt
656 1467 971 1510 Rationalistae.
992 1493 1049 1498 -—
1066 1468 1198 1510 Aiunt
1233 1467 1274 1509 in
1308 1481 1514 1523 unoquo-

97 1553 179 1594 que
214 1537 392 1580 homine
425 1539 633 1580 rationem
669 1537 820 1580 habere
853 1554 898 1580 ex
930 1554 968 1582 se
1003 1553 1049 1580 ac
1082 1537 1198 1580 nullo
1233 1553 1409 1595 prorsus
1433 1537 1515 1579 Dei

98 1621 290 1666 respectu
326 1608 469 1652 habito
516 1622 771 1667 potestatem
821 1609 1035 1667 obligandi
1084 1610 1364 1652 voluntatem:
1408 1607 1516 1651 hanc

98 1681 240 1737 itaque
288 1693 545 1737 potestatem
594 1679 847 1738 exercendo,
880 1680 1104 1738 prohibere
1152 1682 1338 1724 actiones
1387 1696 1437 1722 ex
1470 1694 1513 1722 se

98 1750 242 1803 malas,
277 1751 375 1792 alias
403 1767 460 1793 rex
494 1767 537 1794 se
570 1750 704 1793 boras
738 1752 993 1808 praecipere:
1017 1752 1130 1795 unde
1166 1750 1425 1794 concludunt
1449 1766 1517 1793 ra-

97 1822 260 1864 tionem
286 1838 376 1865 esse
401 1824 441 1864 in
475 1823 627 1880 quovis
663 1822 838 1865 homine
870 1822 1123 1866 effectricem
1158 1823 1263 1880 legis
1296 1821 1512 1873 naturalis,

100 1908 205 1950 quae
238 1891 304 1935 lex
337 1894 419 1935 iam
453 1910 540 1936 non
574 1906 636 1936 est
661 1894 817 1947 divina,
843 1894 916 1937 sed
942 1910 1057 1937 mere
1083 1894 1281 1937 humana.
1306 1895 1366 1936 Ut
1389 1892 1515 1935 huius

97 1962 286 2006 theoriae
310 1963 637 2008 fundamentum
661 1978 913 2019 evertamus,
938 1965 1214 2009 ostendemus
1240 1966 1512 2008 uniuscuius-

99 2049 180 2090 que
214 2033 400 2077 hominis
435 2036 642 2078 rationem
692 2052 779 2079 non
812 2036 962 2080 habere
1011 2052 1061 2079 ex
1095 2052 1137 2079 se
1171 2048 1423 2094 potestatem
1461 2034 1516 2077 li-

100 2104 227 2160 gandi
261 2104 539 2149 voluntatem.

223 2176 300 2234 1.⁰)
333 2176 407 2220 Ille
440 2177 556 2220 solus
590 2177 713 2220 habet
744 2194 794 2222 ex
826 2193 862 2221 se
895 2179 985 2222 vim
1019 2177 1250 2236 obligandi,
1289 2179 1362 2236 qui
1400 2194 1448 2221 ex
1479 2193 1517 2221 se

194 2377 249 2420 (1)
277 2378 354 2411 Huc
381 2375 691 2425 spectantplures
717 2379 852 2426 Syllabi
878 2381 1161 2427 propositiones,
1190 2381 1399 2427 praesertim
1426 2390 1512 2414 vcro

102 2436 164 2477 3.³:
195 2449 210 2465 «
230 2435 395 2470 Humana
423 2437 527 2480 ratio,
556 2438 660 2472 nullo
686 2450 831 2484 prorsus
857 2439 926 2474 Dei
953 2449 1118 2485 respectu
1144 2440 1281 2481 habito,
1307 2439 1434 2473 unicus
1460 2446 1513 2473 est

99 2495 174 2528 veri
201 2502 234 2528 et
260 2493 351 2537 falsi,
378 2496 463 2529 boni
492 2505 526 2531 et
551 2497 636 2531 mali
664 2499 804 2541 arbiter,
831 2499 978 2546 sibiipsi
996 2505 1041 2534 rst
1059 2500 1123 2542 Iex,
1144 2509 1177 2534 et
1196 2499 1415 2534 naturalibus
1441 2499 1516 2533 suis

100 2554 233 2587 viribus
258 2554 300 2588 ad
327 2554 516 2590 hominum
543 2568 582 2590 ac
610 2557 831 2603 populorum
859 2559 996 2593 bonum
1016 2558 1213 2593 curandum
1241 2557 1381 2593 sufficit.
1400 2571 1416 2589 υ

1695 563 1701 569 ,
1698 548 1704 553 .
1687 491 1706 538 1«,
1675 223 1710 481 ,κήαΕ-ιοὶψωῶή
