1734 2784
713 101 765 108 -·
802 88 884 131 359
919 98 976 107 ‘-

121 172 302 215 omnino
334 170 656 215 subscribimus:
695 189 715 211 «
747 168 1010 213 Profitemur
1056 183 1135 211 nos
1179 166 1408 210 adhaerere
1454 181 1551 208 sen-

120 244 274 287 tentiae
320 243 365 285 in
407 242 595 286 Ecclesia
648 242 938 286 communiter
987 252 1180 297 receptae
1233 238 1342 281 circa
1398 236 1551 280 harum

118 330 377 373 poenarum,
412 329 520 372 quae
553 314 761 371 positivae
795 312 1008 369 dicuntur,
1031 322 1250 354 ἰηειωιηιιη
1289 321 1330 352 et
1364 307 1548 366 qualita-

118 398 222 440 tem,
256 401 362 444 quae
394 401 550 443 nempe
573 397 635 428 est
659 384 711 428 de
735 386 834 441 igne
867 382 1076 426 materiali
1099 394 1140 425 et
1165 395 1390 439 corporeO.
1426 380 1545 422 Haec

119 456 235 499 enim
268 456 461 500 doctrina
493 468 605 499 certa
637 468 717 508 est,
752 456 808 498 ita
841 467 888 498 ut
921 455 963 497 in
998 453 1178 497 dubium
1211 451 1370 509 absque
1403 463 1546 493 teme-

119 527 240 570 ritate
272 527 416 570 vocari
450 538 644 584 nequeat.
690 527 757 570 Ne
790 538 933 568 tamen
965 524 1132 581 agendo
1177 539 1275 566 cum
1318 519 1548 564 incredulis

118 609 159 640 et
192 598 482 651 rationalistis,
518 613 625 655 quae
664 597 919 654 >dogmatica
961 597 1103 639 stricte
1152 607 1269 646 sunt,
1304 609 1403 636 cum
1436 591 1546 644 aliis,

119 683 226 726 quae
257 684 346 712 non
380 668 583 712 eumdem
617 668 885 712 certitudinis
930 667 1110 725 gradum
1160 665 1367 718 obtinent,
1416 662 1546 706 simul

119 740 469 797 permisceamuS,
506 740 575 782 hic
607 741 731 783 nobis
766 739 946 782 sufficiet
980 738 1140 795 dogma
1174 736 1432 780 catholicum
1467 734 1545 777 ad-

117 822 295 854 struere.
328 828 349 851 »

241 895 334 937 135.
369 883 757 926 DEMONSTRATIO.
778 883 808 926 Ι.
829 884 891 926 Ac
909 883 1044 940 primo
1069 879 1260 938 quidem,
1278 879 1360 922 hoc
1385 877 1544 934 dogma

116 950 167 995 de
201 965 407 1010 perpetua
439 968 677 1011 poenarum
712 953 936 997 duratione
985 965 1048 995 est
1091 952 1272 994 omnino
1322 948 1546 992 conforme

116 1025 383 1081 persuasioni
418 1041 464 1068 ac
488 1024 656 1068 cuidam
687 1024 816 1068 veluti
844 1024 1134 1082 praesensioni
1162 1022 1340 1065 humani
1363 1019 1544 1078 generiS.

234 1096 294 1139 Ut
326 1095 442 1139 idem
465 1098 630 1139 Auctor
651 1096 722 1154 (1)
747 1096 929 1149 disserit,
961 1111 1086 1137 «non
1111 1092 1347 1137 admodum
1371 1089 1543 1134 difficile

113 1178 224 1209 esset
257 1166 502 1220 ostendere,
539 1168 580 1209 in
614 1167 727 1210 idem
764 1167 925 1224 dogma
947 1166 997 1210 de
1021 1166 1267 1210 aeternitate
1302 1177 1539 1221 poenarum

112 1236 363 1280 universum
419 1239 684 1296 conspirasse
734 1254 869 1295 genus
924 1237 1178 1280 humanum.
1227 1236 1396 1279 Verum
1444 1247 1543 1274 cum

112 1307 266 1351 eruditi
301 1310 378 1352 viri
413 1309 678 1353 diversarum
712 1311 908 1367 gentium
944 1320 1225 1352 monumenta
1273 1304 1540 1360 collegerint,

111 1377 209 1422 ideo
243 1379 294 1423 ad
327 1381 544 1425 eiusmodi
587 1394 797 1435 auctores,
847 1382 919 1439 qui
954 1380 1056 1423 haec
1104 1379 1241 1422 fusius
1286 1389 1542 1434 pernoscere

110 1449 338 1508 voluerint,
373 1453 646 1496 remittimus.
682 1454 747 1496 De
783 1453 986 1496 Hebraeis
1019 1451 1188 1508 scripsit
1233 1447 1542 1501 Bartoloccius,

111 1520 163 1564 de
196 1522 522 1566 Mahumedanis
556 1525 828 1576 Marraccius‚
864 1523 915 1567 de
949 1524 1122 1567 Graecis
1146 1522 1284 1580 poetis
1318 1532 1358 1563 et
1393 1518 1538 1577 philo-

112 1592 262 1650 sophis
300 1594 558 1651 Grutherus‚
592 1594 643 1638 de
677 1596 883 1640 Romanis
917 1593 1214 1638 Montfaucon.
1248 1594 1314 1635 De
1349 1589 1539 1635 Chalda-

109 1679 278 1722 eorum,
328 1666 558 1708 Persarum
606 1679 645 1709 et
680 1667 961 1724 Assyriorum
1011 1665 1220 1708 sententia
1269 1662 1446 1721 perinde
1495 1676 1539 1703 ac

108 1736 431 1794 Aegyptiorum
465 1749 630 1794 praeter
670 1736 931 1780 Zendavesta
978 1749 1106 1779 testes
1157 1747 1256 1778 sunt
1289 1734 1465 1776 Tacitus
1500 1743 1540 1775 et

109 1806 333 1850 Diodorus
367 1807 540 1850 siculus.
577 1807 713 1860 Quod
747 1824 849 1851 vero
884 1819 1044 1866 spectat
1078 1806 1129 1850 ad
1163 1818 1327 1849 ceteros
1353 1803 1536 1863 populos

201 2071 258 2116 (1)
287 2071 436 2106 Ibidem.
465 2083 560 2106 num.
590 2072 666 2116 807.
698 2070 752 2106 Cf.
781 2072 888 2106 etiam
927 2071 1084 2113 Nicolas,
1113 2070 1219 2105 fundes
1259 2069 1380 2116 philos.
1410 2079 1467 2102 sur
1507 2068 1536 2102 Ie

109 2129 368 2165 Christianisme
395 2130 451 2165 ch.
482 2131 577 2165 VIII.
606 2132 766 2165 Docebat
797 2130 953 2164 divinam
982 2131 1197 2169 bonitatem,
1228 2129 1322 2175 quod
1363 2128 1533 2162 homines

105 2190 356 2235 cognitionem
383 2190 439 2224 vel
467 2190 594 2225 saltem
635 2191 880 2235 suspicionem
920 2190 1091 2224 haberent
1119 2190 1162 2223 dc
1198 2189 1323 2235 poenis
1364 2187 1531 2221 maximis

104 2248 304 2294 iisdemque
331 2250 497 2291 aeternis,
526 2250 652 2295 quibus
679 2250 776 2283 Deus
803 2250 913 2284 altera
940 2251 974 2284 in
1002 2251 1074 2284 vita
1102 2250 1202 2296 punit
1233 2249 1378 2294 impios:
1410 2258 1536 2293 quam-

104 2308 158 2341 vis
184 2319 309 2342 verum
336 2309 393 2350 sit,
424 2309 683 2354 ignorantiam,
713 2321 801 2355 quac
829 2320 902 2343 non
932 2318 1075 2343 excusat
1102 2321 1120 2343 a
1157 2308 1260 2354 culpa
1299 2307 1413 2353 gravi,
1445 2318 1531 2352 pro<

103 2374 181 2411 pter
208 2377 316 2412 quam
346 2378 463 2412 poena
492 2376 622 2402 statuta
650 2377 715 2410 est,
742 2380 814 2403 non
844 2380 1010 2403 excusare
1038 2368 1252 2413 simpliciter
1271 2380 1290 2401 a
1317 2378 1447 2411 poena.
1475 2365 1530 2400 Cf.

103 2425 247 2466 Suarez,
275 2424 318 2459 de
345 2425 411 2472 leg.
441 2425 464 2462 l.
501 2436 531 2469 5.
561 2438 588 2463 c.
623 2438 673 2462 12.
702 2440 800 2462 num.
827 2440 859 2473 9.
890 2428 983 2462 Hinc
1013 2427 1147 2462 factum
1175 2427 1360 2469 habemus,
1390 2426 1433 2461 de
1460 2437 1532 2471 quo

104 2482 268 2527 diximus,
297 2485 468 2520 homines
487 2486 727 2522 sufficientem
748 2487 852 2522 liuius
871 2488 1054 2533 dogmatis
1073 2488 1241 2522 notitiam
1260 2486 1442 2528 habuisse,
1465 2485 1532 2520 etsi

108 2543 228 2588 plures
253 2543 287 2578 ei
315 2555 452 2579 errores
479 2546 731 2583 admiscerent.
759 2547 815 2583 Cf.
843 2559 942 2582 num.
977 2556 1030 2591 35.
1058 2559 1138 2593 pag.
1171 2557 1245 2590 104.
