1734 2784
747 110 803 118 —.
840 85 921 139 ⁷380
957 109 1010 117 ..-

166 184 265 228 liaec
300 185 481 241 positiva
515 182 654 226 divina
706 181 903 225 convenit
938 197 1032 224 cum
1070 180 1163 239 lege
1202 180 1340 224 divina
1392 182 1584 226 naturali:

166 271 342 313 utraque
359 257 472 298 enim
493 267 555 298 est
578 253 643 297 lex
666 254 831 312 passive
856 254 897 296 in
922 252 1169 296 hominibus
1197 264 1376 310 recepta,
1407 265 1587 312 utraque

166 342 227 371 est
265 327 508 370 immediata
541 326 646 381 legis
680 338 869 369 aeternae
894 326 1159 384 participatio
1185 326 1225 367 in
1252 325 1444 369 rationali
1475 342 1587 370 crea-

166 413 270 451 tura,
305 398 382 440 etsi
417 396 499 440 alio
535 409 574 439 et
609 395 688 439 alio
724 396 872 452 modo,
907 395 1106 439 naturalis
1131 397 1305 455 quidem
1336 413 1409 455 per
1443 398 1586 455 ipsum

166 470 356 513 nativum
393 469 566 511 rationis
601 467 761 521 lumen,
795 480 834 511 et
869 467 1105 511 secundum
1140 469 1468 526 proportionem
1516 484 1588 512 ca-

167 542 356 601 pacitatis
382 540 593 584 humanae
616 552 802 597 naturae,
823 532 1002 598 positiva
1029 555 1130 584 vero
1156 556 1228 597 per
1253 553 1423 584 externa
1452 539 1590 599 aliqua

167 615 290 671 signa
315 612 488 656 liberam
512 613 593 656 Dei
616 611 881 656 voluntatem
907 611 1217 655 manifestantia
1242 624 1282 655 et
1301 612 1434 655 modo
1454 610 1589 656 multo

169 684 486 729 excellentiore.

287 757 537 815 Spectemus
574 755 634 799 2.⁰
668 754 808 813 legem
843 756 1071 814 positivam
1096 755 1341 799 humanam.
1364 757 1480 800 Haec
1505 771 1589 799 non

165 827 449 872 solummodo
483 839 529 870 ut
563 839 626 870 est
660 827 825 886 passive
860 827 902 869 in
936 825 1129 881 subditis,
1165 842 1314 870 verum
1364 828 1493 871 etiam
1544 838 1590 870 ut

166 913 228 945 est
262 901 394 944 active
428 900 470 943 in
505 899 694 958 principe
742 912 781 942 et
829 888 1070 957 legislatore
1119 899 1309 943 humano
1358 899 1456 958 (sub
1507 915 1590 958 qua

166 974 293 1017 etiam
317 971 442 1015 altera
466 970 813 1015 consideratione
838 982 900 1014 est
924 970 1027 1030 quid
1051 983 1240 1015 creatum
1263 987 1307 1014 ac
1332 968 1591 1030 temporale)

166 1061 211 1088 se
243 1043 367 1088 habet
397 1044 448 1088 ad
480 1043 618 1101 legem
654 1055 867 1087 aeternam
902 1055 1122 1102 tamquam
1146 1043 1319 1087 effectus
1343 1043 1394 1087 ad
1420 1059 1588 1087 causam

166 1117 230 1160 sui
264 1117 544 1175 exemplarem,
578 1129 617 1159 et
652 1131 799 1160 rursus
835 1129 1055 1175 tamquam
1104 1115 1277 1160 effectus
1321 1116 1371 1160 ad
1422 1131 1591 1160 causam

166 1190 230 1232 sui
264 1189 502 1247 efficientem.
537 1189 706 1232 Etenim
742 1188 827 1232 duo
861 1189 903 1232 in
936 1189 1029 1246 lege
1063 1201 1164 1232 sunt
1196 1189 1389 1247 apprime
1439 1188 1592 1232 distin—

167 1260 337 1318 guenda
368 1277 413 1304 ac
447 1260 598 1305 sedulo
633 1260 953 1315 consideranda,
987 1261 1177 1305 rectitudo
1213 1262 1305 1304 eius
1340 1273 1466 1319 atque
1501 1261 1591 1304 eius

167 1334 229 1376 vis
262 1332 502 1390 obligativa:
537 1348 667 1391 porro
701 1345 931 1391 utrumque
965 1333 1031 1377 lex
1069 1333 1256 1377 humana
1285 1332 1408 1377 habet
1443 1348 1464 1376 a
1499 1332 1592 1390 lege

170 1417 350 1448 aeterna.

286 1478 336 1520 Et
370 1491 470 1520 sane
498 1476 540 1535 α)
574 1476 624 1520 ad
648 1476 951 1520 rectitudinem
978 1476 1096 1535 quod
1121 1478 1283 1531 attinet,
1303 1477 1369 1521 lex
1393 1477 1593 1535 humana,

167 1550 427 1606 quicumque
461 1547 638 1592 demum
673 1550 727 1591 sit
760 1548 848 1592 eius
883 1549 1082 1593 inventor
1133 1562 1175 1593 et
1218 1550 1351 1606 lator,
1395 1565 1482 1594 non
1531 1561 1593 1594 est

168 1632 280 1664 recta
312 1619 357 1663 de
390 1635 457 1663 sc:
491 1621 632 1677 primo
667 1619 841 1678 quidem
875 1621 972 1678 quia
1005 1634 1068 1664 est
1100 1636 1208 1679 opus
1238 1621 1443 1679 hominis,
1468 1621 1587 1665 cuius

168 1691 406 1735 intellectus
439 1708 461 1736 a
493 1692 679 1745 veritate,
712 1690 908 1735 voluntas
942 1709 963 1736 a
996 1692 1249 1736 rectitudine
1297 1706 1360 1737 est
1412 1692 1590 1737 defecti-

169 1761 291 1808 bilis:
325 1762 513 1807 secundo
547 1775 689 1807 autem
724 1764 821 1822 quia
854 1775 956 1806 tunc
989 1762 1125 1807 nullae
1159 1763 1246 1808 dari
1274 1776 1451 1824 possent
1477 1763 1593 1822 leges

169 1835 364 1889 iniustae,
399 1835 515 1893 quod
549 1849 609 1879 est
644 1847 790 1879 contra
823 1835 986 1879 factum
1024 1837 1167 1893 ipsum
1211 1848 1275 1880 tot
1318 1837 1461 1894 legum
1509 1836 1594 1880 ini-
1640 1835 1643 1837 ’

171 2101 247 2127 tum
276 2092 383 2126 etiam
412 2092 491 2138 quia
519 2091 760 2126 immediatius
788 2091 829 2125 ab
859 2092 933 2137 ipsa
961 2099 1095 2132 manat,
1118 2099 1193 2124 tum
1225 2089 1305 2136 quia
1324 2087 1499 2135 obligatio
1520 2089 1595 2123 eius

172 2152 378 2186 immediate
406 2161 456 2185 est
477 2152 519 2185 ab
549 2151 673 2185 eadem
695 2150 813 2184 divina
839 2151 1062 2185 auctoritate.
1082 2163 1099 2182 ))
1129 2151 1172 2184 Et
1195 2161 1293 2183 num.
1313 2156 1495 2195 sequente:
1523 2160 1541 2179 «
1557 2147 1595 2181 ln

173 2211 291 2245 divina
319 2210 398 2257 lege
426 2211 601 2256 obligatio
630 2220 680 2245 est
708 2210 914 2244 immediate
943 2211 984 2244 ab
1013 2210 1092 2255 ipso
1119 2211 1215 2250 Deo,
1245 2221 1328 2242 nam
1356 2217 1461 2253 prout
1490 2207 1597 2242 estin

173 2270 323 2304 homine
350 2281 424 2304 non
453 2270 601 2316 obligat,
629 2270 699 2304 nisi
740 2278 914 2316 quatenus
953 2269 1085 2304 indicat
1123 2269 1282 2302 divinam
1311 2267 1493 2301 rationem
1535 2276 1597 2300 seu

175 2329 414 2364 voluntatem:
445 2329 479 2362 in
508 2330 587 2375 lege
616 2338 734 2364 autem
763 2329 921 2363 humana
950 2329 1124 2375 obligatio
1153 2340 1226 2362 non
1255 2336 1305 2362 est
1342 2326 1547 2360 immediate
1576 2337 1595 2359 a

174 2389 267 2431 Deo,
298 2390 378 2434 qnia
405 2398 511 2433 prout
540 2398 591 2423 est
619 2389 654 2422 in
682 2388 831 2423 subditis
853 2388 1060 2423 immediate
1097 2388 1240 2433 respicit
1259 2387 1483 2421 voluntatem
1502 2386 1598 2431 prin-

175 2447 275 2491 cipis,
303 2448 360 2491 qui
388 2447 493 2481 habet
521 2448 593 2481 vim
623 2448 864 2482 constituendi
893 2459 1024 2482 novam
1063 2448 1184 2492 legem
1228 2446 1433 2480 distinctam
1461 2455 1479 2478 a
1518 2444 1597 2488 lege

177 2505 306 2546 dix-ina,
335 2514 367 2539 et
395 2506 435 2539 ab
464 2506 520 2538 illa
550 2516 601 2541 est
630 2508 791 2551 proxima
819 2507 1011 2550 obligatio,
1036 2508 1197 2552 quamvis
1227 2517 1260 2539 ra
1279 2505 1427 2539 {icaliter
1456 2512 1530 2538 tota
1554 2504 1596 2537 sit

176 2576 193 2597 a
222 2564 301 2611 lege
328 2573 481 2598 aeterna.
506 2580 518 2592 »
