1734 2784
777 103 1037 158 -173-

205 200 400 256 gustinus
433 198 503 256 (1)
536 199 595 241 sic
627 198 841 256 loquitur:
879 217 900 239 ‹<
934 200 1115 241 Interest
1158 197 1331 255 quidem
1376 197 1614 256 plurimum

206 287 288 328 qua
321 286 457 327 causa,
488 286 574 327 quo
607 269 707 322 fine,
755 286 836 328 qua
886 270 1117 312 intentione
1166 268 1268 326 quid
1302 268 1395 313 fiat:
1445 270 1519 314 sed
1552 286 1615 329 ea,

205 357 312 399 quae
346 353 509 384 constat
534 356 632 384 -esse
666 353 847 397 peccata,
894 339 1011 382 nullo
1059 338 1193 383 bonae
1243 355 1391 383 causae
1423 340 1618 399 obtentu,

208 412 324 456 nullo
358 413 475 469 quasi
508 411 622 454 bono
663 410 760 467 fine,
802 410 915 454 nulla
961 411 1077 454 velut
1124 410 1235 455 bona
1279 412 1516 456 intentione
1558 411 1615 455 fa-

209 483 354 528 cienda
386 495 541 526 sunt....
576 483 687 540 Quis
736 494 798 526 est
835 483 907 540 qui
951 483 1074 539 dicat,
1123 495 1168 526 ut
1216 482 1464 536 habeamus,
1500 476 1638 541 quod¹

206 554 357 598 demus
391 553 657 611 pauper-ibim,
691 553 891 596 faciamus
924 553 1032 597 furta
1055 553 1256 597 divitibus
1280 567 1349 598 aut
1372 555 1617 598 testimonia

208 624 308 668 falsa
339 625 571 668 vendamus
586 625 644 667 ?...
679 624 792 676 Quis
826 624 906 667 ista
937 624 1063 677 dicat,
1099 626 1179 668 nisi
1204 626 1276 684 qui
1311 642 1375 669 res
1412 625 1618 669 humanas

211 717 450 758 omnesque
498 712 674 743 conatur
720 716 862 743 mores
910 701 1109 758 legesque
1157 701 1433 745 subvertere?
1483 702 1639 756 Quod*

209 774 324 816 enim
348 772 722 815 sceleratissimum
746 770 922 829 facinus,
941 772 1055 829 quod
1075 773 1374 830 turpissimum
1394 772 1617 830 flagitium,

207 844 325 903 quod
367 844 671 902 impiissimum
715 843 984 900 sacrilegium
1033 860 1119 887 non
1165 844 1326 887 dicatur
1369 861 1495 904 posse
1526 844 1616 889 fieri

208 928 319 959 recte
351 928 475 972 atque
508 916 679 967 iuste‚...
713 915 747 956 si
779 915 910 958 semel
944 916 1296 972 concesserimus,
1329 916 1371 958 in
1415 915 1616 959 omnibus

207 987 328 1030 malis
362 986 560 1044 operibus
595 986 822 1029 hominum
857 985 953 1029 ideo
991 1002 1079 1029 non
1129 986 1230 1045 quid
1262 985 1346 1041 fiat,
1381 986 1455 1031 sed
1488 1002 1617 1046 quare

207 1060 277 1103 fiat
309 1076 401 1103 esse
433 1058 738 1117 quaerendum,
771 1070 818 1101 ut
852 1074 1146 1117 quaecumque
1169 1071 1344 1117 propter
1365 1058 1497 1102 bonas
1523 1075 1617 1102 cau-

209 1148 277 1175 sas
300 1131 404 1174 facta
425 1131 712 1187 inveniuntur,
729 1145 805 1172 nec
828 1130 917 1187 ipsa
939 1130 1047 1173 mala
1070 1146 1161 1173 esse
1187 1130 1458 1173 iudicentur?
1476 1147 1496 1169 »
1522 1131 1619 1174 Hoc

208 1218 334 1245 sensu
369 1217 401 1244 s.
435 1201 649 1257 Scriptura
670 1199 741 1258 (2)
773 1212 898 1252 vetat,
931 1215 983 1242 ne
1008 1200 1219 1257 faciamus
1242 1200 1352 1243 mala
1380 1209 1425 1244 ut
1448 1201 1620 1244 veniant

206 1273 323 1317 hona.
359 1272 492 1326 Quod
516 1273 629 1315 enim
667 1288 713 1314 ex
746 1287 788 1313 se
822 1271 982 1314 malum
1017 1283 1094 1329 est,
1121 1287 1208 1314 non
1232 1271 1277 1314 fit
1302 1271 1464 1314 licitum
1491 1286 1620 1329 prop-

206 1359 269 1389 ter
310 1345 590 1387 intentionem
634 1343 733 1386 boni
766 1343 878 1396 finis,
913 1345 985 1401 qui
1018 1345 1164 1401 nequit
1208 1342 1294 1386 ullo
1328 1354 1450 1400 pacto
1485 1341 1616 1385 coho-

204 1428 369 1459 nestare
402 1416 587 1458 actiones
619 1430 693 1457 seu
728 1414 866 1458 media
898 1430 947 1458 ex
981 1431 1024 1457 se
1062 1415 1216 1472 iniqua.

735 1569 902 1611 THESIS
935 1569 1056 1612 XXI.

217 1665 408 1723 Turpiter
439 1674 579 1709 errant
619 1664 833 1719 militat-ii,
866 1665 935 1721 qni
956 1662 1167 1705 bonitatem
1200 1662 1392 1706 moralem
1421 1663 1533 1706 unice
1556 1663 1617 1706 si-

326 1745 410 1778 tam
441 1752 520 1779 esse
553 1736 758 1793 affirmant
791 1736 832 1777 in
866 1734 1043 1777 utilitate
1075 1734 1244 1777 actionis
1281 1733 1335 1776 ad
1378 1733 1618 1791 temporalia

322 1809 542 1864 praesentis
578 1809 683 1849 vitae
715 1806 832 1849 bona.

329 1904 394 1955 65.
419 1902 788 1944 PRAENOTioNEs.
821 1900 1120 1943 Utilitarismns
1143 1899 1309 1942 moralis
1330 1910 1393 1942 est
1416 1909 1617 1955 systema,

207 1973 252 2015 in
275 1988 361 2029 quo
394 1970 556 2014 bonitas
580 1971 752 2013 moralis
776 1970 1008 2013 collocatur
1030 1970 1153 2012 unice
1176 1971 1219 2012 in
1240 1969 1416 2012 utilitate
1439 1969 1617 2012 actionis

204 2043 257 2086 ad
288 2042 538 2099 temporalia
571 2043 802 2098 praesentis
834 2042 945 2083 vitae
978 2040 1102 2097 bona,
1136 2053 1283 2083 contra
1315 2055 1416 2083 vero
1458 2038 1618 2082 malitia

302 2193 354 2237 (1)
378 2192 454 2227 Lib.
487 2198 599 2225 contr.
627 2188 856 2222 mendacium
885 2199 960 2233 cap.
989 2198 1021 2232 7.
1051 2189 1129 2222 Huc
1157 2185 1279 2222 referri
1305 2194 1423 2232 potest
1451 2187 1620 2232 proposi-

204 2251 259 2285 tio
285 2251 320 2285 in
346 2251 492 2296 Syllabo
519 2248 758 2283 condemnata
786 2248 849 2281 sub
876 2258 974 2281 num.
1001 2246 1069 2290 64:
1105 2262 1121 2278 «
1143 2247 1239 2282 Tum
1266 2246 1436 2292 cuiusque
1463 2246 1618 2280 sanctis-

204 2310 286 2344 simi
315 2310 505 2344 iuramenti
548 2307 709 2349 violatio,
735 2315 811 2340 tum
843 2306 1019 2352 quaelibet
1059 2307 1208 2341 scelesta
1235 2306 1485 2352 flagitiosaque
1528 2305 1621 2339 actio

204 2369 443 2414 sempiternae
469 2367 538 2412 legi
567 2376 870 2411 repugnans,non
898 2365 1016 2399 solum
1034 2364 1128 2398 haud
1155 2374 1205 2399 est
1227 2363 1474 2409 improbanda,
1495 2374 1620 2397 verum

204 2429 311 2462 etiam
337 2428 488 2461 omnino
516 2426 610 2460 licita
639 2434 672 2459 et
698 2424 849 2458 summis
874 2424 1037 2457 laudibus
1078 2423 1274 2466 efferenda,
1301 2422 1442 2469 quando
1481 2422 1516 2455 id
1554 2432 1620 2466 pro

205 2488 340 2532 patriae
366 2498 486 2521 amore
512 2495 676 2531 agatur.»
709 2483 765 2518 Cf.
792 2484 899 2517 etiam
928 2495 1028 2528 prop.
1056 2482 1109 2518 61.

300 2545 355 2588 (2)
382 2546 487 2579 Rom.
514 2544 574 2577 ΙΙΙ.
602 2543 633 2577 8.
664 2558 680 2573 «
697 2543 738 2576 Et
764 2553 838 2575 non
866 2542 955 2575 sicut
977 2541 1272 2587 blasphemamur
1298 2549 1332 2574 et
1353 2539 1496 2586 quidam
1516 2538 1619 2574 aiunt

203 2615 275 2637 nos
302 2603 428 2645 dicere,
455 2602 628 2636 faciamus
653 2601 748 2635 mala
774 2609 811 2634 ut
837 2600 979 2634 veniant
999 2600 1094 2634 bona
1116 2611 1122 2633 z
1145 2610 1297 2645 quorum
1324 2598 1506 2633 damnatio
1536 2598 1629 2633 iusta
