1734 2784
701 438 949 491 CAPUT
991 439 1080 490 IV.

597 589 874 632 DEJLEGE
914 588 1176 626 MORALI.

295 727 364 782 83.
399 727 602 770 Actiones
636 726 860 779 humanae,
895 737 941 768 ut
974 727 1015 767 in
1050 723 1329 782 praecedente
1364 726 1497 781 capite
1521 724 1602 768 de-

175 797 444 855 clamavimus,
477 798 576 841 sunt
619 797 754 841 bonae
802 797 867 840 vel
918 797 1049 840 malae
1098 809 1226 854 prout
1275 809 1373 839 sunt
1422 797 1598 839 naturali

175 869 318 913 ordini
352 869 594 913 conformes
628 869 695 913 vel
727 869 775 912 ab
810 885 861 912 eo
896 869 1128 912 difformes
1169 869 1305 911 Porro
1345 868 1595 912 huiusmodi

176 940 454 984 conformitas
485 941 552 985 vel
585 941 838 985 difformitas
873 956 961 983 non
995 940 1149 983 eodem
1184 939 1317 982 modo
1371 940 1413 982 in
1448 941 1595 982 omni-

176 1013 254 1056 bus
286 1013 395 1056 inest
427 1012 678 1056 actionibus.
702 1013 750 1056 In
784 1012 992 1069 aliquibus
1027 1012 1142 1054 enim
1176 1012 1414 1054 actionibus
1442 1013 1599 1069 reperi-

175 1097 244 1127 tur
277 1084 580 1128 tantummodo
612 1093 892 1142 consequenter
924 1083 974 1126 ad
1010 1085 1237 1141 positivam
1272 1083 1410 1139 legem
1445 1098 1466 1124 a
1500 1084 1596 1126 Deo

174 1155 243 1199 vel
276 1158 403 1199 etiam
436 1155 484 1199 ab
519 1156 709 1198 humano
744 1156 963 1213 superiore
997 1154 1126 1198 libere
1150 1155 1292 1198 latam.
1318 1156 1365 1197 In
1391 1154 1481 1197 aliis
1521 1172 1602 1198 au-

176 1239 263 1270 tem
283 1227 518 1271 actionibus
536 1228 751 1271 invenitur
768 1229 895 1271 etiam
920 1227 1188 1271 antecedenter
1212 1227 1261 1270 ad
1285 1227 1424 1284 legem
1449 1243 1598 1285 quam-

177 1314 362 1357 cumque
396 1299 650 1357 positivam:
684 1310 724 1341 et
769 1297 872 1341 haec
914 1298 1068 1341 dicitur
1117 1297 1282 1340 bonitas
1330 1298 1395 1341 vel
1442 1298 1602 1340 malitia

177 1372 395 1415 intrinseca
429 1383 469 1413 et
502 1371 737 1414 essentialis.

298 1443 365 1497 84.
400 1442 560 1485 Eadem
595 1441 795 1499 appellari
830 1442 954 1484 etiam
987 1440 1095 1484 solet
1128 1440 1294 1484 bonitas
1344 1442 1408 1485 vel
1443 1442 1602 1485 malitia

176 1513 500 1569 fundamentalis
533 1526 574 1556 et
596 1513 806 1557 obiectivcz.
833 1514 883 1555 Et
917 1526 1029 1555 recte
1052 1513 1250 1570 quidem:
1277 1526 1339 1555 est
1369 1515 1483 1556 enim
1508 1513 1603 1556 funss

179 1583 446 1641 damentum‚
480 1600 566 1641 quo
602 1585 809 1637 innititur,
845 1596 968 1640 atque
1002 1583 1233 1639 obiectum,
1267 1584 1384 1641 quod
1428 1584 1602 1641 respicit

177 1654 245 1698 lex
277 1655 418 1699 divina
449 1655 667 1711 naturalis,
701 1670 774 1712 per
806 1671 935 1712 quam
971 1655 1157 1697 actiones
1192 1654 1285 1698 illae
1319 1656 1402 1697 iam
1457 1655 1507 1698 de
1558 1671 1604 1698 se

178 1727 315 1771 bonae
346 1727 412 1771 vel
445 1727 496 1771 de
529 1743 573 1770 se
606 1726 739 1770 malae
788 1727 1032 1784 complentur
1079 1726 1120 1767 in
1153 1741 1228 1769 sua
1262 1727 1488 1769 intrinseca
1521 1726 1606 1769 bo-

180 1800 310 1842 nitate
342 1799 409 1841 vel
443 1797 618 1850 malitia,
656 1810 695 1840 et
728 1797 913 1840 evadunt
947 1812 993 1839 ex
1020 1797 1197 1854 perfecta
1240 1796 1480 1854 obligatione
1528 1812 1605 1854 po-

180 1870 342 1914 nendae
375 1886 397 1913 a
431 1869 554 1913 nobis
587 1869 652 1912 vel
687 1868 960 1911 omittendae.

303 1942 370 1997 85.
405 1940 511 1984 Inde
544 1953 684 1983 autem
721 1952 848 1997 patet,
881 1941 1025 1996 qnanti
1074 1940 1223 1984 referat
1267 1952 1503 1984 accuratam
1552 1940 1605 1984 de

182 2011 260 2070 lege
292 2012 441 2055 morali
474 2012 820 2069 disputationem
845 2012 1079 2056 instituere.
1114 2013 1187 2055 Est
1220 2013 1334 2055 enim
1370 2011 1464 2065 lex,
1498 2028 1609 2070 quae

181 2084 369 2127 actiones
402 2083 529 2127 efficit
562 2083 693 2126 bonas
727 2082 792 2125 vel
826 2083 969 2140 malas,
1003 2096 1073 2126 aut
1109 2096 1221 2126 certe
1256 2084 1298 2126 in
1320 2100 1394 2126 sua
1417 2083 1604 2126 bonitate

181 2155 247 2199 vel
280 2155 438 2198 malitia
473 2155 689 2212 complet:
723 2167 784 2197 est
832 2153 928 2206 lex,
979 2170 1085 2211 quae
1134 2156 1323 2197 actiones
1373 2154 1508 2198 reddit
1556 2171 1606 2198 ex

183 2226 367 2285 perfecta
401 2226 660 2283 obligatione
695 2225 912 2283 ponendas
947 2225 1011 2268 vel
1059 2225 1263 2268 vitandas,
1299 2226 1411 2268 Hinc
1445 2226 1609 2268 mirum

183 2313 270 2341 non
297 2310 374 2352 est,
398 2297 557 2340 multos
582 2297 729 2355 quavis
755 2309 885 2339 aetate
908 2297 1097 2339 extitisse
1121 2297 1297 2339 maximi
1322 2297 1509 2339 nominis
1534 2312 1608 2339 au-

184 2381 322 2412 ctores
357 2369 429 2426 qui
464 2368 514 2411 de
548 2367 712 2425 legibus
743 2379 1064 2425 pertractarunt.

305 2441 373 2483 86.
408 2439 455 2483 Id
490 2440 596 2481 inter
620 2438 810 2483 Graecos
835 2439 922 2495 egit
946 2438 1085 2491 Plato,
1107 2439 1259 2482 Cicero
1285 2439 1392 2481 inter
1415 2438 1606 2481 Latinos.

187 2511 290 2554 Duo
322 2524 465 2554 tamen
498 2522 610 2567 sunt,
643 2522 749 2553 teste
782 2511 1000 2563 Suaresio,
1036 2511 1109 2567 qui
1143 2509 1194 2553 de
1227 2508 1390 2566 legibus
1434 2510 1607 2567 sapien-
