1734 2784
672 93 907 135 —81—

69 186 337 247 praecedenti
390 187 638 245 quaestione
692 187 977 238 connectitur,
1030 198 1179 228 utrum
1241 184 1291 229 de
1341 187 1506 230 ratione

69 258 274 317 perfectae
307 256 514 301 felicitatis
548 258 601 299 sit
635 256 825 300 exclusio
877 257 1020 300 omnis
1058 256 1233 300 moralis
1283 256 1504 300 inordina-

69 331 214 386 tionis,
233 344 400 372 necnon
424 341 533 371 certa
557 343 735 386 prorsus
770 328 989 384 cognitio,
1012 343 1093 385 qua
1128 327 1273 371 beatus
1308 329 1359 371 sit
1384 329 1506 386 plane

69 417 257 455 securuS,
276 416 320 444 se
352 399 519 443 nullum
554 399 716 442 malum
752 400 915 442 morale
948 415 1155 457 umquam
1181 400 1223 442 in
1248 413 1506 458 perpetuum

71 473 445 517 commissurum?
477 497 534 504 -
568 471 845 516 Affirmatur:
881 470 1037 529 duplex
1070 484 1211 515 autem
1261 472 1397 516 afferri
1431 489 1506 531 po—

70 557 151 588 test
199 544 318 587 ratio.
368 544 505 586 Primo
561 544 683 600 argui
734 555 877 601 potest
917 559 967 586 ex
1022 555 1230 601 conceptu
1285 543 1506 588 felicitatis.

71 617 314 668 Peccatum,
367 616 623 674 praesertim
666 606 966 668 mortiferum,
1011 628 1073 658 est
1120 616 1269 673 ingens
1317 617 1506 671 miseria,

75 702 372 745 magnumque
408 686 575 730 luctum
626 686 765 743 affert,
814 701 859 729 ac
893 686 1072 744 proinde
1120 699 1330 745 repugnat
1378 689 1508 731 statui

70 756 359 808 beatitudinis,
411 756 462 801 de
499 759 628 801 cuius
671 758 877 800 nimirum
929 758 1092 800 ratione
1127 770 1203 815 est,
1236 770 1282 801 ut
1315 759 1507 802 excludat

73 844 200 872 omne
235 829 410 873 malum.
448 829 629 873 Secundo
667 830 786 886 argui
822 841 963 886 potest
1011 845 1059 872 ex
1104 830 1168 883 iis,
1203 845 1308 887 quae
1356 829 1432 873 hac
1465 831 1507 874 in

69 899 177 943 thesi
203 899 312 943 dicta
335 912 446 943 sunt.
468 901 747 957 Perpetratio
783 900 958 942 moralis
993 899 1324 943 inordinationis
1359 917 1505 944 secum

69 968 195 1014 ferret
239 972 517 1014 amissionem
552 971 780 1028 felicitatiS,
815 984 854 1014 et
904 972 964 1013 sic
998 971 1215 1015 beatitudo
1261 988 1347 1015 non
1394 972 1505 1016 foret

69 1055 249 1087 aeterna:
273 1060 412 1101 neque
447 1045 563 1086 enim
598 1045 782 1101 supponi
821 1056 983 1100 potest,
1009 1044 1153 1086 Deum
1187 1043 1292 1087 Velle
1326 1046 1507 1088 retinere

68 1113 144 1157 sibi
168 1115 319 1157 intime
353 1116 637 1157 coniunctam
674 1116 877 1167 animam,
905 1130 1012 1172 quae
1041 1113 1088 1157 ab
1123 1131 1173 1158 co
1199 1128 1261 1158 est
1286 1132 1359 1173 per
1382 1132 1508 1173 grave

73 1198 295 1244 peccatum
329 1202 488 1230 aversa.

187 1259 242 1301 At
283 1257 364 1315 2.⁰)
394 1273 591 1315 quaeres,
633 1257 860 1315 quomodo
900 1257 939 1301 id
975 1257 1061 1311 fiat,
1096 1258 1160 1301 vel
1210 1259 1424 1303 undenam
1468 1259 1508 1303 id

71 1330 264 1372 oriatur?
283 1355 340 1361 ——
363 1330 579 1387 Inprimis,
615 1330 697 1372 etsi
718 1329 839 1372 nullo
865 1346 1093 1387 possemus
1121 1344 1242 1388 pacto
1267 1332 1513 1389 propositae

68 1402 307 1458 quaestioni
341 1402 615 1460 respondere,
667 1417 756 1444 non
804 1401 964 1446 idcirco
1020 1401 1264 1459 negandum
1316 1402 1425 1446 foret
1459 1404 1515 1457 id,

67 1471 184 1529 quod
217 1472 415 1529 legitima
449 1474 728 1517 conclusione
778 1490 828 1517 ex
872 1476 1118 1532 praemissis
1169 1475 1294 1517 certis
1331 1488 1370 1517 et
1404 1476 1513 1518 veris

68 1542 337 1588 deduximus.
374 1546 642 1603 Saepissime
667 1547 782 1589 enim
818 1545 877 1602 fit,
898 1558 943 1588 ut
968 1561 1292 1603 cognoscamus
1318 1562 1407 1589 rem
1432 1547 1510 1588 ali-

70 1631 199 1673 quam
224 1632 329 1671 esse‚
351 1630 391 1660 ct
414 1619 671 1675 ignoremus
698 1618 897 1675 modum,
921 1634 1006 1676 quo
1033 1634 1096 1661 res
1122 1618 1188 1660 illa
1213 1630 1277 1660 est
1301 1617 1386 1676 (Ι).
1412 1618 1509 1660 Hoc

69 1699 211 1730 autem
252 1689 437 1732 maxime
481 1690 593 1734 valet
628 1690 678 1733 de
724 1690 920 1733 felicitate
966 1689 1168 1741 naturali,
1194 1689 1244 1732 de
1275 1705 1370 1746 qua,
1394 1705 1507 1747 quo-

69 1757 203 1801 modo
238 1758 381 1803 futura
414 1774 543 1815 esset,
580 1778 710 1819 pauca
750 1777 983 1819 possumus
1025 1760 1329 1804 ratiocinando
1365 1762 1503 1804 conii-

71 1843 175 1872 cere.
210 1831 267 1873 Ut
301 1843 443 1875 tamen
468 1832 627 1890 aliquid
651 1833 857 1886 dicamus,
882 1832 1075 1888 theologi
1111 1832 1161 1875 de
1187 1832 1500 1889 supernaturali

166 2037 222 2083 (1)
254 2052 270 2069 «
298 2038 377 2072 Hoc
405 2049 484 2072 sum
512 2048 716 2081 contentuS‚
748 2039 798 2073 ait
827 2039 980 2081 Cicero,
1010 2039 1053 2073 de
1082 2039 1226 2074 divinat.
1260 2038 1281 2074 l.
1310 2040 1334 2073 Ι.
1363 2051 1439 2085 cap.
1463 2047 1507 2084 9.‚

71 2097 166 2143 quad
193 2098 346 2140 etiamsi,
366 2098 552 2145 quomodo
573 2099 725 2145 quidque
745 2098 817 2141 fiat,
841 2099 1020 2143 ignorem,
1045 2098 1129 2144 quid
1150 2099 1209 2133 siat
1234 2098 1444 2143 intelligo.»
1466 2102 1506 2135 Et

71 2155 118 2189 ib.
140 2167 214 2202 cap,
239 2165 289 2202 39.
311 2157 447 2192 subdit:
469 2172 485 2187 «
508 2158 543 2192 Si
564 2166 772 2202 magnetem
792 2157 950 2203 lapidem
974 2169 1051 2192 csse
1073 2158 1204 2199 dicam,
1231 2159 1293 2203 qui
1315 2157 1443 2192 serrum
1464 2159 1505 2191 ad

70 2224 106 2248 se
126 2214 258 2250 alliciat
286 2225 318 2250 et
338 2216 505 2258 attrahat,
529 2216 719 2258 rationem,
738 2228 799 2250 cur
819 2216 852 2250 id
883 2216 956 2259 fiat,
976 2216 1101 2251 afferre
1121 2228 1296 2263 nequeam
1311 2229 1318 2258 ;
1336 2217 1410 2251 lieri
1430 2228 1510 2250 om-

69 2273 154 2309 nino
175 2276 312 2321 neges?
333 2291 348 2305 »
371 2277 447 2310 Hac
468 2275 510 2310 de
539 2288 574 2310 rc
594 2275 666 2320 legi
686 2285 806 2321 potest
827 2288 853 2310 s.
873 2276 1110 2321 Augustinus,
1134 2277 1168 2310 in
1197 2276 1220 2312 1.
1242 2276 1337 2310 XXI.
1359 2276 1401 2309 de
1440 2276 1506 2309 civ-

68 2333 136 2368 Dei
163 2345 237 2380 cap.
269 2344 316 2378 5.,
348 2337 444 2370 cuius
485 2335 611 2380 capitis
647 2335 704 2369 hic
746 2345 799 2370 cst
825 2335 965 2370 titulus:
1000 2344 1167 2381 «quanta
1195 2336 1266 2370 sint
1306 2346 1394 2382 quae
1437 2346 1509 2368 non

69 2402 161 2428 recte
178 2403 308 2439 queant
327 2395 491 2441 agnosci,
516 2404 549 2429 et
569 2404 690 2429 tamen
719 2395 846 2429 eadem
869 2406 949 2429 esse
971 2406 1044 2429 non
1074 2395 1117 2429 sit
1145 2396 1402 2440 ambiguum.»
1442 2395 1510 2428 Lo-

68 2452 186 2497 quitur
211 2462 331 2488 autem
360 2454 402 2488 de
428 2454 510 2500 igne
547 2452 686 2495 inferni,
729 2455 915 2500 quomodo
957 2465 1107 2500 corpora
1148 2455 1183 2488 in
1222 2456 1365 2489 ustione
1418 2453 1510 2497 ignis

69 2510 140 2545 sint
168 2521 349 2558 perpetua.
379 2512 431 2548 Cf.
460 2514 569 2549 etiam
598 2526 675 2561 cap.
714 2514 760 2556 6.,
796 2515 830 2548 in
872 2526 943 2560 quo
972 2515 1144 2556 ostendit,
1177 2530 1192 2545 «
1214 2515 1309 2561 quod
1337 2514 1371 2548 in
1401 2515 1509 2549 rebus

71 2571 172 2607 miris
202 2583 342 2607 summa
372 2573 540 2608 credendi
568 2575 658 2610 ratio
687 2574 729 2608 sit
758 2574 1029 2619 omnipotentia
1061 2575 1255 2611 Creatori&
1286 2588 1302 2606 »

1345 2620 1365 2656 6
