1734 2784
737 98 1002 141 -421-

144 180 427 241 probabilior,
454 181 521 225 vel
553 179 703 225 habeat
736 181 986 239 requisitam
1020 179 1468 238 praeponderantiam,
1494 177 1578 221 hoc

143 267 214 298 est
237 252 456 297 moraliter
489 251 816 311 impossibile».
1376 304 1377 307 Ἴ

269 325 413 378 Dices,
447 325 491 366 in
524 323 594 367 tali
628 323 762 368 modo
798 324 968 381 agendi,
1002 323 1233 368 falsitatem
1276 321 1476 381 praeferri
1509 337 1580 364 ve·

146 397 277 440 ritati.
301 394 563 453 Respondeo
597 410 696 438 cum
730 395 885 439 eodem
919 411 950 440 s.
976 395 1208 454 Alphonso
1232 394 1317 454 (1):
1348 392 1578 447 «Quando

151 468 304 512 adsunt
338 466 444 510 duae
478 467 724 525 opiniones,
758 466 885 510 altera
918 469 1072 525 magis,
1106 466 1234 511 altera
1278 467 1422 510 minus
1470 481 1577 524 pro-

151 538 315 596 babilis,
349 550 450 581 tunc
483 553 572 581 non
619 537 664 581 fit
700 540 964 596 comparatio
998 539 1108 582 inter
1140 539 1361 582 veritatem
1396 550 1436 582 et
1467 537 1579 581 falsi·

150 624 313 667 tatem3
344 622 473 668 atque
506 609 612 653 adeo
647 610 682 656 si
716 611 858 653 minus
893 610 1124 668 probabilis
1162 610 1347 668 eligitur,
1371 625 1458 653 non
1482 608 1579 653 ideo

150 682 386 741 praefertur
407 681 564 725 falsitas
589 682 775 736 veritati3
801 681 875 725 sed
900 682 944 725 fit
969 684 1233 740 comparatio
1258 683 1365 725 inter
1387 681 1490 725 duas
1509 697 1578 739 ap-

145 755 361 813 parentias
395 755 603 811 veritatiS,
626 770 807 812 quarum
832 754 926 799 licet
951 772 1032 798 una
1056 755 1251 799 videatur
1273 755 1426 810 maior,
1450 769 1578 812 quam

155 829 298 880 altera,
322 839 500 884 utraque
523 839 668 869 tamen
691 826 858 869 videtur
884 843 1051 884 magna,
1077 828 1131 870 ita
1157 840 1203 870 ut
1226 838 1405 884 utraque
1428 824 1578 884 proba-

158 898 297 942 biliter
319 899 372 941 sit
388 914 500 952 vera3
515 914 597 956 qua
616 898 666 941 de
685 914 730 941 re
748 898 903 942 eodem
923 911 1132 957 tempore,
1157 915 1244 957 quo
1263 899 1411 957 opinio
1429 897 1579 956 proba-

153 970 281 1014 bilior
312 983 485 1029 apparet
518 971 793 1013 verisimilius
826 987 939 1026 vera,
976 984 1152 1029 apparet
1186 971 1313 1014 etiam
1361 970 1581 1014 verisimi-

146 1042 248 1086 liter
280 1042 380 1086 falsa
413 1041 500 1100 (2),
540 1054 580 1085 et
628 1042 777 1099 opinio
827 1043 1025 1099 opposita
1074 1054 1246 1100 apparet
1294 1041 1581 1085 verisimiliter

147 1131 306 1158 vera.»
345 1139 402 1147 —
435 1115 580 1170 Dices,
628 1114 839 1156 maiorem
888 1114 1013 1157 unius
1064 1115 1191 1172 partis
1240 1113 1579 1172 probabilitatem

148 1185 372 1229 destruere
405 1185 621 1227 minorem
656 1183 997 1241 probabilitatem
1022 1186 1151 1243 partis
1175 1184 1360 1228 alterius.
1385 1186 1580 1241 Respon-

149 1257 236 1300 deo
269 1255 470 1314 negando
506 1256 686 1299 omnino
721 1256 1017 1300 assertionem:
1053 1271 1151 1299 nam
1196 1268 1400 1299 «tantum
1450 1256 1578 1299 certi-

154 1328 262 1372 tudo
296 1328 378 1372 hoc
411 1326 488 1370 sibi
521 1326 724 1384 vindicat,
757 1339 802 1369 ut
838 1328 1101 1370 contrarium
1150 1327 1343 1370 falsitatis
1392 1325 1580 1380 damnet,

152 1412 282 1457 atque
315 1398 412 1442 ideo
436 1397 719 1456 improbabile
742 1397 889 1441 reddat
913 1417 934 1438 »
971 1397 1054 1456 (3).
1091 1425 1143 1430 —
1179 1400 1324 1452 Dices,
1358 1397 1503 1441 deesse
1536 1398 1580 1440 in

148 1487 251 1515 casu
291 1470 591 1514 certitudinem
624 1469 745 1527 plane
778 1469 962 1514 firmam.
998 1471 1272 1529 Respondeo,
1305 1468 1514 1529 quidquid
1536 1470 1580 1512 in

159 1560 256 1587 casu
292 1543 410 1587 deest
445 1540 686 1585 certitudini
736 1541 857 1599 plane
904 1540 1065 1595 firmae,
1099 1542 1140 1586 id
1174 1558 1343 1600 semper
1390 1541 1579 1599 suppleri

158 1631 233 1674 per
266 1615 472 1674 principia
505 1613 678 1666 reflexa,
713 1630 748 1657 e.
783 1630 822 1671 g.
856 1613 923 1656 lex
956 1614 1113 1658 incerta
1148 1626 1304 1657 certam
1353 1613 1580 1671 obligatio·

154 1704 258 1731 nem
303 1703 449 1745 parere
496 1687 660 1743 nequit,
694 1702 784 1742 sen,
816 1702 904 1729 non
953 1699 1015 1729 est
1063 1686 1326 1744 imponenda
1375 1685 1579 1744 obligatio

149 1760 236 1803 nisi
269 1758 320 1803 de
354 1776 400 1803 ea
434 1771 548 1802 certo
584 1770 763 1801 constet.
802 1776 823 1798 «
845 1759 1009 1813 Quare,
1046 1772 1090 1801 ut
1123 1758 1228 1802 bene
1263 1757 1477 1801 concludit
1511 1758 1579 1801 Li-

153 1831 347 1875 beratore
380 1830 466 1889 (4),
499 1829 601 1872 haec
635 1829 890 1872 conscientia
915 1830 1210 1891 maximopere
1236 1829 1373 1873 differt
1397 1845 1419 1872 a
1443 1828 1580 1886 dubia,

153 1916 194 1948 et
223 1903 370 1947 minus
403 1914 498 1960 apte
530 1913 709 1944 vocatur
752 1900 993 1958 probabilis,
1028 1916 1124 1944 cum
1177 1902 1320 1960 potius
1369 1910 1475 1945 certa
1508 1899 1578 1943 di-

154 1974 286 2019 cenda
317 1975 384 2018 sit:
419 1972 632 2031 siquidem
683 1971 910 2028 dictamen,
943 1988 1030 2031 quo
1082 1985 1268 2026 constat,
1306 1986 1467 2017 certum
1517 1984 1581 2016 est

148 2048 193 2093 vi
225 2047 422 2106 principii
455 2044 618 2098 reflexi,
644 2044 684 2087 in
719 2058 805 2102 quo
838 2043 1051 2103 fundatur,
1074 2046 1151 2089 etsi
1187 2046 1294 2089 ratio
1328 2044 1485 2089 directa
1520 2045 1579 2088 sit

251 2269 308 2315 (ι)
336 2268 408 2313 ΟΡ,
437 2275 471 2301 et
497 2264 570 2299 loc.
602 2263 662 2299 cit,

249 2328 306 2374 (2)
335 2340 353 2359 c<
370 2327 487 2361 Etiam
506 2325 540 2358 in
560 2323 866 2370 probabilioribus
884 2324 1122 2370 opinionibus
1141 2334 1259 2372 potest
1281 2326 1399 2361 timeri
1427 2325 1581 2367 falsitas,

151 2389 250 2436 quia,
276 2397 313 2424 ut
339 2387 387 2422 ait
415 2384 642 2426 Aristoteles,
671 2384 779 2417 multa
799 2382 895 2428 salsa
916 2385 1245 2432 suntprobalriliora
1269 2386 1401 2421 veris.»
1427 2387 1478 2422 lta
1494 2386 1584 2422 Sua-

155 2460 225 2492 rez,
252 2448 276 2483 l.
306 2447 367 2485 cit,
393 2456 493 2479 num.
525 2451 551 2486 5.

253 2507 310 2552 (3)
338 2506 389 2540 Ita
414 2503 637 2543 Liberatore,
665 2500 745 2536 Eth.
774 2512 850 2548 cap.
878 2502 941 2538 111.
970 2515 1072 2539 num.
1107 2515 1180 2550 113.

253 2566 311 2613 (4)
338 2565 378 2600 L.
406 2564 465 2598 cit.
