1734 2784
716 75 768 81 ““
802 63 887 105 449
922 74 979 83 -

135 140 245 200 phus
277 139 365 199 (1),
400 141 540 184 media
571 154 635 185 est
667 143 778 186 inter
801 143 1172 200 intemperantiam
1195 154 1236 185 et
1258 143 1551 201 stupiditatem

134 215 178 256 in
200 211 502 270 voluptatibus,
522 230 540 252 »
580 213 728 270 Itaque
762 215 1067 271 temperantiae
1101 228 1380 273 opponuntur
1412 218 1554 260 intem-

128 285 319 343 perantia
342 299 418 341 per
440 299 666 327 excessum
691 297 732 328 et
755 285 1046 329 insensibilitas
1079 302 1152 344 per
1176 286 1403 332 defectum.
1428 289 1550 332 Prius

134 369 198 400 est
226 357 383 400 vitium
416 355 590 399 illorum
615 358 830 414 omnium,
853 359 926 415 qui
948 357 1237 416 voluptatibus
1261 375 1468 404 sensuum
1492 363 1554 405 ni-

135 429 275 472 mium
299 427 538 486 indulgent,
563 440 604 470 et
636 429 815 486 proinde
839 430 882 472 in
906 429 1014 487 cibo,
1037 442 1143 487 potu
1168 431 1345 489 aliisque
1371 433 1552 477 modum

134 515 224 543 non
257 511 438 542 servant:
474 499 517 542 id
550 511 690 542 autem
724 501 864 557 primo
901 500 1078 558 quidem
1111 502 1292 556 animae,
1326 516 1419 547 tum
1452 522 1556 549 vero

133 571 215 629 ipsi
240 571 365 614 etiam
385 571 557 629 corpori
582 571 888 615 detrimentum
908 572 1038 616 affert.
1062 573 1259 616 Alterum
1278 590 1380 618 vero
1400 578 1553 621 vitium

134 643 361 700 contingit,
380 658 514 700 quum
539 638 688 700 aliquis
712 642 760 686 ab
785 646 904 686 omni
924 644 1174 688 huiusmodi
1191 646 1408 705 voluptate
1431 664 1551 705 pror-

133 730 205 757 sus
230 714 399 771 refugit,
435 727 479 757 ut
512 716 546 757 si
580 731 614 758 e.
641 731 678 771 g.
705 715 752 758 ab
787 732 861 758 esu
897 732 1065 770 eorum,
1100 733 1206 775 quae
1241 721 1553 764 conservandae

131 788 242 830 vitae
276 802 322 830 ac
344 787 574 830 valetudini
600 789 835 831 necessaria
869 802 982 842 sunt,
1009 789 1109 832 velit
1139 791 1232 847 quis
1257 790 1478 849 abstinere,
1503 808 1554 836 ne

133 858 461 902 delectationem
484 859 610 913 illam,
636 875 743 918 quae
776 860 1022 903 naturaliter
1046 875 1098 903 ex
1133 860 1224 904 cibo
1249 864 1426 920 capitur,
1451 880 1552 921 per—

131 932 298 991 sentiat.
336 932 490 984 Quum
527 947 626 974 vero
661 947 711 974 ex
745 930 911 974 duobus
946 931 1060 975 hisce
1085 933 1196 975 vitiis
1231 934 1423 990 primum
1448 935 1551 979 illud

132 1003 186 1045 sit
218 1004 329 1046 inter
361 1002 558 1045 homines
594 1002 732 1045 multo
768 1002 1046 1060 frequentius,
1071 1019 1199 1060 quam
1233 1004 1428 1064 alterumg
1455 1006 1551 1049 hinc

131 1073 182 1116 ad
216 1073 322 1117 illud
355 1073 577 1117 vitandum
613 1089 779 1127 omnes,
814 1086 1028 1131 quotquot
1052 1075 1294 1128 extiterunt,
1320 1078 1451 1119 sancti
1475 1078 1551 1120 viri

130 1160 210 1187 nos
245 1157 463 1202 tantopere
497 1144 789 1187 adhortantur.
830 1163 852 1184 «
886 1144 953 1187 Ad
987 1144 1250 1203 conflictum,
1286 1148 1341 1188 ita
1375 1163 1407 1191 s.
1443 1148 1550 1190 Gre-

129 1216 277 1273 gorius
312 1216 370 1259 M.
399 1214 484 1274 (2)‚
509 1215 738 1272 spiritualis
763 1216 911 1271 agonis
938 1231 1023 1258 uon
1049 1218 1305 1273 assurgitur,
1331 1219 1410 1260 nisi
1436 1220 1551 1275 prius

78 1288 80 1291 ’
130 1288 239 1331 intra
262 1288 554 1345 nosmetipsos
590 1287 726 1329 hostis
752 1288 933 1344 positus,
957 1287 1079 1343 gulae
1103 1288 1296 1332 videlicet
1321 1292 1549 1347 appetitus,

129 1358 369 1403 edomatur.
390 1375 410 1398 >>

247 1431 532 1474 FORTITUDo.
567 1430 597 1472 I.
633 1429 839 1487 Definitio.
864 1456 922 1460 -—
951 1448 970 1470 «
992 1430 1168 1473 Nomen
1193 1430 1472 1489 fortitudinis,
1496 1435 1551 1476 ait

128 1517 159 1545 s.
179 1501 375 1544 Thomas
393 1500 480 1559 (3),
498 1499 723 1558 dupliciter
756 1501 888 1557 accipi
923 1513 1077 1558 potest.
1098 1526 1154 1534 —-
1172 1502 1274 1545 Uno
1309 1503 1459 1556 modo,
1485 1520 1548 1547 se-

129 1572 317 1616 cundum
350 1572 468 1630 quod
501 1571 692 1615 absolute
716 1573 919 1629 importat
954 1572 1183 1630 quamdam
1208 1575 1336 1617 animi
1372 1574 1548 1618 firmita-

127 1658 227 1688 tem:
248 1657 289 1688 et
322 1643 560 1687 secundum
595 1643 677 1686 hoc
711 1656 772 1686 est
800 1645 1002 1700 generalis
1021 1645 1172 1697 virtus,
1198 1644 1262 1688 vel
1281 1647 1423 1703 potius
1449 1663 1548 1690 con-

127 1715 233 1760 ditio
263 1715 484 1759 cuiuslibet
517 1716 700 1758 virtutis:
735 1716 848 1772 quia,
882 1715 990 1758 sicut
1024 1715 1317 1773 Philosophus
1352 1717 1465 1775 dicit,
1498 1718 1547 1761 ad

125 1789 330 1831 virtutem
365 1788 594 1845 requiritur
613 1786 793 1830 firmiter
817 1800 856 1829 et
881 1786 1161 1830 immobiliter
1180 1789 1358 1845 operari.
1380 1816 1432 1820 —
1453 1790 1550 1833 Alio

126 1859 274 1914 modo,
307 1872 448 1918 potest
482 1860 611 1917 accipi
647 1858 870 1915 fortitudo,
905 1857 1140 1901 secundum
1175 1859 1292 1917 quod
1347 1861 1550 1919 importat

124 1931 370 1975 firmitatem
404 1932 532 1974 animi
567 1932 608 1973 in
642 1930 901 1972 sustinendis
935 1942 975 1973 et
999 1929 1252 1987 repellendis
1286 1930 1365 1987 his,
1392 1932 1432 1974 in
1458 1933 1552 1989 qui-

127 2019 203 2046 ous
237 2004 423 2046 maxime
457 2001 624 2044 difficile
658 2014 719 2044 est
755 2000 1003 2044 firmitatem
1055 2000 1224 2052 habere,
1259 2001 1347 2045 scil.
1382 2003 1422 2045 in
1473 2002 1550 2044 ali-

126 2074 280 2133 quibus
314 2073 511 2133 periculis
545 2072 758 2131 gravibus.
783 2072 908 2116 Unde
934 2071 1106 2116 Tullius
1141 2072 1240 2116 dicit
1264 2074 1304 2115 in
1329 2089 1404 2116 sua
1427 2073 1547 2118 Rhe—

220 2340 277 2385 (1)
305 2340 427 2385 Magn.
457 2337 584 2373 moral.
614 2339 638 2372 I.
669 2348 722 2373 22.
752 2337 962 2383 Σωγροτῦνη
1002 2337 1038 2371 δ’
1061 2336 1135 2371 ἐστὶ
1174 2336 1318 2383 μεσότης
1355 2336 1550 2377 cimmo-2¹23

124 2396 183 2431 καὶ
209 2396 443 2434 ἀναισθησίκς
469 2399 524 2434 τῆς
552 2395 630 2441 περὶ
654 2397 711 2434 τὰς
737 2395 877 2433 ἡδοναῖς.

221 2455 278 2500 (2)
306 2453 433 2488 Moral.
462 2455 580 2489 XXX.
608 2465 636 2488 c.
668 2463 720 2497 13.

219 2516 275 2559 (3)
304 2515 343 2549 In
373 2525 403 2549 2.
432 2524 460 2548 2.
488 2528 520 2561 q.
554 2523 628 2557 123.
656 2526 686 2548 a.
717 2525 745 2548 2.

1411 2572 1452 2609 29
