1734 2784
797 115 829 118 „-
879 101 917 143 ¹⁸⁴
952 114 1009 119 ——Q

181 184 306 228 libere
340 200 359 227 a
395 200 436 226 se
474 184 653 241 positos,
685 199 787 236 seu,
823 181 938 240 quod
987 182 1099 226 idem
1149 196 1242 236 cst,
1293 194 1338 225 ut
1387 183 1599 226 assecutio

182 255 449 300 beatitudinis
484 272 503 298 a
538 256 662 298 certis
699 254 875 312 pendeat
910 253 1226 297 conditionibus
1260 269 1280 297 a
1315 255 1407 297 Deo
1440 255 1591 312 positis

183 344 226 371 ac
261 327 387 370 libere
422 326 467 369 ab
502 326 677 369 homine
713 325 951 383 implendis.
987 326 1112 368 Tunc
1147 324 1305 369 scilicet
1353 325 1486 369 1101110
1535 337 1599 369 051

184 401 271 456 11150
306 397 382 440 51111
416 414 515 440 suae
550 396 758 440 felicitatis
791 410 938 439 auctor
960 431 970 449 ,
1007 397 1095 454 ipse
1130 412 1174 439 se
1222 395 1273 439 ad
1322 408 1480 440 metam
1523 396 1600 440 ad-

185 470 313 526 ducit,
347 469 451 512 adeo
502 481 546 512 ut
593 467 809 511 beatitudo
857 467 904 511 ab
951 467 1126 511 1101111110
1175 468 1345 512 obtenta
1393 469 1599 513 rationem

187 542 332 585 habe-at
366 555 452 583 11011
488 540 619 583 modo
655 540 814 582 summi
863 539 979 596 boni,
1018 539 1092 583 sed
1126 541 1252 583 etiam
1287 539 1448 585 debitae
1482 557 1599 586 mer-

187 612 309 656 cedis
333 628 409 670 pro
443 611 655 654 laboribus
690 610 865 664 solutae,
900 611 1169 668 triumphalis
1205 627 1387 655 coronae
1422 628 1498 671 pro
1532 614 1600 656 vi·-

192 686 319 728 ctoria
355 699 578 727 concessae
612 683 684 740 (1).
711 684 936 736 Quantum
972 682 1011 726 id
1044 682 1252 727 humanae
1277 696 1450 728 naturae
1482 684 1597 729 nobi-

189 757 349 800 litatem
385 768 423 798 et
459 755 709 812 dignitatem
744 754 930 810 extollat,
967 756 1061 813 quis
1095 771 1180 799 non
1216 755 1363 800 videt?

311 829 426 870 Haec
462 827 651 870 innuisse
684 825 890 870 sufficiat:
926 827 1042 885 quod
1075 828 1189 871 enim
1225 829 1283 871 sic
1331 843 1427 872 vere
1461 844 1525 872 res
1559 845 1603 872 se

188 899 350 955 habeat,
384 914 457 941 seu
493 899 609 956 quod
642 914 786 942 revera
833 899 917 941 sint
965 899 1230 943 conditiones
1278 899 1345 943 vel
1392 900 1506 958 leges
1554 899 1602 944 ab

189 970 364 1014 homine
398 969 637 1028 implendae
673 986 748 1028 pro
782 970 988 1014 felicitatis
1022 972 1306 1029 assecutione,
1359 972 1441 1016 hoc
1490 973 1606 1017 iuxta

189 1043 383 1086 ordinem
433 1043 629 1100 superius
663 1042 723 1099 (2)
772 1044 1079 1103 praestitutum
1122 1044 1164 1086 in
1214 1056 1428 1101 postrema
1477 1044 1603 1088 huius

194 1114 357 1158 articuli
390 1115 499 1157 thesi
533 1115 611 1157 erit
645 1114 1040 1158 demonstrandum.
1590 1114 1597 1125 '⁴

314 1187 376 1229 18.
413 1186 882 1229 SCHoLtoN.Diximus
915 1186 1149 1229 naturalem
1177 1185 1449 1230 beatitudinis
1468 1203 1600 1246 appe-

205 1260 330 1302 titum
367 1274 458 1301 esse
492 1260 689 1301 rationem
707 1259 904 1301 omnium
939 1271 1140 1302 motuum
1176 1271 1344 1302 nostrae
1362 1258 1608 1304 voluntatis

193 1332 302 1374 Hinc
336 1342 519 1388 apparet,
539 1346 624 1388 quo
649 1345 774 1373 sensu
795 1329 969 1387 dicatur,
989 1346 1066 1374 nos
1087 1331 1127 1374 in
1147 1330 1327 1388 singulis
1351 1330 1509 1375 actibus
1536 1348 1607 1390 ap-

193 1415 332 1460 petere
351 1401 676 1455 beatitudinem,
702 1402 909 1445 nimirum
931 1417 1015 1446 non
1041 1418 1208 1462 semper
1233 1411 1410 1462 expresse
1439 1402 1511 1447 sed
1530 1403 1608 1447 sal-

286 1613 340 1656 (1)
368 1613 422 1646 Au
452 1624 526 1647 rem
554 1624 579 1647 s.
608 1612 691 1654 Th„
725 1624 751 1647 1.
781 1624 810 1647 2.
839 1625 869 1659 q.
903 1624 929 1647 1.
958 1626 988 1648 a.
1013 1624 1057 1648 2.:
1084 1613 1261 1660 «Aliquid
1287 1625 1350 1649 sua
1379 1615 1524 1649 actione
1552 1613 1607 1648 vel

193 1680 296 1706 motu
321 1671 435 1706 tendit
455 1672 496 1706 ad
516 1671 625 1706 finem
653 1671 853 1717 dupliciter:
878 1683 948 1705 uno
978 1671 1100 1714 modo,
1118 1673 1208 1707 sicut
1233 1684 1271 1707 se
1292 1674 1407 1719 ipsum
1435 1672 1477 1707 ad
1499 1672 1606 1708 finem

194 1743 358 1773 movens,
386 1740 422 1764 ut
450 1731 574 1772 1101110;
603 1730 672 1765 alio
701 1731 823 1772 modo,
849 1731 942 1765 sicut
971 1732 1013 1765 ab
1041 1732 1112 1766 alio
1141 1740 1279 1766 motum
1307 1732 1350 1765 ad
1371 1732 1498 1774 finem,
1517 1733 1610 1766 sicut

195 1792 324 1837 sagitta
351 1791 463 1826 tendit
490 1790 534 1824 ad
562 1791 840 1825 determinatum
869 1791 979 1825 finem
1008 1801 1050 1824 ex
1079 1791 1159 1833 hoc,
1188 1791 1282 1837 quod
1310 1800 1474 1826 movetur
1502 1803 1522 1826 a
1558 1803 1611 1826 sa-

195 1852 355 1898 gittante,
384 1852 442 1898 qui
470 1864 569 1885 suam
599 1852 783 1886 actionem
811 1851 931 1897 dirigit
959 1851 992 1884 in
1020 1850 1144 1885 finem.
1169 1852 1235 1886 Illa
1263 1863 1363 1898 ergo,
1384 1863 1473 1898 quae
1501 1851 1612 1887 ratio-

195 1923 278 1946 nem
305 1911 448 1953 habent,
466 1922 503 1945 se
530 1910 604 1956 ipsa
633 1919 779 1945 movent
810 1910 853 1944 ad
878 1910 1002 1952 finem,
1022 1911 1102 1956 quia
1129 1911 1264 1945 habent
1291 1910 1494 1945 dominium
1526 1923 1610 1946 suo·

197 1983 274 2005 rum
301 1980 446 2005 actuum
474 1982 536 2015 per
564 1971 714 2005 liberum
742 1971 940 2012 arbitrium,
970 1970 1063 2016 quod
1093 1979 1145 2005 est
1174 1969 1323 2005 facultas
1349 1971 1548 2006 voluntatis
1575 1981 1608 2006 ct

196 2030 354 2065 rationis:
383 2030 439 2064 illa
467 2042 562 2072 vero,
591 2042 680 2077 quae
715 2032 852 2066 ratione
893 2040 1024 2073 carent,
1063 2030 1215 2065 tendunt
1242 2031 1278 2064 in
1318 2030 1426 2065 finem
1466 2041 1611 2078 propter

198 2089 397 2124 naturalem
426 2089 715 2131 inclinationem,
745 2091 845 2136 quasi
871 2091 914 2125 ab
942 2090 1013 2125 alio
1041 2099 1150 2132 mota,
1177 2101 1251 2124 non
1279 2098 1400 2124 autem
1427 2102 1446 2125 a
1473 2092 1609 2136 seipsis.

197 2161 277 2184 cum
305 2161 378 2183 non
406 2159 628 2195 cognoscant
655 2150 833 2184 rationem
860 2150 952 2192 finis,
972 2159 1005 2185 et
1031 2150 1111 2184 ideo
1139 2150 1227 2183 nihil
1249 2150 1283 2184 in
1303 2149 1410 2184 finem
1447 2150 1612 2185 ordinare

195 2218 361 2258 possunt,
389 2209 450 2244 sed
478 2208 597 2243 solum
627 2211 661 2243 in
690 2210 796 2244 finem
816 2211 857 2244 ab
885 2210 958 2244 alio
985 2210 1242 2244 ordinantur....
1262 2210 1303 2244 Et
1326 2209 1405 2245 ideo
1425 2211 1610 2255 proprium

199 2279 251 2305 est
277 2278 421 2303 naturae
448 2268 645 2310 rationalis,
676 2277 711 2302 ut
740 2269 861 2303 tendat
887 2269 924 2302 in
951 2268 1072 2311 finem,
1100 2269 1199 2314 quasi
1219 2280 1256 2303 se
1273 2279 1384 2315 agens
1403 2268 1459 2303 vel
1479 2269 1614 2304 ducens

200 2330 243 2364 ad
272 2329 391 2364 finem:
423 2337 570 2362 naturae
597 2338 681 2361 vero
722 2328 952 2370 irrationalis,
980 2328 1079 2374 quasi
1106 2329 1150 2363 ab
1177 2328 1249 2362 alio
1277 2337 1355 2363 acta
1396 2328 1453 2362 vel
1492 2328 1611 2369 ducta,

199 2390 271 2424 sive
298 2389 332 2423 111
362 2388 469 2422 finem
497 2386 773 2433 apprehensum,
803 2388 891 2421 sicut
918 2389 1019 2423 bruta
1048 2388 1227 2430 animalia,
1257 2388 1332 2422 sive
1354 2388 1388 2422 in
1409 2388 1517 2422 finem
1537 2400 1610 2422 non

200 2449 475 2495 apprehensum,
503 2449 593 2482 sicut
620 2458 671 2489 ea,
700 2458 788 2492 quae
815 2448 965 2481 0111111110
987 2448 1200 2492 cognitione
1221 2456 1387 2482 carent.»
1419 2446 1474 2482 Cf.
1502 2447 1608 2482 etiam

206 2519 232 2542 1.
262 2519 292 2542 2.
320 2520 349 2553 q.
382 2517 408 2549 ς.
437 2516 500 2541 art.
529 2507 560 2540 8.

296 2568 350 2608 (2)
378 2566 468 2601 VIde
497 2577 592 2600 1111111.
626 2565 675 2601 16.
702 2577 782 2612 pag.
814 2574 864 2608 34.
