1734 2784
781 113 837 120 —
870 89 955 142 448
994 113 1045 119 —-

200 184 342 241 itaque
376 183 527 226 dicitur
560 198 611 225 eo
647 194 785 239 pacto,
812 197 899 239 quo
933 184 1135 225 virtutem
1170 198 1372 225 vocamus
1407 182 1620 241 quidquid

201 258 241 299 in
277 257 474 298 humanis
508 254 722 297 affectibus
757 255 964 298 laudabile
1007 266 1081 299 est.
1119 256 1333 298 Honestas
1386 267 1526 298 autem
1573 255 1624 299 ad

201 339 390 369 mentem
425 342 457 369 s.
492 326 692 369 Tliomae
725 325 796 384 (1)
829 339 891 368 est
929 325 1175 369 excellentia
1209 326 1418 383 quaedam
1452 326 1619 371 honore

202 398 328 453 digna
361 397 414 440 ob
448 397 709 454 spiritualem
747 396 1123 453 pulcluittulinem,
1148 413 1229 454 qua
1265 398 1358 455 quis
1395 397 1558 455 repellit
1580 397 1623 442 id

200 484 345 520 omne,
381 469 497 526 quod
531 481 654 526 turpe
687 481 749 511 est
783 482 906 526 atque
941 468 1207 512 indecorum.

319 541 461 582 Partes
496 554 637 582 autem
671 540 910 583 subiectione
944 541 1252 598 temperantiae
1286 553 1385 584 sunt
1411 540 1488 584 hae
1522 555 1622 598 qua-

200 623 313 655 tuor:
347 611 604 668 abstinentia,
638 612 842 668 sobrietas,
875 613 1041 655 castitas
1065 624 1103 655 et
1123 612 1337 669 pudicitia.
1365 613 1428 655 Ex
1469 612 1624 670 quibus

201 683 454 726 abstinentia
488 696 527 726 et
560 683 762 726 sobrietas
796 700 864 727 eas
898 684 1176 738 moderantur
1223 684 1481 741 voluptateS,
1517 699 1625 742 quae

201 770 251 798 ex
286 755 377 798 cibo
411 771 457 798 ac
490 767 593 812 potu
631 757 868 813 capiuntur,
902 755 1003 798 aliae
1036 771 1140 798 vero
1175 755 1281 798 duae
1315 754 1418 812 illas,
1442 771 1548 813 quae
1573 753 1624 798 ad

202 828 519 883 generationem
556 827 778 884 pertinent.
806 828 871 869 De
904 826 1020 869 hisce
1055 839 1198 869 autem
1229 827 1401 884 egregie
1435 826 1624 884 disputat

207 898 396 954 Angelus
430 897 497 940 ille
530 897 772 940 scholarum
806 897 891 956 (2),
916 898 986 955 qui
1021 897 1190 940 easdem
1224 897 1330 940 adeo
1364 896 1548 955 perfecte
1580 897 1622 939 in

202 970 436 1026 semetipso
470 970 690 1026 expressit.

320 1042 465 1083 Partes
519 1041 695 1083 demum
744 1041 978 1098 potentiales
1019 1041 1324 1098 temperantiae
1364 1056 1414 1083 ex
1469 1038 1624 1083 eodem

203 1127 235 1155 s.
255 1113 448 1154 Doctore
472 1112 549 1155 hae
573 1113 851 1170 potissimum
884 1124 1179 1155 numerantur:
1215 1113 1472 1169 continentia,
1507 1125 1622 1154 man<

202 1183 386 1237 suetudo,
420 1184 640 1238 clementia,
674 1183 884 1237 modestia,
920 1200 965 1227 ac
999 1183 1233 1227 modestiae
1267 1184 1427 1241 species
1450 1182 1623 1226 himzilz‘-

206 1264 285 1308 tas,
321 1255 572 1310 studiositas,
598 1255 831 1312 moderatio,
855 1255 1092 1313 entrapelicz,
1117 1263 1286 1298 ornatus
1308 1266 1347 1297 et
1370 1253 1621 1312 simplicitas.

204 1326 478 1369 Continentia
511 1339 655 1369 motus
681 1327 787 1383 regit
810 1326 1190 1383 concupiscentiae:
1218 1325 1503 1368 mansuetudo
1528 1339 1622 1367 mo-

202 1409 270 1440 tus
294 1398 392 1440 irae:
413 1396 635 1440 clementia
655 1409 717 1440 est
736 1413 834 1454 erga
859 1410 1017 1441 sontes:
1037 1396 1255 1440 humilitas
1274 1397 1512 1455 appetitum
1531 1395 1624 1452 glo-

202 1470 287 1512 riae
311 1468 570 1512 moderatur:
596 1468 844 1512 studiositas
869 1470 1106 1527 appetitum
1142 1467 1447 1526 cognoscendi:
1472 1465 1622 1510 mode-

202 1541 309 1583 ratio
334 1552 534 1583 externos
567 1552 713 1583 motus
747 1556 793 1583 ac
825 1553 985 1597 gestus:
1010 1539 1241 1597 eutrapelia
1263 1541 1383 1583 iocos
1407 1551 1447 1582 et
1478 1538 1621 1582 ludos:

202 1623 376 1655 ornatus
401 1624 442 1654 et
464 1610 713 1669 simplicitas
733 1627 860 1655 usum
884 1623 1075 1670 spectant
1099 1627 1244 1654 rerum
1269 1623 1560 1664 externarum,
1577 1609 1623 1652 in

201 1682 390 1725 vestibus
423 1699 461 1726 v.
496 1698 536 1739 g.
571 1695 641 1725 aut
675 1683 909 1726 domestica
958 1682 1221 1741 supellectili.
1270 1682 1455 1739 Etenim,
1489 1693 1534 1724 ut
1565 1680 1626 1724 ait

203 1770 234 1796 s.
271 1754 466 1798 Thomas
499 1754 588 1813 (3),
631 1756 851 1812 «pertinet
883 1755 933 1798 ad
966 1755 1290 1813 temperantiam
1316 1753 1527 1797 moderari
1551 1751 1625 1796 de-

203 1826 450 1869 lectationes
484 1840 634 1879 tactus,
669 1842 771 1884 quas
806 1827 1106 1870 difficillimum
1140 1839 1202 1870 est
1231 1826 1458 1870 moderari.
1495 1823 1622 1868 Unde

204 1913 499 1955 quaecumque
531 1900 666 1942 virtus
701 1898 1043 1943 moderationem
1077 1897 1308 1957 quamdam
1343 1909 1544 1956 operatur
1576 1896 1620 1939 in

203 1968 340 2026 aliqua
372 1971 546 2012 materia
578 1982 618 2013 et
652 1970 979 2014 refrenationem
1022 1972 1232 2029 appetitus
1256 1971 1300 2013 in
1333 1967 1494 2028 aliquid
1526 1980 1622 2012 ten-

204 2039 355 2093 dentis,
388 2041 491 2097 poni
524 2052 665 2098 potest
699 2056 794 2099 pars
827 2042 1133 2100 temperantiae
1165 2054 1206 2085 et
1254 2041 1363 2084 sicut
1412 2040 1544 2083 virtus
1579 2037 1619 2081 ei

201 2110 410 2154 adiuncta.
430 2127 450 2150 ))

320 2182 393 2225 ΠΙ.
436 2183 544 2226 Vitia
576 2185 773 2242 opposita.
793 2210 849 2218 —
875 2202 898 2225 ‹<
918 2184 1237 2244 Temperantia,
1262 2184 1400 2242 inquit
1421 2181 1626 2227 Philoso-

297 2435 354 2479 (1)
382 2435 423 2468 In
450 2446 482 2470 2.
511 2447 540 2471 2.
569 2448 604 2482 q.
636 2445 710 2480 145.

297 2493 352 2538 (2)
378 2495 417 2529 L.
444 2506 473 2529 c.
502 2507 534 2541 q.
564 2495 733 2539 146-154.

298 2552 355 2597 (3)
382 2553 434 2587 Ib.
461 2566 491 2600 q.
523 2564 599 2599 143.
634 2555 721 2590 Vide
748 2556 855 2590 etiam
882 2568 914 2603 q.
947 2564 1021 2601 155.
1049 2567 1147 2603 seqq.
