1734 2784
752 122 806 146 .-
856 109 895 150 1-2
943 121 978 127 ->

157 189 278 232 nobis
299 189 401 232 sacta
419 205 439 231 a
458 191 553 232 Deo
577 203 747 232 naturae
768 203 936 232 nostrae
955 202 1127 232 auctore
1148 188 1197 231 de
1217 187 1474 231 beatitudine
1494 204 1571 231 no-

157 261 218 302 bis
239 260 502 303 conterenda.
518 262 649 318 Atqui
670 261 748 318 1.⁰)
770 262 887 304 Deus
907 259 1275 318 quemadmodum
1299 258 1579 316 impossibilia

158 348 242 375 non
278 332 405 384 iubet,
440 334 495 375 ita
528 348 577 376 ne
596 333 806 390 promittit
834 332 1008 389 quidem
1031 330 1339 389 impossibilia:
1377 343 1439 374 est
1464 332 1578 375 enin}

159 405 245 460 ipsa
281 403 446 446 bonitas
481 405 652 461 ipsaque
686 404 901 461 sapientia.
939 405 1051 459 Ergo
1102 403 1349 446 consecutio
1394 401 1579 446 beatitu-

160 475 270 518 dinis
304 487 365 518 est
415 475 638 533 possibilis.
695 477 854 519 Rursus
891 474 972 532 ΞΝ)
1006 476 1123 517 Deus
1162 473 1332 531 quando
1371 474 1582 531 promittit

160 547 332 605 aliquid,
369 548 700 604 promissionem
737 562 856 589 suam
893 546 1041 603 implet
1076 547 1333 589 certissime:
1373 558 1434 588 est
1468 547 1581 589 enim

158 619 247 674 ipsa
281 619 476 661 sanctitas
510 634 554 660 ac
588 619 763 671 iustitia,
799 619 971 676 ipsaque
1007 619 1219 661 veracitas.
1275 619 1320 662 Si
1374 618 1584 675 promittit

161 689 354 743 absolate,
390 689 479 732 lieri
513 691 657 747 nequit
694 701 737 732 ut
772 691 1036 748 promissum
1075 705 1161 731 non
1212 702 1376 735 servet:
1409 691 1443 733 si
1479 705 1584 748 pro-

162 762 291 804 mittit
325 761 399 804 snlr
432 762 651 804 conditione
685 761 733 804 ab
769 761 944 804 homine
969 759 1200 819 implenda,
1229 760 1304 805 hac
1328 761 1376 805 ab
1410 761 1585 805 homine

164 832 347 889 impleta,
381 832 604 890 praestabit
637 832 883 877 fidelissime
927 849 973 876 ea
1011 834 1189 889 omnia,
1224 850 1330 891 quae
1373 833 1585 892 promisit.

164 904 294 961 Atqui
330 919 402 961 per
435 903 670 947 naturalem
705 903 819 947 illam
849 903 1130 960 'tendentiam,
1152 917 1377 963 tamquam
1412 920 1486 962 per
1518 919 1589 947 na-

166 988 281 1018 turae
301 991 465 1028 vocem,
501 976 715 1033 promittit
755 975 920 1019 homini
962 975 1218 1020 felicitatem.
1252 977 1367 1033 Ergo
1388 976 1493 1019 hanc
1530 974 1589 1018 illi

168 1047 403 1090 certissime
439 1046 662 1104 conferet,
696 1048 775 1091 nisi
809 1046 966 1106 aliquid
1018 1047 1154 1091 obstet
1197 1065 1247 1091 ex
1295 1060 1409 1107 parte
1456 1048 1589 1105 ipsius

168 1117 370 1171 hominis,
407 1119 478 1175 qui
527 1119 685 1162 scilicet
734 1118 1049 1162 conditionibus
1103 1136 1125 1163 a
1160 1121 1256 1163 Deo
1305 1120 1455 1178 positis
1503 1134 1590 1162 non

168 1188 425 1232 satisfecerit.
460 1191 634 1248 Nonne,
667 1207 849 1249 quaeso,
899 1191 1163 1248 insipientiae
1209 1203 1277 1234 aut
1326 1189 1584 1234 crudelitatis

168 1260 491 1317 redargueretur
524 1262 605 1319 ille,
641 1264 711 1321 qui
746 1263 833 1306 filio
867 1279 960 1317 suo,
995 1275 1040 1306 ut
1064 1278 1162 1306 eum
1188 1262 1239 1306 ad
1265 1262 1455 1306 studium
1493 1278 1590 1320 pro-

169 1331 305 1390 pellat,
340 1335 608 1391 promitteret
641 1351 730 1378 rem
780 1335 993 1394 aliquam,
1044 1336 1163 1378 cuius
1210 1334 1489 1393 impossibilis
1539 1334 1591 1377 sit

169 1405 395 1457 assecutio,
446 1417 517 1448 aut
560 1417 787 1464 postquam
838 1405 1028 1464 aliquid,
1065 1405 1181 1464 quod
1231 1404 1373 1449 haberi
1400 1405 1559 1463 ¹possit
1581 1440 1590 1458 ,

171 1477 386 1532 promisit,
422 1489 461 1520 et
494 1477 605 1520 filius
641 1493 815 1536 operam
851 1477 991 1521 studio
1041 1477 1235 1531 dederit,
1269 1477 1397 1521 fidem
1450 1488 1591 1520 tamen

172 1548 259 1604 ipse
292 1563 379 1589 non
413 1551 630 1605 praestet?

290 1619 373 1662 Ubi
405 1619 506 1663 illud
540 1620 867 1678 animadvertas,
901 1621 967 1678 agi
1002 1620 1068 1664 hic
1104 1621 1153 1664 de
1193 1619 1370 1663 naturali
1418 1636 1464 1663 ea
1507 1632 1594 1663 ten-

173 1690 325 1743 dentia,
360 1707 463 1748 quae
498 1704 561 1735 est
595 1692 870 1750 independens,
904 1708 1011 1750 quae
1044 1693 1250 1735 nimirum
1289 1691 1367 1749 1.⁰)
1404 1703 1466 1734 est
1517 1706 1593 1734 na-

171 1761 313 1803 turalis
349 1762 562 1806 tendentia
595 1763 798 1817 hominis,
819 1765 842 1807 i.
869 1781 903 1807 e.
939 1764 1046 1807 entis
1079 1763 1354 1820 intelligentis
1379 1778 1467 1805 non
1500 1760 1594 1805 sub·

173 1832 354 1876 ordinati
390 1833 439 1877 ad
472 1833 607 1877 ullum
641 1852 714 1878 ens
751 1848 957 1888 creatum,
993 1848 1215 1892 tamquam
1253 1834 1382 1878 finem
1417 1836 1494 1888 cui,
1523 1833 1596 1877 sed

174 1903 436 1948 subordinati
471 1908 664 1963 proxime
709 1919 748 1950 et
796 1906 1040 1950 immediate
1092 1907 1172 1964 ipsi
1208 1907 1330 1949 Deo:
1366 1917 1406 1948 et
1441 1904 1522 1963 2.⁰)
1556 1905 1596 1947 in

175 1976 268 2032 ipso
302 1976 477 2020 homine
510 1991 572 2021 est
604 1977 820 2022 tendentia
854 1977 1089 2022 intellectus
1135 1990 1174 2021 et
1217 1976 1461 2033 voluntatis,
1497 1977 1522 2019 i.
1557 1993 1593 2018 e.

175 2047 342 2091 illarum
376 2048 636 2103 facultatum,
672 2067 777 2108 quae
812 2063 909 2093 sunt
944 2051 985 2093 in
1019 2049 1196 2093 homine
1238 2047 1487 2105 nobiliores,
1521 2063 1597 2090 nec

176 2120 354 2178 proinde
388 2120 604 2164 altioribus
639 2122 906 2165 facultatibus
941 2121 1241 2165 subordinatae
1274 2119 1358 2178 (1).
1394 2120 1500 2164 Non
1536 2131 1598 2162 est

176 2193 319 2249 igitur,
340 2207 412 2234 cur
447 2191 703 2249 dubitemus,
730 2206 874 2235 utrum
899 2192 1006 2236 forte
1032 2191 1132 2235 haec
1156 2191 1344 2234 hominis
1379 2189 1592 2233 tendentia

176 2264 226 2308 ad
245 2264 485 2307 beatitatem
520 2265 656 2321 possit
680 2280 770 2307 esse
791 2265 905 2307 irrita
930 2263 983 2307 ob
1009 2263 1172 2307 bonum
1196 2263 1366 2306 alterins
1391 2273 1461 2304 aut
1484 2276 1593 2304 crea-

178 2350 293 2379 turae
328 2349 396 2378 aut
429 2336 684 2392 tendentiae,
719 2337 785 2378 cui
816 2335 1134 2379 subordinetur.

296 2408 370 2450 IV.
411 2407 639 2451 Consecutio
675 2406 933 2450 [multitudinis
966 2415 1019 2449 est
1051 2415 1172 2462 (erm,
1207 2404 1422 2448 (lttmmodt)
1456 2403 1598 2447 condi—

278 2568 331 2611 (ι)
361 2566 414 2601 Cf.
444 2566 593 2600 Thesim
623 2566 694 2607 IV„
724 2567 933 2611 praesertim
965 2566 1088 2601 adnot.
1121 2573 1169 2599 1¹¹¹.
1200 2577 1266 2611 pag
1308 2574 1361 2611 29.
