1734 2784
784 116 830 122 -.
871 91 1041 145 158..-

194 185 357 242 tiones)
385 184 672 227 rescmdibiles
720 184 768 227 ab
812 200 878 240 eo,
912 186 981 241 qui
1032 197 1195 227 metum
1241 200 1387 241 passus
1437 199 1510 230 est.
1545 187 1613 231 De

201 257 266 299 his
301 258 339 298 in
374 269 549 298 tractatu
585 255 636 299 de
672 256 971 298 contractibus

319 329 391 371 VI.
427 330 557 370 Actus
591 343 639 369 ex
675 339 791 369 metu
826 328 953 384 positi
988 339 1135 369 contra
1181 326 1340 384 legem,
1390 343 1478 371 non
1517 342 1616 373 sunt

197 400 328 456 pravi.
364 399 494 455 Atqui
529 397 645 454 quod
681 398 794 454 pravi
833 412 920 440 non
969 398 1067 450 sint,
1121 397 1203 440 hoc
1250 413 1336 440 non
1387 399 1618 457 explicatur

198 471 277 512 nisi
313 485 360 512 ex
396 468 561 511 defectu
595 467 796 510 libertatis
831 468 873 510 in
907 483 977 520 eo,
1013 468 1085 525 qui
1121 483 1170 510 ex
1205 481 1321 511 metu
1365 470 1464 526 agit.
1499 470 1614 527 Ergo

199 554 314 584 actus
349 557 397 583 ex
432 554 547 582 metu
583 553 726 582 contra
757 540 900 596 legem
948 540 1093 596 positi,
1131 555 1216 581 non
1259 553 1356 583 sunt
1393 540 1524 584 liberi.
1558 565 1618 575 —

198 615 323 670 Resp.
360 613 465 655 Dist.
488 613 580 654 mai.
615 614 748 653 Actus
781 627 831 655 ex
856 624 973 654 metu
997 627 1272 669 quocumque
1306 625 1452 655 contra
1472 612 1615 670 legem

197 699 515 741 quamcumque
550 684 692 739 positi,
726 697 812 725 non
845 695 944 725 sunt
979 683 1094 739 pravi
1128 699 1236 739 nego,
1266 695 1381 726 actus
1415 700 1465 727 ex
1497 685 1642 741 gravi‘

200 768 315 798 metu
343 755 470 812 positi
512 767 657 796 contra
695 753 835 810 legem
878 752 1125 814 humanam,
1163 766 1289 811 atque
1328 754 1456 797 etiam
1490 770 1616 813 prae-

200 840 317 884 cepta
361 825 569 883 quaedam
620 825 760 867 divina
794 824 923 880 subd„
972 824 1230 882 quandoque
1278 840 1398 882 conc„
1446 841 1617 884 semper

198 912 303 952 nego.
329 896 440 951 Nego
476 896 570 938 min.
606 896 730 939 Ratio
766 896 895 951 enim,
929 910 1003 937 cur
1035 910 1122 937 non
1155 896 1239 938 sint
1263 896 1395 953 pravi,
1427 909 1489 939 est
1522 912 1616 940 om-

196 968 298 1009 nino
333 966 425 1018 alia,
460 982 588 1023 quam
623 965 810 1008 defectus
844 965 1058 1009 libertatis.
1093 966 1217 1010 Ratio
1251 979 1328 1020 est,
1361 967 1459 1024 quia
1497 985 1517 1009 <‹
1550 967 1616 1011 lex

197 1038 395 1092 hnmana,
446 1049 490 1079 ut
523 1036 629 1079 bene
672 1036 841 1080 disserit
889 1036 1137 1094 Tongiorgi
1181 1036 1268 1095 (Ι),
1316 1038 1351 1080 si
1396 1038 1439 1080 in
1472 1037 1616 1096 aliquo

199 1125 293 1151 casu
329 1124 454 1165 grave
488 1108 694 1151 damnum
729 1125 778 1151 ex
810 1124 857 1151 ea
889 1109 1103 1166 sequatur,
1136 1123 1224 1150 non
1260 1108 1421 1166 obligat
1449 1118 1524 1166 per
1554 1125 1616 1153 se:

192 1180 294 1236 quia
326 1178 540 1235 legislator
574 1192 769 1222 censetur
818 1195 915 1222 cum
951 1178 1026 1222 hac
1077 1179 1377 1223 moderatione
1427 1171 1616 1237 obligare

199 1251 320 1307 velle,
352 1252 432 1293 nisi
467 1250 630 1308 publica
663 1251 774 1293 salus
808 1250 919 1293 aliud
953 1252 1164 1308 requirat3
1199 1264 1340 1294 tamen
1390 1252 1516 1295 etiam
1549 1251 1617 1295 lex

195 1322 380 1366 humana
413 1336 554 1380 potest
588 1321 775 1378 obligare
804 1331 877 1380 per
910 1322 1105 1378 accidens,
1140 1323 1269 1365 etiam
1318 1338 1453 1379 quum
1487 1339 1614 1380 grave

197 1395 399 1437 damnum
435 1396 646 1447 imminet,
682 1406 781 1451 puta
815 1395 848 1435 si
882 1393 988 1451 legis
1022 1394 1304 1450 transgressio
1338 1394 1429 1437 sine
1462 1406 1615 1437 aucto-

197 1467 328 1508 ritatis
362 1478 613 1522 contemptu
648 1464 737 1508 fieri
770 1478 964 1522 nequeat.
1002 1483 1022 1503 »
1060 1465 1180 1507 Idem
1215 1463 1491 1522 quandoque,
1536 1465 1615 1508 etsi

196 1535 421 1589 difficilius,
442 1537 651 1593 contingit
674 1534 814 1592 quoad
839 1547 1059 1592 praecepta
1082 1534 1289 1592 quaedam
1315 1534 1468 1578 divina:
1488 1550 1614 1578 num-

196 1623 324 1665 quam
357 1620 502 1650 tamen
536 1607 578 1650 id
616 1619 756 1665 potest
794 1608 1042 1663 contingere
1076 1605 1217 1663 quoad
1266 1605 1402 1649 ullum
1436 1622 1613 1664 prorsus

195 1690 468 1736 praeceptum
502 1677 689 1721 naturale
725 1679 989 1735 negativum,
1018 1679 1116 1734 quia
1150 1677 1277 1720 huius
1302 1676 1518 1721 obiectum
1552 1690 1615 1721 est

195 1750 305 1792 actio
337 1751 544 1792 intrinsece
570 1748 689 1792 mala.
733 1750 859 1792 «Lex
890 1749 1088 1792 naturalis
1123 1748 1370 1806 prohibens,
1395 1761 1441 1792 ut
1474 1750 1616 1808 pergit

197 1819 310 1862 idem
344 1832 507 1873 auctor,
528 1819 685 1875 obligat
719 1820 844 1862 etiam
868 1820 1048 1862 instante
1073 1820 1189 1876 gravi
1212 1832 1346 1874 metu,
1371 1820 1468 1877 quia
1489 1835 1617 1862 num-

196 1905 324 1946 quam
358 1902 512 1932 cessat:
563 1903 786 1947 propterea
833 1892 904 1948 qui
955 1904 1100 1933 contra
1147 1889 1261 1932 illam
1310 1889 1469 1948 aliquid
1502 1888 1614 1945 facit,

195 1961 291 2003 licet
324 1960 363 2003 id
397 1977 445 2003 ex
478 1962 593 2016 gravi
629 1975 744 2004 metu
794 1960 928 2018 faciat,
963 1977 1133 2019 semper
1182 1961 1408 2004 inhoneste
1452 1962 1552 2019 agit.
1586 1950 1607 2001 ᾗ)

195 2032 260 2074 De
294 2030 445 2088 quibus
480 2032 520 2073 in
555 2044 728 2075 tractatu
764 2032 814 2075 de
847 2032 1011 2090 legibus
1045 2032 1137 2075 fuse
1171 2048 1363 2090 agemus,

291 2228 348 2272 (ι)
375 2227 455 2262 Eth.
483 2239 580 2261 num.
616 2239 689 2272 131.
717 2228 878 2262 Brevius:
906 2228 996 2262 ratio
1022 2238 1095 2261 non
1124 2236 1177 2262 est
1205 2228 1284 2274 quia
1312 2227 1406 2261 actio
1434 2235 1489 2262 est
1515 2227 1619 2261 invo-

195 2287 347 2321 luntaria
374 2297 407 2322 et
435 2299 509 2321 non
537 2286 659 2328 libera,
701 2287 762 2320 sed
799 2287 879 2332 quia
918 2287 1098 2321 humanae
1139 2287 1238 2332 leges
1261 2293 1324 2332 per
1349 2297 1379 2320 se
1415 2296 1490 2320 non
1517 2284 1617 2320 obli-

1176 2357 1209 2390 g.
1238 2343 1464 2386 valetudinis,
1507 2343 1619 2386 vitae,

193 2403 312 2438 famae
339 2414 417 2440 etc..
446 2405 514 2439 nisi
535 2410 596 2450 pm·
621 2403 772 2439 accidens
799 2412 989 2438 concurrat
1017 2405 1073 2439 lex
1104 2404 1275 2439 naturalis
1303 2403 1499 2450 prohibens
1531 2401 1619 2435 uni-

194 2463 323 2496 versim
350 2463 559 2498 scandalum
588 2472 657 2498 etc.

195 2354 282 2390 gant
309 2357 390 2379 cum
417 2354 515 2379 tanto
554 2345 790 2378 incommodo
832 2354 890 2379 aut
919 2345 1090 2390 periculo,
1119 2357 1148 2379 e.

1706 193 1734 239 z
