1734 2784
77 181 268 226 adiunxit
300 178 552 239 actionibus,
585 191 648 222 est
681 177 729 222 ab
763 178 858 236 ipso
891 178 988 220 Deo
1022 174 1352 219 subordinatum
1379 175 1498 220 bono

79 253 273 311 physico,
318 251 345 294 i.
379 266 415 294 e.
449 250 764 294 conservationi
811 247 1028 292 individui
1061 246 1128 290 vel
1162 248 1333 305 speciei,
1381 247 1500 306 quod

77 323 241 367 bonum
273 322 501 381 physicum
534 333 596 364 est
623 333 663 364 et
696 321 840 378 ipsum
873 318 1048 362 tandem
1073 317 1401 362 subordinatum
1424 319 1497 362 fini

77 395 244 438 ultimo.
278 395 374 437 Hos
405 392 511 436 fines
544 391 767 435 ulteriores
801 390 1023 435 excludere
1055 402 1120 433 est
1156 389 1349 447 profecto
1385 391 1500 434 inor-

79 467 272 510 dinatum
305 477 346 509 et
377 465 553 508 malum.
590 464 788 507 Iamvero
822 461 1007 506 excludit
1041 461 1121 504 hos
1155 460 1261 506 fines
1296 461 1381 519 ille,
1427 463 1500 521 qui

77 539 162 595 agit
193 550 369 595 propter
400 536 528 580 solam
552 535 897 588 delectationem,
932 550 1006 577 seu
1031 534 1104 592 qui
1129 535 1171 577 in
1194 534 1412 592 voluptate
1446 536 1502 577 si-

79 610 165 666 stit,
197 624 285 651 non
318 619 462 651 autem
494 605 582 659 ille,
618 607 690 663 qui
723 618 898 664 propter
936 604 1278 658 delectationem,
1314 620 1401 648 non
1435 618 1497 648 ta·

79 696 180 724 men
211 680 355 735 solam,
388 679 486 736 agit.
532 678 749 730 Quocirca
783 677 852 720 ille
887 676 1062 734 quidem
1096 678 1215 734 prior
1258 678 1345 734 agit
1378 678 1501 720 inor-

81 751 235 808 dinate,
267 765 356 794 non
386 765 490 793 vero
525 748 593 792 hic
626 748 746 792 aliuS.

198 823 392 875 Quaeres
446 821 661 864 criterium
711 819 760 863 ad
807 817 1175 876 dignoscendum,
1225 818 1500 876 quandonam

78 894 174 952 quis
221 905 317 950 agat
364 905 536 950 propter
582 892 710 934 solam
760 889 1114 946 delectationem,
1150 889 1322 947 quando
1371 891 1499 932 non?

78 964 337 1022 Respondeo
369 963 519 1017 illum,
553 964 626 1021 qui
659 975 877 1020 operatur,
912 978 946 1004 e.
973 977 1013 1018 g.
1040 960 1181 1003 cibum
1206 973 1277 1004 aut
1311 962 1500 1018 quietem

78 1037 211 1095 capit,
243 1048 440 1094 tempore
473 1034 569 1078 loco
614 1049 814 1076 mensura
861 1033 1029 1090 debita,
1073 1033 1155 1076 hoc
1203 1034 1297 1090 ipso
1346 1032 1499 1089 agendi

79 1107 213 1151 modo
246 1108 346 1150 satis
380 1106 487 1149 clare
522 1105 763 1161 ostendere,
797 1121 840 1147 se
873 1120 959 1147 non
1000 1120 1122 1162 agere
1166 1117 1342 1161 propter
1371 1104 1500 1147 solam

76 1179 422 1235 delectationem,
455 1177 529 1220 sed
563 1178 714 1230 etiam,
749 1176 898 1219 saltem
928 1178 1243 1233 interpretativa,
1278 1175 1500 1219 intendere

76 1250 240 1293 bonum
274 1249 514 1307 physicum,
538 1248 589 1291 ad
622 1247 739 1306 quod
771 1246 1036 1305 voluptatem
1071 1246 1185 1289 illam
1221 1247 1388 1289 ordinat
1421 1262 1501 1289 na-

79 1435 116 1468 in
140 1431 341 1479 appetenda
367 1431 619 1475 delectatione,
647 1431 707 1466 sed
736 1431 771 1465 in
799 1431 955 1465 cuiusvis
975 1443 1116 1478 quoque
1144 1432 1283 1466 virtutis
1302 1440 1394 1473 actu;
1416 1430 1497 1476 quia

78 1502 115 1528 et
140 1501 239 1527 actus
264 1492 419 1533 virtutis,
449 1493 478 1526 si
504 1492 550 1526 ita
579 1501 773 1532 exercetur,
792 1503 853 1525 seu
881 1491 916 1524 in
944 1491 1021 1536 ipso
1042 1492 1087 1525 ita
1114 1491 1261 1533 sistitur,
1279 1500 1316 1525 ut
1336 1489 1499 1536 superior

78 1564 142 1587 seu
169 1551 331 1586 ultimus.
353 1550 434 1585 finis
456 1552 601 1598 positive
640 1551 861 1592 excludatur,
889 1552 1012 1595 eoipso
1053 1551 1122 1583 iam
1151 1550 1209 1584 fiet
1249 1550 1410 1584 vitiosus.
1451 1550 1499 1583 At

79 1613 235 1658 primum
262 1610 348 1644 illud
375 1610 511 1645 nullam
538 1610 716 1644 eiusmodi
745 1610 1052 1644 inordinationem
1082 1608 1244 1644 involvit.
1260 1609 1356 1642 Nam
1378 1609 1498 1654 primo

9 1708 18 1718 s
78 1670 226 1717 quidem
252 1668 437 1711 delectatio,
464 1678 499 1703 ut
527 1669 574 1703 ait
601 1681 628 1703 s.
650 1668 827 1709 Thomas,
851 1677 966 1703 contr.
989 1676 1085 1713 gent.
1115 1667 1136 1702 l.
1154 1668 1213 1701 ΙΙΙ.
1231 1679 1304 1713 cap.
1327 1666 1381 1702 26.
1401 1679 1435 1701 n.
1455 1666 1499 1709 6.,

81 1731 167 1764 bona
191 1733 236 1763 est
262 1734 293 1762 et
317 1727 510 1776 appelcndaz,
537 1728 565 1762 si
590 1728 710 1761 bonam
739 1731 965 1772 consequatur
991 1727 1234 1773 operationem·
1255 1735 1288 1760 et
1309 1726 1500 1772 proprium

77 1789 218 1824 virtutis
243 1789 501 1834 temperantiae
529 1797 594 1829 est,
624 1797 660 1821 ut
689 1799 792 1820 usum
834 1786 1096 1820 delectabilium
1134 1786 1353 1825 moderetur,
1383 1794 1417 1820 et
1456 1786 1499 1819 ab

81 1849 123 1882 iis
149 1848 291 1895 quidem
319 1847 485 1889 retrahat,
513 1859 603 1894 quae
643 1856 723 1880 sunt
751 1856 874 1880 contra
915 1846 1106 1880 rationem.
1135 1858 1208 1879 non
1236 1857 1320 1879 vero
1359 1846 1402 1879 ab
1442 1845 1496 1887 iis,

81 1919 171 1954 quae
197 1908 395 1942 secundum
423 1908 598 1942 rationem
628 1915 706 1940 sunt
738 1905 1000 1939 convenientia,
1031 1905 1140 1949 (Vide
1168 1917 1194 1939 s.
1223 1905 1374 1945 Thom„
1403 1915 1434 1939 2.
1464 1915 1497 1939 2.

82 1979 114 2014 q.
148 1977 223 2010 141.
251 1979 281 2001 a.
310 1979 336 2002 1.
365 1967 406 2001 ad
442 1967 498 2011 1.).
526 1966 670 2000 Deinde
699 1976 782 1999 vero
810 1976 883 1998 non
912 1964 1110 1998 excluditur
1136 1963 1217 1997 finis
1244 1964 1403 2007 ulterior,
1431 1964 1500 1997 nisi

79 2025 174 2061 forte
200 2027 356 2072 negative
382 2035 533 2060 tantum.
564 2027 607 2059 At
635 2035 719 2058 vero
762 2023 881 2057 exclus
900 2034 920 2057 o
959 2023 1038 2056 sinis
1066 2023 1234 2067 negativa
1261 2032 1381 2057 actum
1422 2034 1498 2056 non

75 2085 190 2120 vitiat:
218 2097 333 2132 neque
361 2086 454 2120 enim
484 2085 525 2118 ad
554 2085 705 2118 actionis
731 2083 960 2117 honestatem
988 2094 1132 2116 necesse
1161 2091 1213 2116 est
1253 2082 1294 2116 de
1322 2083 1496 2124 ulteriori,

80 2153 137 2179 aut
166 2146 274 2180 etiam
303 2145 344 2179 de
372 2145 441 2179 fine
461 2145 580 2189 operis
608 2143 802 2177 intrinseco
823 2143 994 2187 cogitare.
1014 2142 1171 2177 Proinde
1191 2151 1227 2176 ut
1245 2142 1398 2175 honeste
1419 2143 1497 2187 quis

24 2206 27 2209 ’
79 2203 355 2239 delectationem
383 2216 425 2238 ex
452 2204 551 2245 ludo,
580 2212 639 2237 aut
666 2203 759 2244 cibo,
781 2210 842 2236 aut
863 2202 982 2247 quiete
1012 2201 1389 2247 capiat.nequaqna1n
1409 2213 1498 2245 opus

79 2271 142 2305 est,
168 2272 206 2297 ut
232 2263 276 2298 de
303 2263 387 2305 ludi,
414 2271 471 2296 aut
501 2263 581 2304 cibi,
607 2270 666 2295 aut
696 2262 821 2307 quietis
841 2261 911 2294 sine
931 2263 1002 2294 sive
1024 2261 1219 2294 intrinseco
1240 2261 1313 2294 sive
1341 2261 1500 2294 ulteriori

77 2321 234 2367 cogitet:
262 2323 322 2356 sed
349 2323 434 2356 satis
460 2331 511 2355 est
540 2331 575 2355 ut
602 2321 783 2354 actionem
812 2332 875 2354 ceu
904 2329 1022 2354 tectae
1050 2321 1180 2353 rationi
1208 2331 1406 2353 consonam
1435 2331 1499 2364 ap-

80 2380 286 2426 prehendat,
306 2392 366 2415 seu
395 2381 503 2415 etiam
533 2389 567 2414 nt
599 2380 685 2413 nihil
716 2381 752 2412 in
774 2392 812 2412 ea
833 2379 949 2412 ordini
980 2378 1127 2412 rationis
1147 2379 1368 2412 contrarium
1396 2379 1497 2411 inve—

76 2440 202 2474 niat...
222 2440 330 2482 Quod
358 2439 516 2485 alioquin
546 2439 587 2472 ad
618 2451 708 2483 opus
737 2438 813 2484 quis
845 2438 1021 2472 alliciatur
1050 2450 1088 2471 ac
1119 2448 1306 2472 moveatur
1333 2438 1496 2483 appetitu

79 2498 338 2542 delectationis,
367 2499 673 2545 quemadmodum
702 2498 794 2532 etad
825 2498 986 2532 laborem
1014 2510 1076 2542 spe
1107 2498 1257 2542 praemii
1277 2510 1338 2531 seu
1359 2508 1501 2531 merce-

79 2557 146 2601 dis,
172 2558 208 2591 id
235 2558 349 2593 ordini
378 2559 506 2592 rationi
534 2568 585 2593 est
613 2566 909 2600 consentaneum,
940 2567 975 2591 nt
1003 2558 1108 2590 habet
1137 2570 1160 2590 s.
1191 2556 1356 2591 Thomas
1380 2556 1402 2590 l.
1431 2568 1461 2590 c,
1480 2572 1497 2587 »
