1734 2784
715 93 773 100 .-
804 70 889 123 457
923 93 982 98 -.

131 164 315 208 Thesis
346 163 466 207 XVI.
488 189 554 213 >—
590 164 651 207 De
682 164 1014 222 concupiscentia.
1060 198 1068 206 .

231 247 287 288 48.
315 246 627 281 Praenotiones.
654 265 699 271 —
727 245 826 288 Quid
856 246 924 280 hac
952 245 988 280 in
1016 245 1228 292 quaestione
1257 246 1441 293 intelliga-

325 313 383 339 tur
407 305 554 339 nomine
574 304 901 350 concupiscentiae.
919 324 963 330 —
983 304 1045 339 Est
1064 304 1205 350 duplex:
1226 306 1443 341 antecedens

328 371 362 398 et
381 375 605 410 consequens
609 391 1256 401 ............
1431 394 1440 402 .

231 432 287 467 49.
313 423 633 457 Demonstratio.
652 442 697 448 -
716 422 1020 468 Concupiscentia
1041 435 1266 470 consequens
1284 436 1357 459 non
1375 426 1445 460 tol-

329 482 370 516 lit
395 481 641 516 voluntarium
669 490 705 516 et
730 481 908 516 liberum:
938 502 982 508 —
1010 483 1097 517 item
1125 484 1368 518 antecedens:
1403 504 1440 509 -

327 540 415 575 haec
441 549 562 575 tamen
589 541 718 575 minuit
745 540 899 575 liberum
917 541 953 575 in
974 550 1054 576 actu
1082 543 1140 588 qui
1160 553 1202 577 ex
1222 554 1262 576 ea
1281 544 1436 588 ponitur.

239 610 298 643 50.
327 600 540 635 Scholion.
567 619 611 626 —
639 601 770 651 Utrum
799 601 1094 646 concupiscentia
1113 602 1328 636 antecedens
1359 614 1446 649 que-

331 659 569 695 madmodum
597 659 763 702 liberum,
787 661 835 694 sic
863 661 972 696 etiam
1011 662 1152 696 minuat
1189 662 1445 698 voluntarium.

139 732 320 775 Thesis
352 732 492 775 XVII.
528 758 581 763 ——
615 732 678 774 De
713 740 832 774 metu.

237 825 291 858 51.
318 815 631 849 praenotiones.
658 834 701 840 —
730 815 905 849 Definitio
933 824 1061 850 metus.
1081 836 1125 842 —
1151 817 1292 852 Divisio
1313 818 1347 851 in
1368 829 1446 864 gra-

328 885 411 908 vem
440 882 474 908 et
500 873 617 908 levem
646 894 690 900 -
719 875 951 910 intrinsecum
980 884 1014 910 et
1040 876 1295 911 extrinsecum.
1317 898 1355 902 —
1386 879 1442 913 De

330 942 430 967 metu
455 932 697 967 reverentiali.
726 953 770 959 —
798 933 913 968 Valde
933 934 1102 969 differunt
1121 946 1227 980 agere
1247 947 1327 969 cum
1347 945 1446 971 metu

333 1001 367 1026 et
395 1003 501 1038 agere
521 1004 563 1026 ex
582 1001 692 1027 metu.
720 1012 764 1018 —
793 993 878 1034 Quo
907 1002 1014 1038 pacto
1041 1002 1160 1028 metus
1179 995 1222 1029 sit
1242 1006 1345 1029 ctusa
1362 995 1446 1030 illo-

333 1064 424 1092 rum,
453 1063 542 1098 quae
568 1063 610 1086 ex
637 1063 680 1086 eo
708 1052 809 1086 fiunt:
838 1072 881 1077 -—-
902 1053 1087 1099 quomodo
1105 1054 1200 1087 hac
1194 1067 1230 1087 111
1251 1066 1286 1088 1e
1305 1055 1447 1091 differat

334 1124 352 1146 a
381 1113 581 1146 coactione
602 1132 645 1138 —-
672 1113 793 1147 Status
821 1113 1040 1158 quaestionis
1046 1141 1446 1150 ........

239 1181 293 1213 52
320 1171 637 1205 Demonstratio.
665 1190 710 1195 —-
736 1172 798 1212 Ea,
828 1182 918 1217 quae
937 1183 979 1204 ex
1007 1172 1107 1217 giavi
1126 1181 1224 1206 rnetu
1244 1172 1344 1215 finnt,
1364 1183 1447 1208 sunt

333 1251 377 1257 -
403 1230 608 1265 voluntaria
634 1229 847 1276 simpliciter
866 1251 909 1256 —
940 1240 972 1265 et
992 1231 1233 1267 involuntaria
1252 1234 1449 1267 secundum

335 1289 431 1336 qnid.
459 1308 502 1314 —
531 1290 721 1330 Quaenam
750 1289 825 1323 sieri
853 1290 980 1324 debeat
1008 1291 1185 1336 exceptio.
1216 1312 1260 1316 —
1290 1292 1450 1327 Curnam

334 1349 460 1383 eadem
486 1361 560 1383 non
588 1349 730 1383 valeant
757 1349 799 1383 de
825 1349 895 1383 illis
920 1350 1042 1392 etiam,
1070 1362 1157 1397 quae
1178 1351 1265 1385 fiunt
1293 1364 1334 1386 ex
1366 1364 1451 1387 con-

336 1408 562 1453 cupiscentia.
590 1428 633 1433 —
660 1409 777 1442 Metus
805 1409 934 1443 minuit
963 1409 1126 1444 liberum.
1315 1439 1322 1446 .
1379 1437 1386 1444 .
1439 1440 1445 1446 .

243 1477 299 1511 53.
327 1467 536 1502 Scholion.
565 1487 608 1493 —
637 1466 899 1502 Difficultates:
930 1489 971 1493 ——
1000 1468 1096 1514 quod
1122 1468 1160 1503 fit
1188 1482 1230 1502 et<
1259 1479 1368 1510 metu,
1399 1480 1450 1505 est

335 1527 617 1561 involuntarium
649 1548 684 1552 -
707 1536 831 1572 utpote
851 1537 977 1562 contra
996 1528 1215 1562 tendentiani
1235 1530 1449 1565 voluntatis:

334 1605 380 1612 ——
407 1597 497 1632 quae
525 1586 613 1620 fiunt
642 1597 683 1620 ex
712 1595 822 1628 metu,
850 1598 887 1620 se
914 1587 1047 1622 habent
1091 1597 1128 1622 ut
1171 1599 1207 1621 en
1241 1600 1328 1634 qnae
1364 1589 1453 1623 fiunt

336 1655 378 1678 ex
405 1645 609 1679 coactione:
630 1666 669 1669 —
688 1644 760 1685 ille,
791 1645 847 1678 cui
876 1654 991 1679 metus
1020 1646 1203 1687 incutitur,
1225 1658 1298 1680 non
1330 1656 1449 1692 potest

331 1704 437 1738 ,aliter
464 1715 570 1747 agere
599 1725 640 1728 —
668 1716 704 1738 se
730 1704 838 1738 habet
866 1713 902 1738 ut
930 1716 1070 1738 merum
1100 1705 1379 1740 instrumentum
1402 1707 1454 1740 al—

335 1764 460 1798 terius:
490 1783 534 1788 —
563 1772 770 1798 contractus
797 1763 873 1798 initi
901 1775 943 1797 ex
984 1772 1084 1798 rnetu
1111 1773 1191 1798 sunt
1220 1765 1367 1799 invalidi
1394 1774 1453 1799 :lut

341 1822 472 1856 saltem
501 1822 761 1857 rescindibiles:
792 1844 830 1848 --
861 1832 961 1857 actus
988 1834 1030 1856 ex
1057 1832 1155 1857 metu
1195 1825 1303 1869 positi
1331 1833 1454 1859 contra

340 1880 458 1927 legem
486 1893 560 1915 non
589 1890 670 1916 sunt
698 1882 807 1926 pravi.
847 1901 892 1906 -—
933 1882 1203 1926 Responsiones
1210 1910 1453 1918 .....

150 1954 329 1996 TheSiS
362 1953 523 1995 XVIII.
559 1977 614 1984 —
652 1953 710 1995 De
744 1953 949 1995 coactione.
993 1986 1001 1995 .

250 2045 302 2080 54.
330 2036 640 2070 Praenotiones.
667 2055 710 2061 —
739 2035 968 2069 Aristotelica
996 2035 1109 2069 coacti
1137 2048 1198 2069 scu
1220 2037 1368 2070 violenti
1390 2036 1454 2071 de-

341 2094 468 2128 finitio:
498 2113 540 2118 —
569 2094 797 2127 conditiones
814 2093 856 2127 ad
877 2103 1043 2128 coactum
1073 2094 1273 2139 requisitae.
1295 2115 1336 2120 —
1359 2095 1457 2137 Quid

341 2163 505 2189 coactum
536 2155 680 2198 proprie
708 2162 741 2187 et
770 2152 980 2197 simpliciter
1008 2172 1048 2176 —-
1086 2153 1280 2198 improprie
1322 2163 1355 2187 ct
1395 2166 1455 2188 se-

339 2213 496 2247 cundum
526 2212 620 2258 quid.
652 2233 692 2237 -
722 2212 833 2246 Actus
861 2211 1001 2246 elicitus
1029 2211 1150 2257 nequit
1180 2223 1256 2246 csse
1284 2221 1452 2247 coactus:

339 2292 385 2297 -—
412 2284 455 2305 an
484 2280 582 2305 actus
611 2271 775 2317 imperati
804 2271 944 2316 possint
973 2282 1047 2304 esse
1086 2271 1198 2305 coacti
1390 2300 1395 2306 .
1447 2300 1454 2307 .

251 2341 302 2376 55
330 2331 646 2366 Demonstratio
698 2352 701 2353 ν
749 2330 858 2371 Quod
900 2339 950 2364 est
991 2329 1132 2374 proprie
1172 2338 1205 2363 et
1246 2330 1458 2375 simplic-itm

341 2400 518 2430 coactum
538 2398 589 2424 est
608 2390 761 2423 omnino
782 2389 1132 2423 inv‹)lunta1ium.—
1148 2389 1244 2430 Qul
1262 2389 1454 2423 licendum

342 2450 384 2484 de
411 2459 540 2483 coacto
569 2449 760 2494 improprie
790 2459 822 2484 ct
851 2450 1048 2483 secundum
1078 2449 1159 2496 quid
1167 2476 1455 2483 ......

252 2510 302 2552 56.
333 2509 542 2544 Scholion.
568 2530 601 2533 —
626 2519 651 2542 1.
667 2510 720 2542 De
748 2509 1006 2542 consuetudine
1026 2509 1080 2543 vel
1101 2509 1228 2543 hiclu'liz.
1245 2528 1287 2533 —
1307 2507 1455 2542 Habitus

1432 199 1440 207 ·
1480 178 1557 220 143

1514 367 1563 401 ib.

1486 532 1560 587 '144

1502 663 1565 706 146

1431 769 1439 778 .
1484 737 1565 791 148

1522 1118 1567 1151 ib.

1502 1422 1569 1455 150

1509 1894 1574 1928 154

1440 1989 1448 1997 .
1492 1968 1569 2010 159

1531 2273 1576 2307 ib.

1512 2448 1571 2483 161
