1734 2784
803 111 1045 151 —50-

206 223 230 243 «
250 203 469 246 beatitudo
489 216 548 245 est
569 203 729 246 bonum
756 202 1007 261 perfectum,
1028 202 1143 260 quod
1168 201 1352 245 totaliter
1392 203 1550 260 quietat
1573 217 1644 260 ap-

205 276 383 332 petitum
404 292 421 313 n
440 276 529 317 sive
548 275 714 318 brevius
735 288 829 318 «est
854 290 1076 316 summum
1099 274 1286 317 hominis
1317 275 1519 318 bonum»
1553 273 1641 332 (1)

204 348 334 404 Atqui
365 346 532 389 divitiae
560 361 646 388 non
671 358 769 387 sunt
793 361 1013 387 summum
1043 344 1231 387 hominis
1256 345 1640 388 bonum‘.›Eteni1n

205 433 290 460 non
325 430 423 460 sunt
457 419 534 459 nisi
569 415 732 459 bonum
770 417 877 468 utile,
912 417 936 458 i.
958 433 992 458 e.
1017 428 1275 472 expetuntur
1303 431 1389 459 non
1419 417 1502 458 iam
1537 431 1641 473 pro-

206 500 297 545 pter
330 505 387 541 se,
422 489 494 531 sed
530 500 703 545 propter
735 486 811 529 alia
843 486 953 529 bona
979 488 1140 530 maiora
1175 499 1216 530 et
1241 487 1432 540 meliora,
1450 486 1500 530 ad
1534 501 1644 543 quae

203 560 463 603 conducunt.
486 560 613 616 Atqui
640 558 801 600 bonum
823 572 940 600 inere
975 557 1094 613 utile,
1112 557 1229 615 quod
1264 556 1453 600 adssaliud
1477 556 1641 600 benum

205 633 340 673 maius
373 630 592 673 ordinatur
625 642 663 672 et
699 641 872 686 propter
906 628 1017 672 aliud
1050 628 1374 671 bonum-altius
1414 629 1641 686 expetitur,

203 717 289 745 non
324 715 385 744 cst
420 717 643 743 summum
669 700 857 742 hominis
884 699 1072 754 bonum,
1097 699 1171 742 sed
1206 701 1347 757 potius
1370 699 1450 742 tale
1477 699 1640 742 bonum

199 788 425 814 summum
460 772 537 813 erit
571 770 671 813 illud
705 770 817 813 aliud
851 771 987 813 maius
1022 784 1062 813 et
1117 769 1390 813 excellentius
1442 769 1605 812 bonum
1627 803 1640 822 ,

201 843 253 885 ad
287 843 403 900 quod
438 842 679 885 habentium
704 858 775 885 eae
803 841 1038 885 conferunt.
1068 842 1183 898 Ergo
1217 840 1385 884 divitiae
1419 856 1508 884 non
1541 853 1641 883 sunt

199 930 426 956 summum
461 913 647 957 hominis
691 913 884 966 bonum,
919 929 997 956 nec
1041 913 1219 971 proinde
1264 912 1446 970 perfecta
1507 913 1640 970 ipsius

204 985 389 1027 felicitas.
431 985 567 1027 Porro
602 983 717 1042 quod
752 983 920 1026 divitiae
944 984 1002 1026 nii
1029 985 1112 1027 sint
1147 984 1258 1027 aliud
1295 999 1424 1042 quarn
1475 982 1637 1026 bonum

204 1055 328 1108 utile,
364 1068 475 1112 patet
521 1054 803 1097 consideranti
855 1054 1036 1112 duplicis
1085 1056 1254 1111 generis
1303 1070 1394 1097 esse
1444 1054 1640 1110 divitias,

203 1127 415 1169 naturales
449 1139 488 1168 et
521 1126 756 1184 artificiales
796 1125 880 1183 (2).
923 1126 1144 1169 Naturales
1193 1138 1292 1168 sunt
1341 1140 1446 1177 eae,
1482 1124 1636 1183 quibus

204 1196 338 1239 hoino
356 1196 551 1238 subvenit
570 1195 826 1238 naturalibus
842 1194 1072 1238 defectibus
1089 1194 1226 1249 famis,
1240 1196 1348 1252 sitis,
1368 1194 1539 1252 frigoris
1559 1207 1637 1238 etc.

205 1281 249 1310 ut
283 1282 380 1310 sunt
415 1267 545 1320 cibus,
580 1280 724 1324 potus,
759 1268 1071 1310 vestimentum
1106 1279 1201 1323 etc„
1241 1281 1348 1324 quae
1381 1267 1528 1309 omnia
1560 1281 1637 1308 na-

207 1351 299 1381 tura
333 1340 421 1396 ipsa
454 1337 505 1381 ad
538 1337 651 1380 hune
684 1337 815 1380 finem
851 1338 1050 1381 instituit.
1085 1337 1337 1380 Artificiales
1371 1349 1471 1380 sunt
1505 1352 1638 1394 pecu-

202 1410 312 1464 niae,
348 1424 453 1466 quae
488 1420 574 1451 arte
609 1408 839 1450 hominum
874 1409 1068 1450 inventae
1124 1420 1222 1451 sunt
1271 1407 1321 1451 ad
1367 1408 1637 1451 commercia.

204 1482 334 1537 Atqui
371 1492 483 1537 patet
518 1480 682 1523 divitias
716 1478 948 1522 artificiales
983 1480 1121 1536 expeti
1156 1479 1205 1522 ad
1239 1478 1637 1522 emendas-divitias

202 1551 429 1607 naturales,
463 1554 538 1594 has
572 1565 673 1594 vero
717 1549 925 1593 naturales
974 1551 1111 1608 expeti
1161 1549 1212 1593 ad
1259 1551 1391 1593 vitam
1447 1549 1636 1592 hominis

204 1621 399 1664 alendam
433 1634 473 1665 et
507 1620 839 1664 sustentandam.
875 1621 988 1677 Ergo
1022 1634 1255 1678 utrumque
1288 1636 1427 1678 genus
1461 1620 1636 1664 divitia-

205 1708 302 1734 rum
338 1705 399 1734 est
433 1692 598 1735 bonum
633 1707 748 1734 mere
782 1691 898 1744 utile,
932 1691 1049 1748 quod
1082 1692 1294 1749 expetitur
1326 1706 1413 1734 non
1456 1703 1634 1748 propter

200 1780 264 1820 se,
297 1763 370 1806 sed
404 1777 578 1821 propter
611 1763 723 1806 aliud
757 1763 895 1805 mnus
930 1775 969 1805 et
1003 1763 1283 1820 praestantius
1308 1762 1473 1806 bonum
1499 1763 1631 1820 ipsius

202 1976 361 2011 iusmodi
388 1977 482 2010 bona
509 1989 582 2011 non
612 1987 692 2012 sunt
720 1977 861 2011 homini
890 1976 1093 2013 intrinseca,
1124 1975 1186 2009 sed
1214 1975 1417 2016 extrinseca,
1445 1985 1519 2009 non
1549 1985 1634 2020 pos-

204 2036 366 2069 sidentur
382 2037 424 2069 ab
444 2036 592 2070 homine
611 2048 746 2077 secure,
766 2036 825 2070 sed
848 2044 998 2081 possunt
1018 2034 1121 2068 facile
1149 2034 1262 2068 amitti
1291 2042 1325 2068 et
1353 2044 1476 2079 reapse
1503 2044 1629 2079 saepe,

204 2104 242 2129 ut
267 2096 485 2140 experientia
512 2096 621 2130 nimis
664 2104 816 2136 constat,
845 2095 1074 2135 amittuntur,
1100 2094 1229 2139 quippe
1257 2104 1348 2140 quae
1374 2104 1393 2126 a
1421 2093 1537 2127 causis
1563 2103 1631 2126 ex-

203 2155 365 2189 trinsecis
393 2164 426 2189 et
453 2156 671 2189 nominatim
699 2167 717 2189 a
739 2154 886 2200 fortuna
915 2154 1129 2200 dependent.

301 2216 355 2259 (1)
382 2215 433 2249 Ita
460 2226 488 2249 s,
519 2214 604 2256 Th„
637 2226 663 2248 1.
694 2225 722 2249 2.
752 2226 782 2260 q.
812 2225 842 2249 2.
871 2226 901 2248 a.
929 2225 949 2255 4
976 2223 1010 2249 et
1037 2214 1068 2248 8.
1098 2213 1197 2247 Idem
1230 2224 1259 2248 s.
1291 2212 1441 2251 Doctor,
1469 2213 1504 2246 in
1537 2223 1636 2246 sum-

205 2286 264 2308 ma
292 2282 416 2307 contra
443 2283 537 2319 gent.
567 2273 587 2307 l.
610 2274 669 2307 111.
692 2284 721 2308 e.
748 2282 812 2315 30„
840 2273 884 2306 ad
912 2272 1150 2307 excludendas
1177 2271 1319 2305 divitias
1346 2271 1415 2305 hoc
1441 2271 1553 2305 utitur
1571 2281 1631 2303 ar-

205 2342 394 2378 gumento:
423 2346 441 2365 «
463 2332 565 2374 Illud,
594 2333 629 2366 in
657 2333 758 2366 cuius
786 2332 1049 2366 consecutione
1082 2341 1263 2365 summum
1292 2329 1454 2364 hominis
1493 2330 1630 2366 bonum

201 2401 271 2433 est,
300 2400 445 2437 oportet
472 2403 547 2426 esse
573 2391 722 2425 homine
759 2391 898 2425 melius.
926 2391 1070 2426 Divitiis
1109 2399 1228 2424 autem
1258 2388 1374 2423 homo
1401 2397 1453 2422 est
1492 2387 1633 2428 melior,

206 2463 287 2484 cum
316 2451 386 2486 sint
413 2462 466 2485 res
493 2450 669 2496 quaedam
697 2450 739 2484 ad
768 2461 874 2483 usum
903 2450 1064 2484 hominis
1092 2449 1289 2484 ordinatae.
1321 2448 1406 2483 Non
1433 2456 1493 2483 est*
1524 2447 1633 2493 igitur

203 2511 240 2544 in
269 2510 399 2545 divitiis
425 2521 609 2544 summum
638 2509 799 2543 hominis
826 2510 977 2543 bonum.
995 2523 1011 2538 »

299 2572 354 2615 (2)
382 2572 433 2605 Ita
459 2569 684 2605 Aristoteles.
710 2568 852 2603 Politic.
886 2579 911 2602 1.
941 2577 983 2611 3.,
1011 2577 1044 2602 et
1073 2578 1100 2602 s.
1127 2567 1302 2609 Thomas,
1334 2577 1360 2601 1.
1387 2575 1422 2600 2.
1440 2578 1473 2612 q.
1493 2575 1524 2600 2.
1542 2577 1572 2599 a.
1597 2576 1629 2602 1.
