1734 2784
82 204 262 255 homini'
284 206 479 252 absolute
511 209 796 261 necessarium,
829 220 930 250 tunc
963 205 1098 249 homo
1132 205 1223 247 sine
1257 202 1389 246 finitis
1423 203 1513 246 hu-

82 279 274 326 iusmodi
304 279 432 323 bonis
467 279 645 322 sentiret
677 294 721 321 se
756 279 965 321 miserum
999 292 1092 320 esse
1125 288 1250 333 atque
1283 273 1511 318 infelicem.

81 352 215 410 Atqui
248 349 421 409 plurimi
455 350 604 407 quavis
637 361 769 393 aetate
808 349 1045 392 'extiterunt
1094 347 1226 389 sancti
1273 346 1383 400 viri,
1418 345 1514 403 qui,

81 421 284 467 omnibus
315 419 617 463 huiuscemodi
649 419 772 463 bonis
807 419 986 472 reiectis,
1020 433 1118 461 cum
1152 418 1195 459 in
1229 417 1311 460 Dei
1361 416 1514 473 cogni-

82 496 246 538 tionem
269 485 322 536 zet
354 507 548 536 amorem
582 492 684 535 totis
717 491 877 534 viribus
912 489 1233 541 incumberent,
1266 500 1409 545 aperte
1443 499 1514 530 te-

40 577 46 582 ·
83 566 181 608 stati
213 575 336 617 sunt,*
359 578 405 606 se
437 561 503 606 vel
536 563 580 605 in
612 562 703 623 ipsa
737 577 881 605 rerum
915 561 1115 604 omnium
1150 570 1354 615 egestate,
1375 558 1515 600 immo

83 637 211 681 etiam
244 633 414 679 medios
451 635 560 678 inter
594 636 789 692 corporis
824 633 996 677 dolores
1030 648 1074 676 ac
1119 634 1343 684 cruciatus,
1378 629 1518 673 caele-

82 720 195 751 stem
228 704 437 765 perfectae
470 704 682 748 beatitatis
723 705 994 749 dulcedinem
1039 715 1327 761 praegustare,
1376 716 1516 759 eoque

83 779 238 837 magis,
272 774 359 836 quo
391 775 487 836 plus
520 793 565 821 se
603 776 912 834 temporalibus
946 776 1068 819 bonis
1104 774 1154 818 ad
1188 774 1269 818 Dei
1319 786 1516 816 contem-

84 849 261 908 plationi
294 862 336 893 et
367 845 505 892 amori
538 849 659 891 unice
692 847 930 891 vacandum
964 846 1221 890 abdicarent.
1255 846 1348 902 Ipsa
1379 844 1519 901 igitur

84 918 342 980 experientia
374 921 475 964 satis
499 935 855 977 unumquemque
880 918 1020 974 docet,
1043 917 1261 960 bonorum
1294 915 1518 958 finitorum

85 993 406 1051 possessionem
435 1005 579 1049 ¹neque
627 1007 720 1034 esse
767 990 930 1033 bonum
980 988 1193 1032 sufficiens
1243 1003 1381 1045 neque
1425 1002 1520 1029 esse

85 1063 250 1108 bonum
284 1062 452 1106 homini
485 1061 678 1106 absolute
712 1062 1019 1105 necessarium.

204 1133 259 1178 II.
291 1134 420 1178 Nunc
466 1133 649 1192 speciales
698 1133 859 1190 aliquas
909 1132 1092 1174 rationes
1144 1130 1195 1173 de
1252 1143 1521 1186 unoquoque

84 1223 137 1250 ex
168 1205 299 1249 finitis
332 1200 457 1249 bonis
490 1204 739 1262 singillatim
773 1203 1012 1247 afferemus.
1032 1204 1150 1245 Bona
1179 1201 1296 1244 finita
1319 1200 1395 1243 alia
1418 1213 1519 1242 sunt

85 1284 252 1321 externa
284 1276 486 1330 homini,
520 1292 658 1334 eaque
693 1276 797 1319 bona
822 1276 1018 1333 fortunae
1067 1273 1294 1325 dicuntur,
1330 1284 1375 1314 ut
1422 1284 1522 1314 sunt

87 1347 273 1402 divitiae,
307 1347 463 1404 honor,
496 1346 647 1404 gloria,
686 1358 905 1403 potestas:
941 1344 1016 1386 alia
1065 1358 1167 1386 vero
1216 1355 1313 1384 sunt
1354 1341 1519 1384 homini

87 1421 262 1462 interna.
297 1419 471 1461 Horum
508 1430 652 1461 autem
689 1416 897 1475 quaedam
931 1428 1028 1457 sunt
1073 1414 1183 1457 bona
1226 1413 1415 1455 hominis
1448 1427 1520 1454 se-

88 1489 279 1534 cundum
313 1489 432 1548 quod
464 1502 527 1533 est
560 1488 734 1540 animal,
770 1503 907 1545 eaque
941 1499 1145 1529 vocantur
1179 1485 1282 1528 hona
1314 1485 1521 1541 corporis,

87 1561 226 1620 qualia
257 1575 356 1605 sunt
390 1561 520 1605 robur
552 1562 727 1612 virium,
755 1558 1047 1618 pulchritudo,
1071 1556 1290 1608 valetudo,
1326 1555 1523 1611 voluptas

88 1640 324 1692 corp'orea:
357 1632 434 1677 alia
466 1648 568 1676 vero
602 1645 700 1675 sunt
739 1631 849 1674 bona
885 1631 1073 1673 hominis
1118 1627 1353 1671 secundum
1404 1625 1521 1684 quod

88 1716 152 1747 est
184 1704 360 1747 rationis
394 1704 621 1761 particepS,
659 1716 697 1746 et
733 1702 836 1745 lama
873 1702 1005 1744 animi
1038 1699 1318 1757 appellantur,
1336 1710 1522 1754 suntque

86 1775 264 1818 virtutes
298 1773 602 1818 intellectuales
638 1787 677 1817 et
716 1772 918 1824 morales,
954 1773 1127 1814 scientia
1162 1783 1202 1813 et
1234 1771 1368 1812 virtus
1391 1768 1475 1826 (ι).

209 1846 465 1904 Spectentur
494 1845 572 1904 1.⁰)
609 1845 719 1888 bona
757 1853 921 1887 externa
962 1859 1036 1886 seu
1076 1842 1184 1884 bona
1209 1841 1408 1899 fortuma
1432 1839 1518 1898 (2).

90 1940 148 1949 -
176 1916 218 1975 κ)
237 1918 423 1960 Divitiae
458 1932 547 1959 non
582 1928 763 1975 possunt
797 1930 886 1957 esse
920 1912 1138 1956 beatitudo
1173 1911 1374 1954 hominis,
1408 1911 1522 1953 Nam

193 2114 248 2158 (1)
276 2113 370 2148 Vide
395 2112 618 2159 'songiOrgi,
647 2112 726 2147 Etli.
756 2122 854 2145 num.
885 2109 939 2144 26.
967 2110 1063 2143 Haec
1092 2108 1219 2141 divisio
1246 2107 1434 2153 desumpta
1471 2117 1524 2143 est

90 2181 134 2206 ex
159 2172 368 2215 Aristotele,
394 2171 509 2207 Ethic.
539 2171 561 2205 l.
594 2181 622 2206 1.
642 2183 672 2206 c.
691 2171 791 2206 VIII.
815 2169 1059 2214 Νενεμημένων
1088 2166 1131 2203 δὴ
1156 2169 1220 2198 τῶν
1250 2165 1388 2209 ἀγαθῶ-ι
1410 2171 1527 2213 τριχῇ

91 2227 150 2262 καὶ
175 2233 241 2263 τῶν
266 2233 330 2277 μὲν
360 2230 455 2268 ἐκτὸς
493 2229 689 2274 λεγομένων
717 2232 782 2263 τῶν
820 2228 860 2262 δὲ
888 2226 969 2270 περὶ
997 2226 1110 2271 ᾧυγὴυ
1139 2223 1198 2257 uzi
1238 2228 1348 2270 σῶμα,
1380 2226 1422 2257 τὰ.
1448 2224 1525 2268 περὶ

89 2285 208 2334 ψυχὴν
236 2288 432 2333 κυριώτατα
460 2287 607 2332 λέγομεν
637 2286 694 2319 mi
719 2287 871 2334 μάλιστκ
898 2287 1021 2331 ἀγαθά..
1045 2286 1168 2328 Quum
1189 2285 1283 2319 bona
1303 2292 1373 2318 tres
1392 2284 1426 2317 in
1447 2295 1525 2329 par-

91 2353 146 2380 tes
170 2346 242 2381 sint
269 2345 468 2385 distributa,
494 2345 632 2392 aliaque
652 2355 810 2387 externa,
831 2345 899 2379 alia
919 2345 1047 2384 animi,
1068 2345 1135 2378 alia
1155 2345 1317 2389 corporis
1345 2343 1523 2385 dicantur,

93 2406 204 2455 animi
230 2409 316 2441 sane
343 2407 440 2441 bona
468 2406 634 2452 inprimis
662 2414 695 2440 et
722 2407 879 2440 maxime
908 2406 1048 2451 proprie
1077 2405 1170 2438 bona
1199 2404 1362 2437 dicimus.

186 2465 243 2512 (2)
271 2465 338 2500 Vel
365 2478 408 2501 ex
434 2466 535 2500 hisce
574 2475 714 2500 tantum
755 2466 905 2499 vocibus
932 2469 1068 2499 externa
1107 2473 1139 2498 ct
1175 2462 1338 2508 foi-lunae
1375 2473 1527 2507 arguere

95 2523 236 2570 optimo
263 2536 351 2560 sane
379 2526 453 2560 iure
482 2537 688 2572 possumus.
721 2525 911 2560 Beatitudo
941 2527 1038 2559 enim
1068 2533 1118 2558 cst
1147 2525 1285 2557 bonum
1314 2534 1374 2556 seu
1403 2521 1524 2568 perse-

95 2581 167 2616 ctio
194 2582 336 2617 homini
363 2584 561 2627 intrinseca,
591 2595 632 2618 ac
660 2584 763 2619 debet
790 2585 935 2630 insuper
969 2595 1079 2617 secure
1105 2581 1292 2628 possideri.
1319 2582 1428 2627 Atqui
1455 2582 1526 2615 hu-
