1734 2784
804 151 853 160 .-
893 141 1061 185 ¹32*

220 224 347 269 libera
381 223 521 282 quoad
555 239 644 267 rem
678 224 933 281 quamlibet,
970 240 1077 281 quac
1123 223 1171 265 ab
1218 225 1312 281 ipso
1362 223 1634 271 excludatur:

221 299 260 339 in
295 297 363 340 tali
396 297 509 339 enim
545 296 818 354 oppositione
853 296 933 338 iam
970 311 1033 338 res
1068 295 1136 337 illa
1159 310 1237 352 pro
1261 311 1312 338 eo
1339 308 1447 340 statu
1472 297 1632 342 nullam

217 368 382 414 exbibet
415 369 620 411 rationem
654 367 752 410 boni
788 382 859 425 per
894 379 1133 425 respectum
1169 367 1219 410 ad
1251 367 1528 412 voluntatem.

336 454 405 495 43.
426 441 806 483 Deuous'rRATro.
829 437 999 491 Quibus
1024 455 1074 482 ex
1097 438 1389 497 Metaphysica
1412 442 1635 499 praestitu-

217 514 284 565 tis,
314 512 395 554 iam
420 524 597 568 utraque
633 509 758 552 huius
792 509 962 552 theseos
998 525 1090 567 pars
1125 508 1240 553 facile
1274 509 1601 556 demonstratur.

337 584 367 626 I.
401 584 502 627 Non
537 582 585 626 ad
620 582 780 636 omnia,
820 594 863 624 ut
899 580 1032 624 modo
1067 581 1334 639 dicebamus,
1383 598 1426 626 se
1459 599 1503 628 se
1536 600 1635 642 pro-

216 654 351 700 tendit
383 654 550 698 libertas
584 653 795 696 humanae
820 652 1069 710 voluntatis,
1089 668 1194 711 quae
1228 653 1385 697 scilicet
1403 654 1445 697 in
1468 655 1634 713 agendo

217 743 338 784 saepe
358 725 533 784 quidem
553 724 675 768 babet
702 724 948 768 adiunctum
969 723 1148 768 modum
1168 724 1384 783 libertatis,
1409 725 1634 785 aliquando

214 814 316 841 vero
340 814 443 855 non,
463 797 535 840 sed
556 796 735 840 modum
765 797 1015 854 oppositum
1040 797 1237 839 naturalis
1264 798 1522 841 necessitatis
1547 798 1631 857 (1).

215 870 361 927 Itaque
396 869 496 912 haec
521 882 581 912 est
615 868 691 912 alia
726 867 954 911 voluntarii
992 869 1163 926 partitio
1188 869 1230 911 in
1254 869 1543 913 voluntarium
1561 886 1634 914 ne-

215 946 432 986 cessarium
455 957 528 984 seu
553 941 741 984 naturale
759 953 798 983 et
822 940 1111 983 voluntarium
1142 940 1311 984 liberum
1328 940 1413 1000 (2).
1438 942 1633 985 Primum

215 1025 277 1056 est
301 1011 356 1066 id,
376 1011 491 1070 quod
516 1028 565 1055 ex
586 1024 880 1070 praevertente
902 1012 1146 1068 cognitione
1165 1011 1358 1070 procedit
1378 1028 1398 1054 a
1416 1012 1633 1056 voluntate

215 1098 444 1142 spontanee
474 1084 666 1142 quidem,
688 1083 760 1127 sed
795 1085 1010 1127 necessario
1035 1095 1185 1141 agente
1220 1100 1269 1127 ex
1302 1084 1477 1127 naturali
1500 1097 1540 1127 et
1564 1085 1632 1126 in-

214 1157 395 1200 trinseca
414 1155 766 1199 determinatione
784 1155 834 1198 ad
855 1171 1004 1212 unum,
1024 1168 1068 1198 ut
1092 1167 1190 1198 sunt
1213 1172 1246 1199 e.
1263 1171 1302 1213 g.
1325 1167 1440 1200 actus
1459 1157 1632 1210 amoris,

213 1244 299 1286 quo
323 1227 452 1271 finem
487 1240 526 1271 et
561 1227 802 1271 felicitatem
837 1228 878 1269 in
912 1243 1065 1284 genere
1100 1229 1408 1285 prosequimur
1442 1240 1482 1271 et
1515 1240 1632 1272 actus

214 1301 386 1353 amoris,
421 1315 506 1357 quo
543 1300 655 1342 Beati
705 1300 747 1341 in
795 1299 981 1341 termino
1033 1297 1215 1356 diligunt
1249 1300 1393 1342 Deum
1438 1300 1632 1344 intuitive

212 1373 367 1415 visum.
392 1371 587 1415 Alterum
612 1384 673 1414 est
707 1370 762 1427 id,
796 1370 912 1428 quod
946 1370 994 1413 ab
1030 1370 1297 1414 indifferente
1330 1370 1547 1414 voluntate
1576 1372 1631 1414 ita

213 1444 402 1502 ponitur,
421 1455 469 1485 ut
493 1454 636 1501 posset
662 1458 835 1500 quoque
868 1457 955 1485 non
988 1443 1119 1500 poni,
1154 1441 1319 1485 brevius
1338 1478 1348 1495 ‚
1383 1441 1501 1500 quod
1525 1458 1630 1500 pro-

214 1514 322 1558 cedit
345 1531 367 1557 a
390 1513 607 1557 voluntate
625 1513 798 1556 elective
823 1525 988 1571 agente,
1008 1526 1052 1556 ut
1075 1527 1174 1556 sunt
1197 1529 1231 1556 e.
1251 1528 1290 1569 g.
1316 1525 1430 1556 actus
1455 1514 1631 1571 attioris,

212 1603 298 1644 quo
343 1588 644 1645 prosequimur
678 1585 863 1629 honores
897 1585 963 1628 vel
997 1584 1179 1638 divitia&
1214 1598 1253 1627 et
1287 1597 1402 1627 actus
1442 1585 1599 1628 amoris
1620 1621 1630 1638 ,

212 1674 298 1715 quo
343 1673 421 1700 nos
457 1659 498 1700 in
532 1659 597 1701 via
630 1659 774 1700 Deum
809 1673 1016 1700 amamus

331 1730 464 1782 Dixi,
515 1745 536 1772 a
584 1729 800 1772 voluntate
853 1728 1008 1772 elective
1063 1740 1247 1786 agente:
1302 1727 1472 1771 libertas
1515 1729 1629 1771 enim

210 1801 380 1858 proprie
414 1801 607 1843 consistit
642 1801 683 1842 in
716 1800 915 1852 electione,
952 1816 1059 1857 quae
1100 1812 1200 1842 tunc
1233 1798 1423 1852 obtinet,
1458 1798 1628 1856 quando

210 1886 260 1913 ex
294 1871 359 1928 iis,
393 1886 499 1928 quae
544 1870 750 1914 voluntati
791 1883 1084 1929 poponuntur‚
1119 1887 1152 1914 e.
1188 1886 1227 1928 g.
1263 1869 1406 1913 studio
1439 1882 1480 1913 et
1511 1868 1628 1923 ludo,

303 2021 357 2066 (ῑ)
385 2033 402 2051 «
424 2021 456 2055 S.
486 2019 660 2061 Thomas,
680 2021 713 2053 in
744 2026 793 2065 3.³
822 2030 909 2066 part.
941 2031 970 2066 q.
994 2019 1042 2053 18.
1065 2031 1092 2054 a.
1110 2029 1158 2061 4.,
1188 2028 1221 2053 et
1249 2019 1305 2052 alii
1335 2018 1554 2053 Scliolastici
1575 2017 1627 2051 di-

209 2089 293 2115 cunt
319 2080 542 2114 voluntatem
571 2079 760 2124 dupliciter
787 2079 939 2126 spectari
972 2090 1088 2125 posse:
1124 2090 1153 2114 1.
1184 2087 1219 2112 ut
1247 2086 1382 2120 natura,
1410 2087 1441 2112 2.
1473 2085 1509 2112 ut
1537 2079 1627 2112 ratio

209 2150 270 2173 seu
296 2138 450 2173 liberum
479 2139 673 2171 arbitrium:
702 2139 810 2183 priori
839 2138 950 2173 modo
979 2149 1055 2173 esse
1082 2138 1297 2184 principium
1327 2136 1499 2182 simplicis
1527 2135 1623 2170 voli-

206 2198 329 2238 tionis‚
360 2197 550 2242 posteriori
578 2196 775 2239 electionis,
802 2198 910 2243 priori
938 2197 1086 2232 liberam
1118 2208 1192 2232 esse
1219 2209 1238 2230 a
1273 2196 1472 2238 coactione,
1501 2204 1626 2241 poste-

207 2258 293 2291 riori
320 2269 338 2290 a
365 2257 584 2291 necessitate.
606 2271 621 2287 »
654 2257 705 2290 Ita
734 2257 905 2297 ssecanus,
934 2258 975 2291 de
1003 2266 1069 2292 act.
1096 2256 1199 2291 hum.
1218 2267 1290 2301 cap.
1310 2255 1353 2289 Π.
1373 2266 1404 2301 q⁴
1426 2265 1456 2288 2.
1477 2265 1573 2289 num.
1596 2262 1623 2297 5.

302 2316 358 2360 (2)
385 2316 432 2350 Ut
460 2315 555 2349 idem
581 2323 715 2357 auctor,
730 2316 772 2349 ib.
790 2327 865 2360 cap.
886 2316 946 2350 ΙΙΙ.
960 2328 990 2361 q.
1010 2316 1067 2350 111.
1086 2326 1181 2349 num.
1207 2325 1245 2358 1.,
1263 2314 1386 2355 habet,
1408 2327 1425 2345 «
1444 2312 1537 2348 actio
1557 2324 1626 2347 vo-

206 2374 357 2409 luntaria
384 2373 548 2408 dividitur
575 2374 610 2407 in
638 2373 786 2408 liberam
815 2383 848 2408 et
875 2375 1127 2416 necessariam,
1149 2384 1226 2408 non
1247 2382 1432 2419 tamquam
1458 2382 1572 2417 genus
1591 2371 1627 2404 in

208 2446 291 2468 suas
317 2434 467 2480 species,
497 2433 557 2467 sed
583 2442 767 2479 tamquam
805 2434 1004 2468 subiectum
1033 2434 1068 2466 in
1097 2444 1180 2467 suos
1207 2430 1337 2466 modos
1376 2428 1623 2464 accidentales.

207 2494 338 2528 Omnis
365 2494 460 2527 enim
485 2493 578 2526 actio
607 2492 804 2527 voluntatis
831 2492 886 2527 vel
914 2492 1020 2527 habet
1048 2491 1258 2525 adiunctum
1281 2488 1431 2524 modum
1449 2487 1624 2522 libertatis

207 2553 264 2587 vel
293 2552 443 2587 modum
471 2552 702 2593 necessitatis,
729 2552 789 2598 qui
816 2553 887 2587 duo
915 2551 1016 2585 modi
1043 2549 1313 2586 accidentaliter
1339 2560 1375 2582 se
1413 2547 1548 2582 habent
1583 2546 1626 2581 ad

207 2619 340 2655 actum,
371 2620 404 2646 et
433 2612 594 2646 oriuntur
620 2611 677 2646 vel
704 2623 745 2646 ex
772 2621 870 2659 parte
898 2610 1031 2646 obiecti
1058 2610 1113 2645 vel
1134 2620 1175 2644 ex
1203 2608 1341 2644 defectu
1367 2605 1620 2654 cognitionis.»
