1734 2784
759 139 815 146 —
847 114 932 168 478
966 136 1022 145 —

196 211 373 255 Thesis
407 209 616 252 XXXIX.
651 233 707 240 —
745 207 860 262 Quid
906 207 957 250 sit
998 208 1058 249 vis
1105 205 1345 264 obligati-va,
1382 219 1492 263 *quae

373 283 446 337 legi
478 279 666 323 naturali
697 281 808 322 inest.

296 376 369 407 ¹15·
394 365 703 399 Praenotiones.
723 383 768 388 —
794 363 867 397 Lex
894 362 1066 396 naturalis
1085 362 1119 395 vi
1139 361 1251 408 pollet
1278 360 1486 407 obligativa:

387 445 430 450 —
458 433 510 458 est
537 424 633 457 enim
661 434 743 457 vera
771 422 838 457 lex.
858 443 883 448 η
921 421 1115 464 Quaeritur
1141 420 1226 468 quid
1252 421 1297 455 sit
1322 421 1377 454 vis
1402 419 1493 455 haec

387 482 593 527 obligativa.
663 507 1515 516 ...............

296 543 368 578 116.
395 543 637 578 Declaratio.
671 558 706 566 —-
739 552 767 576 1.
791 541 978 587 Obligatio
1004 541 1041 575 in
1067 551 1182 586 genere
1209 548 1261 574 est
1287 559 1332 564 ——
1360 549 1489 573 neces-

383 604 467 638 sitas
493 603 621 648 agendi
642 622 680 630 -
711 615 730 637 a
755 602 945 636 coactione
972 600 1139 635 differens
1158 620 1201 625 —
1229 599 1406 634 obiectiva
1432 609 1495 633 seu

383 674 446 708 per
472 662 647 697 rationem
675 661 821 707 cognita
850 681 889 685 —-
919 660 1084 695 absoluta
1122 671 1184 695 seu
1219 669 1413 704 exsurgens
1450 670 1493 693 ex

382 721 582 756 necessaria
609 721 762 755 actionis
801 720 1027 754 connexione
1053 730 1134 752 cum
1170 719 1301 753 ultimo
1339 717 1420 751 fine.
1448 736 1494 742 -

383 791 413 815 2.
442 780 627 827 Obligatio
667 780 701 813 in
741 779 844 826 specie
881 778 972 825 legis
1009 778 1180 813 naturalis
1214 786 1266 812 est
1295 798 1335 802 —-
1364 774 1494 823 agendi

381 841 574 875 necessitas
604 860 644 864 —
671 841 812 873 ratione
838 838 1043 872 naturaliter
1069 839 1214 884 cognita
1244 859 1273 863 -
1297 847 1492 882 exsurgens

382 910 423 933 ex
450 898 650 932 necessaria
677 906 710 932 et
744 898 925 932 intrinseca
963 898 1114 932 actionis
1154 897 1383 931 connexione
1410 906 1491 929 curn

380 958 508 991 ultimo
538 957 606 990 sine
633 957 787 990 naturali
794 979 1494 992 .............

292 1027 367 1060 117.
395 1016 605 1050 Scholion.
634 1034 668 1041 --
703 1015 872 1057 Cumani,
902 1015 1022 1060 posito
1051 1015 1143 1061 quod
1178 1025 1280 1048 mens
1309 1012 1490 1058 percipiat,

382 1075 439 1121 agi
469 1076 511 1109 de
538 1075 608 1109 fine
646 1075 774 1109 ultimo
803 1084 835 1109 et
875 1076 919 1109 de
947 1075 1090 1109 actione
1116 1086 1199 1108 cum
1227 1086 1270 1109 eo
1298 1074 1491 1108 coniuncta

381 1146 473 1168 nexu
502 1135 718 1175 necessario⁷
741 1146 815 1168 non
836 1134 918 1168 inde
936 1143 1057 1169 tamen
1076 1133 1244 1168 voluntas
1264 1133 1389 1168 evadat
1403 1132 1492 1178 phy-

382 1196 445 1228 sice
470 1194 685 1228 necessitata
711 1194 753 1227 ad
781 1195 962 1227 actionem
991 1193 1199 1238 ponendam
1207 1218 1488 1228 ......

192 1267 369 1310 Thesis
400 1266 493 1309 XL.
527 1290 582 1297 —
624 1265 838 1307 Uizrienoni
871 1266 923 1308 sit
947 1266 1006 1308 vis
1032 1264 1269 1321 obligativcz,
1293 1279 1392 1322 quae
1415 1264 1490 1321 legi

366 1336 552 1380 militati
584 1337 699 1392 inest,
732 1351 799 1378 seii
832 1336 876 1379 de
916 1338 1048 1394 primo
1082 1338 1165 1380 eius
1204 1337 1413 1394 principio.

291 1421 363 1455 118.
391 1420 699 1454 Praenotiones.
718 1438 762 1443 -
780 1418 929 1464 Triplex
949 1419 1177 1465 potissimum
1205 1428 1317 1454 exstat
1345 1427 1487 1453 senten-

380 1480 428 1513 ‘tia
454 1479 545 1513 circa
565 1481 721 1526 primum
742 1478 956 1524 principium
976 1478 1192 1524 obligationis
1211 1479 1289 1524 Iegis
1307 1477 1488 1512 naturalis:

379 1558 419 1566 -=
449 1548 475 1571 s.
503 1537 672 1572 Thomae
699 1546 732 1571 et
759 1537 915 1572 Suaresii
941 1558 984 1562 —
1011 1538 1333 1572 Rationalistarum
1360 1557 1404 1563 —
1422 1536 1490 1571 Va-

381 1596 519 1642 squesii.
583 1623 889 1631 ......
939 1624 946 1638 ,
1000 1623 1304 1631 ......
1359 1623 1367 1637 ,
1421 1623 1428 1630 .

288 1667 351 1701 1¹9
390 1656 706 1689 Demonstratio.
735 1675 779 1680 -
809 1666 836 1689 1.
864 1656 1026 1690 Primum
1052 1655 1270 1701 principium
1308 1655 1428 1689 omnis
1454 1655 1489 1690 in

378 1725 495 1759 genere
521 1713 670 1747 moralis
697 1714 933 1759 obligationis
959 1723 1012 1749 est
1039 1714 1218 1749 ordinatio
1246 1715 1357 1748 divini
1385 1714 1488 1749 intel-

377 1773 489 1806 lectus
529 1773 740 1818 divinaeque
779 1772 984 1808 voluntatis.
1015 1793 1055 1798 --
1085 1783 1116 1808 2.
1155 1774 1194 1808 In
1221 1775 1326 1820 specie
1364 1783 1485 1809 autern

375 1831 549 1877 obligatio
579 1831 666 1877 legis
685 1833 857 1866 naturalis
877 1833 1037 1878 procedit
1059 1835 1216 1880 proxime
1242 1842 1274 1867 et
1293 1834 1487 1868 immediate

379 1903 397 1924 a
422 1892 515 1933 Deo,
543 1896 578 1925 ut
603 1891 798 1925 ordinatore
824 1893 925 1938 ipsius
952 1897 1094 1927 naturae
1119 1893 1295 1927 humanae.

286 1960 360 1984 120.
388 1950 597 1986 Scholion.
627 1970 670 1993 ÷
703 1961 727 1984 1.
756 1951 939 1996 Principes
965 1951 1113 1986 humani
1139 1952 1274 1986 habent
1301 1953 1336 1986 in
1362 1964 1393 1986 se
1419 1964 1486 1998 po-

378 2017 547 2043 testatem
575 2007 747 2043 inferendi
777 2010 953 2044 moralem
981 2011 1231 2045 necessitatem
1259 2031 1299 2036 -—
1329 2022 1404 2045 non
1437 2019 1510 2053 ta·-

378 2080 461 2102 men
490 2080 568 2101 eam
596 2069 730 2102 habent
756 2081 794 2103 ex
819 2081 850 2104 se
877 2090 920 2094 —
946 2071 1007 2104 sed
1031 2078 1091 2116 per
1119 2071 1422 2117 participationem
1449 2071 1489 2105 ab

380 2128 448 2161 alio
476 2129 495 2160 i.
525 2140 552 2162 e.
580 2140 599 2162 a
624 2129 716 2163 Deo.
746 2150 784 2153 —
814 2140 845 2163 2.
874 2130 914 2163 ln
952 2142 1120 2175 supremo
1160 2131 1368 2164 ordinatore
1407 2132 1485 2165 Deo

380 2187 443 2221 tria
469 2198 658 2232 possumus
686 2188 822 2222 ratione
844 2189 1074 2235 distinguere:
1098 2189 1300 2224 —titulum
1327 2189 1359 2223 vi
1387 2189 1486 2223 cuius

380 2255 430 2279 cst
450 2247 483 2279 in
502 2247 580 2280 Deo
601 2247 653 2279 ius
672 2246 862 2280 hominem
883 2247 1065 2292 obligandi
1093 2271 1123 2274 —
1148 2249 1262 2293 ipsum
1283 2248 1351 2281 hoc
1370 2248 1424 2282 ius
1445 2268 1487 2273 —-

379 2314 410 2338 et
439 2305 540 2338 huius
561 2305 643 2338 iuris
664 2306 938 2341 exercitium.—
958 2308 1147 2348 Quaenam
1174 2308 1283 2341 tribus
1300 2307 1399 2341 hisce
1426 2318 1484 2341 re-

377 2363 577 2408 spondeant
604 2375 645 2397 ex
673 2373 770 2409 parte
789 2365 948 2400 hominis
953 2393 1482 2402 ..........

193 2435 370 2478 Thesis
402 2436 514 2477 XLI.
550 2460 606 2467 —-
639 2435 854 2492 Rejallz'tnr
890 2438 1262 2481 Rationalistarmn
1294 2439 1486 2480 sententia

366 2507 468 2547 circo
503 2507 682 2561 primum
716 2506 967 2563 obligationis
1001 2508 1094 2563 legis
1127 2508 1331 2550 naturalis
1367 2509 1485 2565 prin-

367 2577 527 2632 cipium.
557 2611 564 2618 .

1545 960 1608 996 323

1542 1187 1610 1233 326

1552 1333 1606 1376 ib.

1564 1595 1609 1630 ib.

1473 1921 1480 1928 .
1533 1902 1598 1938 3²7

1520 2591 1603 2633 330
1658 2635 1660 2639 ,

1692 1535 1721 1550 ,μ’

1695 1551 1703 1572 .'
1708 1550 1722 1573 *f

1698 1573 1707 1582 ι,

1685 1599 1695 1609 ·
1704 1591 1721 1615 ἑ

1695 1634 1698 1635 ⁷
1702 1620 1718 1638 i*

1697 1642 1706 1660 ᾗ
1711 1652 1718 1658 ,7

1698 1711 1708 1718 ,
