1734 2784
725 122 786 128 ”-
818 110 898 152 273
938 122 991 128 -

142 194 383 245 hausimus,
417 190 720 248 expressinmS,
753 189 804 233 ad
838 205 966 248 quam
1014 205 1103 234 non
1146 190 1284 245 docti,
1334 191 1409 236 sed
1446 192 1560 247 facti,

142 282 231 310 non
263 264 465 316 instituti,
499 260 574 305 sed
606 261 761 304 imbuti
795 277 960 305 sumus,
977 278 998 301 ³)
1023 287 1081 295 —
1112 261 1197 306 Sed
1229 262 1385 306 relictis
1419 264 1565 308 ethni-

143 340 200 382 cis
233 335 319 396 (1)‚
352 334 404 378 ad
435 348 578 376 sacros
609 347 689 376 nos
738 344 1039 376 convertamus
1087 334 1321 391 scriptores
1356 352 1398 379 ».
1432 336 1566 390 Ecce,

142 409 279 453 dicam
313 422 412 450 cum
454 421 487 449 s.
521 404 769 461 Augustino
818 403 918 462 (2),
953 419 1040 463 quo
1083 416 1123 447 te
1167 406 1426 452 introduco:
1461 423 1564 451 con-

140 491 294 523 ventus
327 489 577 520 sanctorum
610 476 793 518 istorum
826 491 915 518 non
949 488 1011 519 est
1045 477 1278 521 multitudo
1311 480 1563 537 popularis;

140 567 230 595 non
262 550 405 594 solum
436 548 527 605 filii,
560 547 634 590 sed
668 561 708 591 et
742 561 879 605 patres
912 547 1123 592 Ecclesiae
1156 562 1312 594 sunt».

261 623 303 666 S.
340 623 545 664 BAsmus
579 621 778 663 MAGNUs
814 620 916 663 baec
949 619 1074 663 habet
1096 620 1180 680 (3):
1219 640 1240 662 «
1276 623 1405 667 Haud
1438 639 1568 667 excu-

141 695 223 738 sari
258 694 510 752 poterimus,
545 692 662 750 quod
706 709 751 734 ea
786 708 893 750 quae
943 692 1225 737 conducibilia
1258 708 1370 752 sunt,
1412 695 1564 740 litteris

140 782 228 810 non
261 781 413 809 sumus
448 764 601 807 edocti:
637 763 990 821 quandoquidem
1024 764 1080 820 id,
1113 765 1230 822 quod
1254 766 1356 810 utile
1384 780 1465 821 est,
1490 785 1566 826 per

138 839 278 895 legem
312 849 486 880 naturae
520 836 622 878 citra
656 835 894 878 doctrinam
928 835 1049 878 nobis
1083 836 1238 893 eligere
1272 837 1382 882 licet.
1420 856 1440 879 »

258 910 298 952 S.
334 910 590 951 AussRoffl-cs
625 906 707 965 (4)
751 925 769 947 «
803 908 919 965 Esse,
952 908 1103 966 inquit,
1150 908 1291 965 legem
1324 911 1561 954 naturalem

139 981 183 1024 in
217 979 416 1024 cordibus
450 980 627 1033 nostris,
665 980 791 1021 etiam
826 980 1062 1037 Apostolus
1097 979 1238 1033 docet,
1270 982 1343 1039 qui
1377 983 1563 1040 scripsit,

138 1053 236 1110 quia
270 1051 522 1109 plerumque
557 1063 596 1093 et
625 1059 757 1107 gomses
807 1050 1054 1093 naturaliter
1101 1066 1145 1094 ea
1184 1067 1287 1110 quae
1334 1053 1425 1110 legis
1467 1063 1565 1097 sunt

135 1123 310 1178 faciunt,
344 1131 379 1165 et
411 1137 501 1164 cum
535 1122 652 1178 legem
687 1136 765 1163 uzon
801 1121 978 1177 lcgcrint,
1013 1130 1110 1179 opus
1142 1131 1278 1165 tamen
1311 1117 1404 1181 legis
1436 1126 1560 1182 scrip-

139 1203 225 1237 tum
255 1193 399 1237 hahent
433 1195 474 1235 in
506 1191 690 1236 cordibus
722 1194 818 1236 suit.
855 1193 913 1235 Ea
947 1194 1078 1249 igitur
1125 1192 1191 1236 lex
1223 1209 1311 1237 non
1345 1194 1558 1250 scribitur,

138 1264 213 1308 sed
245 1265 489 1322 innascitur3
525 1278 601 1306 nec
635 1263 770 1321 aliqua
804 1265 1035 1322 percipitur
1064 1264 1263 1319 lectione,
1289 1265 1364 1309 sed
1389 1265 1561 1324 profluo

137 1334 326 1394 quodam
360 1347 533 1378 naturae
567 1334 683 1377 fonte
717 1336 759 1377 in
793 1335 972 1393 singulis
1002 1337 1257 1393 exprimitur
1288 1348 1328 1381 et
1361 1337 1560 1380 humanis

136 1408 318 1464 ingeniis
352 1406 542 1449 hauritur
576 1419 651 1449 etc.
688 1424 707 1446 »
748 1407 799 1448 Et
832 1406 928 1449 alibi
961 1407 1045 1466 (ς)
1088 1426 1108 1449 «
1142 1409 1316 1462 Quanta
1347 1409 1558 1462 invenies,

137 1493 226 1522 non
275 1494 366 1522 esse
409 1478 631 1521 interdicta
682 1478 773 1535 lege
822 1494 896 1536 per
939 1479 1124 1537 Moysen
1173 1479 1298 1536 edita,
1345 1492 1386 1523 et
1420 1493 1562 1523 tamen

136 1550 359 1595 interdicta
391 1562 489 1594 sunt
523 1549 706 1609 quadam
739 1567 845 1593 voce
879 1563 1065 1595 naturae.
1100 1569 1120 1591 »

258 1623 300 1667 S.
334 1623 532 1666 IOANNEs
563 1623 930 1666 CnRYsosTonus
955 1622 1168 1681 explicans
1192 1621 1295 1666 illud
1325 1641 1344 1664 «
1365 1638 1445 1666 non
1459 1623 1562 1680 fecit

137 1694 274 1738 taliter
305 1695 422 1738 omni
453 1695 616 1737 nationi
646 1711 666 1733 »
716 1694 774 1736 sic
809 1693 1025 1751 eloquitur
1062 1693 1147 1753 (6):
1202 1712 1222 1735 ι(
1256 1695 1469 1752 Scriptam
1505 1694 1563 1738 le-

135 1781 236 1823 gem
268 1764 374 1809 nulli
405 1764 474 1808 alii
508 1764 622 1809 dedit
664 1765 851 1823 (praeter
894 1765 1111 1824 Iudaeos):
1155 1765 1392 1809 naturalem
1441 1767 1556 1809 enim

136 1838 250 1880 intus
284 1837 490 1881 habebant
525 1853 676 1880 omnes
711 1850 1014 1895 personantem
1049 1837 1152 1895 quid
1175 1838 1229 1880 sit
1252 1836 1431 1895 bonum,
1456 1838 1560 1896 quid

137 1924 271 1953 secus,
308 1909 424 1953 Cum
458 1910 574 1952 enim
608 1909 806 1952 homines
856 1911 974 1952 Deus
1008 1908 1203 1967 fingeret,
1252 1909 1380 1953 simul
1430 1911 1558 1953 etiam

231 2084 288 2130 (1)
316 2084 411 2118 Vide
439 2094 555 2129 super.
577 2083 647 2118 loc.
677 2084 849 2126 Senecae,
868 2095 947 2129 pag.
971 2093 1062 2127 170„
1089 2096 1234 2119 necnon
1253 2084 1320 2119 loc.
1349 2083 1562 2119 Aristotelis

135 2155 219 2190 pag.
255 2143 327 2189 167.
360 2145 425 2186 184
452 2152 485 2178 et
514 2143 593 2186 264.

232 2203 289 2247 (2)
317 2204 426 2238 Cont.
453 2203 578 2238 Iulian.
608 2203 725 2249 pelag.
754 2203 777 2239 l.
813 2214 839 2238 1.
867 2215 896 2238 c.
925 2214 956 2248 7.
983 2216 1017 2239 n.
1047 2215 1104 2250 31.

232 2263 289 2307 (3)
316 2263 427 2298 Hom.
455 2264 516 2298 IX.
544 2263 580 2297 in
608 2264 860 2298 chaemeron
887 2275 985 2299 num.
1008 2275 1052 2309 3.,
1080 2263 1205 2309 Migne
1231 2263 1410 2310 patrolog.
1438 2273 1560 2310 graec.

137 2330 226 2356 tom.
256 2322 388 2357 XXIX.
417 2335 497 2369 pag.
533 2332 606 2368 195.

231 2382 287 2426 (4)
314 2382 353 2416 In
380 2383 442 2428 Ep.
469 2391 539 2427 73„
567 2383 690 2429 Migne
719 2383 792 2417 vol.
824 2383 875 2418 16.
902 2395 982 2429 pag.
1016 2393 1114 2426 1251.

231 2442 288 2487 (ς)
317 2442 357 2476 In
385 2442 486 2488 epist.
515 2441 584 2484 60.,
610 2443 733 2485 Migne
762 2444 806 2477 ib.
835 2455 916 2488 pag.
949 2443 1049 2485 1184.

231 2499 288 2546 (6)
316 2502 477 2536 Enarrat.
494 2502 529 2536 in
548 2513 597 2547 ps.
620 2502 797 2537 CXLVII.
818 2513 916 2536 num.
935 2513 982 2547 3.,
1001 2503 1123 2548 Migne
1151 2501 1279 2548 patrol.
1299 2513 1351 2548 gr.
1370 2510 1459 2537 tom.
1481 2499 1555 2536 LV.

140 2572 223 2608 pag.
249 2561 330 2605 482.

1425 2632 1465 2668 18
