1734 2784
763 139 814 144 —
854 114 936 156 168.
963 139 1024 145 —-

187 224 281 252 esse
328 208 535 260 veritates,
579 222 684 265 quae
731 206 801 250 tali
849 218 947 250 sunt
997 207 1206 250 evidentia
1254 206 1512 262 manifestae,
1553 220 1599 252 ut

190 279 553 323 demonstratione
585 293 673 321 non
707 278 940 336 indigeant,
991 294 1181 336 quaeque
1228 278 1407 336 proinde
1453 280 1597 338 paucis

192 350 468 394 declarandae
501 362 599 393 sunt
646 351 711 394 vel
742 351 867 393 etiam
915 350 1163 408 simpliciter
1208 350 1504 406 enuntiandae,
1536 367 1600 396 se-

193 421 320 464 cundo
355 421 427 464 lias
463 422 567 465 inter
598 423 793 465 veritates
836 421 947 464 illam
997 420 1317 480 comprehendi,
1363 439 1491 480 quam
1525 423 1602 467 hac

192 493 234 534 in
277 492 384 535 thesi
420 495 662 549 statuimus,
693 493 886 536 videlicet
920 492 1148 536 discrimen
1169 509 1259 537 esse
1282 495 1392 537 inter
1413 495 1600 538 actiones

201 564 330 607 bonas
364 580 408 607 ac
441 564 587 617 malas,
632 580 704 608 seu
740 566 916 608 existere
962 565 1262 608 moralitatem.
1311 566 1432 609 Hanc
1472 567 1603 623 igitur

198 634 355 678 thesim
400 635 581 679 breviter
627 652 708 678 una
756 637 933 679 alterave
980 635 1159 679 adducta
1205 638 1365 680 ratione
1414 637 1602 681 declara-

187 707 341 750 bimus.

312 779 560 822 Declaratur
593 792 735 823 autem
765 779 806 838 α)
826 797 875 823 ex
899 796 1108 823 consensu
1132 780 1360 823 hominum
1386 781 1601 839 uniformi,

192 851 421 893 universali
443 863 482 893 et
504 854 704 894 constanti
720 851 805 909 (Ι).
830 853 889 895 Ut
922 852 1035 894 enim
1060 853 1100 894 in
1129 851 1254 894 liuius
1279 852 1426 909 capitis
1449 868 1602 909 prooe-

188 921 278 963 mio
302 921 598 978 innuebamus,
622 938 771 965 omnes
805 938 903 965 sane
926 923 1081 981 ubique
1114 936 1154 966 et
1176 938 1344 980 semper
1381 924 1601 966 existima-

186 1005 301 1044 runt,
335 1008 425 1036 esse
458 993 616 1051 aliquas
651 995 836 1037 actiones
870 994 1088 1037 moraliter
1137 993 1266 1037 bonas
1299 1006 1339 1036 et
1378 1009 1471 1036 esse
1504 992 1602 1038 alias

186 1064 401 1106 moraliter
434 1065 585 1108 malas:
620 1081 749 1108 nemo
785 1081 990 1123 umquam
1024 1081 1123 1108 vere
1156 1078 1197 1108 et
1229 1081 1278 1107 ex
1312 1065 1461 1108 animo
1495 1061 1603 1107 affir-

190 1137 334 1188 mavit,
369 1149 483 1178 actus
517 1136 729 1179 humanos
779 1153 929 1180 omnes
978 1153 1069 1179 esse
1116 1152 1166 1179 ex
1199 1152 1334 1193 aequo
1388 1136 1605 1179 moraliter

188 1206 493 1250 indifferentes.
531 1209 806 1264 Iamvero‚ut
840 1221 950 1251 recte
984 1209 1039 1250 ait
1074 1209 1231 1251 Seneca
1263 1207 1348 1265 (2),
1371 1225 1392 1247 «
1415 1207 1604 1250 veritatis

191 1290 495 1334 argumentum
529 1292 605 1332 est,
639 1278 794 1335 aliquid
828 1278 1026 1321 omnibus
1069 1277 1216 1321 videri.
1250 1295 1272 1317 »
1311 1277 1445 1329 Quod
1479 1293 1604 1335 prae-

168 1350 337 1392 sertim
371 1350 497 1403 valet,
532 1350 702 1407 quando
751 1366 830 1407 res,
881 1351 987 1393 circa
1036 1365 1164 1407 quam
1206 1349 1403 1392 homines
1451 1364 1603 1392 omnes

192 1423 478 1478 consentiunt,
511 1423 563 1464 sit
597 1421 753 1479 aliquid
786 1421 993 1464 voluntati
1017 1420 1263 1473 molestum,
1291 1435 1446 1476 nempe
1468 1418 1603 1462 infen-

194 1508 291 1534 sum
325 1494 374 1535 iis
409 1493 676 1550 passionibus
724 1510 797 1536 seu
847 1492 1162 1551 cupiditatibu8‚
1209 1490 1361 1549 quibus
1407 1491 1604 1534 voluntas

198 1565 362 1607 moveri
411 1565 519 1608 solet
567 1565 616 1608 ad
663 1581 882 1608 assensum
932 1563 1257 1622 imperandum:
1304 1563 1362 1618 id,
1414 1562 1531 1620 quod
1562 1563 1604 1604 in

193 1649 339 1678 nostra
372 1637 446 1679 liac
480 1639 728 1694 quaestione
762 1637 981 1693 contingit.
1016 1636 1129 1678 Hinc
1152 1635 1265 1677 enim
1289 1635 1348 1676 sic
1371 1648 1604 1691 possumus

198 1723 390 1763 arguere.
415 1708 655 1751 Intellectus
679 1708 983 1751 determinatur
1011 1706 1062 1749 ad
1085 1721 1305 1749 assensum
1328 1704 1394 1748 vel
1417 1704 1465 1747 ab
1491 1703 1604 1747 obie-

193 1779 304 1820 ctiva
337 1778 542 1821 evidentia
575 1780 634 1821 rei
666 1778 732 1822 vel
765 1795 785 1821 a
808 1777 1037 1821 subiectiva
1060 1778 1253 1819 motione
1276 1776 1505 1818 voluntatis
1524 1775 1602 1833 (3).

300 1962 361 2005 (1)
388 1962 564 2007 Apposite
592 1962 786 2008 Taparelli‚
814 1962 928 2008 saggio
955 1961 1107 1995 teoretiro
1136 1960 1170 1994 di
1193 1959 1309 1993 dfritto
1347 1959 1504 1993 naturale
1534 1958 1605 1992 dis-

194 2031 280 2056 sert.
304 2022 326 2054 Ι.
349 2033 424 2067 cap.
453 2022 523 2056 IV.:
555 2037 571 2052 κ
590 2022 734 2056 Trovisi
761 2034 807 2055 un
833 2021 1076 2063 vocabolario,
1103 2033 1120 2054 a
1150 2021 1206 2054 cui
1232 2018 1429 2053 manchino
1455 2017 1488 2052 le
1523 2017 1604 2051 voci

197 2081 233 2114 di
258 2082 363 2123 virtic,
389 2082 560 2126 giustizia,
588 2087 813 2127 temperanqa,
840 2082 942 2125 vizio,
970 2080 1109 2127 empielc'z
1136 2090 1219 2120 ecc„
1234 2078 1276 2112 ed
1307 2077 1418 2112 allora
1436 2085 1604 2122 potremo

195 2140 406 2175 richiamare
434 2142 469 2174 in
509 2141 641 2175 dubbio
671 2141 880 2175 l'universal
916 2151 1092 2175 consenso
1127 2139 1218 2173 delle
1246 2138 1356 2184 genti.
1396 2136 1440 2171 V.
1468 2135 1603 2170 Cousin

191 2209 285 2234 tom.
316 2200 362 2234 ΙΙ.
390 2199 454 2243 lec.
483 2210 541 2233 20.
562 2214 580 2232 2>
608 2199 666 2234 Cf.
694 2201 801 2234 etiam
830 2199 985 2241 Balmcs,
1013 2199 1091 2234 Eth.
1118 2209 1191 2243 cap.
1219 2198 1246 2232 Ι.

289 2262 343 2303 (2)
370 2261 434 2305 Ep.
452 2270 541 2304 117.:
564 2275 581 2290 «
598 2259 701 2305 Apud
720 2271 786 2293 nos
804 2261 962 2294 veritatis
980 2268 1232 2305 argumentum
1251 2266 1314 2300 est,
1333 2255 1465 2302 aliquid
1483 2254 1604 2289 omni-

197 2320 263 2353 bus
288 2320 413 2353 videri:
434 2328 619 2366 tamquam
644 2320 742 2354 Deos
761 2331 837 2353 esse
863 2321 953 2353 inter
978 2319 1045 2352 alia
1065 2319 1113 2352 sic
1132 2317 1352 2363 colligimus,
1371 2314 1467 2361 quod
1485 2313 1606 2348 omni-

197 2379 264 2411 bus
292 2379 334 2412 de
347 2378 425 2412 Diis
451 2379 574 2424 opinio
603 2379 706 2413 insita
732 2388 796 2419 est,
822 2390 888 2412 nec
916 2378 986 2412 ulla
1015 2389 1104 2423 gens
1129 2387 1281 2422 usquam
1308 2383 1360 2409 est
1385 2374 1476 2408 adeo
1507 2382 1604 2407 extra

204 2438 301 2483 leges
329 2451 520 2485 moresque
547 2441 720 2485 proiecta,
749 2448 787 2473 ut
810 2451 883 2473 non
903 2439 1041 2484 aliquos
1059 2439 1160 2472 Deos
1179 2435 1309 2470 credat.
1329 2435 1422 2469 Cum
1449 2433 1492 2467 de
1519 2432 1603 2466 ani-

193 2509 335 2531 marum
364 2500 572 2534 aeternitate
597 2499 816 2541 disserimus,
842 2510 915 2533 non
943 2498 1020 2533 leve
1046 2504 1275 2531 momentum
1303 2493 1395 2540 apud
1415 2503 1481 2526 nos
1498 2490 1604 2525 habet

193 2567 397 2591 consensus
423 2557 612 2592 hominum
639 2567 697 2593 aut
722 2557 927 2592 timentium
954 2556 1101 2598 inferos,
1127 2563 1186 2589 aut
1212 2553 1422 2589 colentium.
1442 2566 1460 2582 »

295 2616 351 2659 (3)
379 2616 471 2649 Vide
497 2628 610 2661 super.
638 2627 719 2661 pag.
752 2626 825 2660 ¹23-
856 2615 979 2650 adnot.
1007 2625 1040 2656 4.
