1734 2784
745 132 798 138 ,.
831 120 916 162 422
950 131 1007 140 ,-

163 214 327 245 tantum
371 200 660 257 probabilis».
695 201 769 244 Est
817 200 976 245 scilicet
1027 200 1276 259 appellanda
1327 200 1590 246 conscientia

163 274 330 330 practice
365 281 488 315 certa.

282 345 333 386 V.
370 345 430 386 De
461 345 699 387 conscientia
730 345 935 402 perplexa.
971 345 1061 398 Qui
1107 345 1411 388 conscientiam
1460 344 1589 388 habet

167 414 430 471 perplexam,
463 415 496 457 is
536 415 612 473 1.⁰)
644 416 875 471 actionem,
912 416 945 458 si
981 428 1138 473 potest,
1173 416 1418 474 suspendat,
1450 416 1592 460 donec

164 485 229 528 vel
246 486 417 543 propria
437 486 713 543 inquisitione
732 487 795 529 vel
817 488 1092 543 sapientiores
1113 486 1377 531 consulendo
1395 500 1590 546 emergat

164 572 185 598 a
207 568 331 613 statu,
348 557 390 599 in
413 572 500 614 quo
524 570 635 600 certe
654 558 877 615 reperitur,
897 574 1097 601 erroneae
1121 560 1418 604 conscientiae.
1439 559 1520 618 2.⁰)
1539 560 1584 603 Si

164 628 377 670 actionem
409 628 669 685 suspendere
703 642 881 686 nequeat
917 645 991 672 seu
1025 630 1133 673 adsit
1156 632 1383 674 necessitas
1417 631 1589 688 agendi,

163 698 289 755 eligat
303 698 357 752 id,
376 698 492 756 quod
512 700 652 742 minus
673 700 833 743 malum
856 700 1038 754 videtur,
1057 717 1143 744 non
1164 702 1337 759 quidem
1357 715 1403 744 ut
1421 701 1581 744 malum

163 782 311 827 patret,
344 770 417 814 sed
451 783 496 813 ut
529 772 681 827 magis,
716 785 923 828 quantum
958 785 1123 829 potest,
1159 789 1179 815 a
1228 772 1339 815 malo
1388 772 1587 818 declinet.

164 839 243 898 3.⁰)
277 842 322 885 Si
354 854 534 899 nequeat
568 842 671 899 quid
704 844 757 885 sit
791 845 932 885 minus
969 844 1129 887 malum
1165 844 1417 898 discernere,
1451 844 1580 902 quid-

161 914 263 970 quid
295 913 434 971 eligat‚
466 930 554 957 non
587 914 802 972 peccabit:
838 917 1073 959 necessaria
1097 917 1211 959 enim
1235 916 1285 959 ad
1320 916 1584 974 peccandum

162 984 350 1028 conditio
385 997 447 1028 est
480 985 646 1028 libertas
680 985 730 1029 ad
764 985 927 1029 bonum
978 999 1017 1029 et
1067 985 1118 1029 ad
1159 987 1335 1041 malum,
1371 1003 1476 1045 quae
1524 986 1584 1030 illi

159 1056 201 1097 in
233 1055 303 1098 tali
338 1057 491 1099 mentis
526 1069 636 1099 statu
678 1057 810 1101 deest.

279 1129 353 1171 VI.
388 1129 448 1171 De
481 1131 721 1172 conscientia
755 1138 906 1186 tenera,
942 1129 1055 1186 laxa,
1090 1129 1341 1187 scrupulosa.
1375 1130 1440 1172 De
1464 1129 1585 1174 hisce

158 1199 440 1242 conscientiae
474 1199 652 1242 statibus
690 1215 821 1257 pauca
856 1217 905 1243 ex
940 1201 1023 1243 iam
1060 1200 1184 1243 dictis
1224 1200 1581 1244 animadvertam.

161 1271 251 1323 Qui
284 1272 589 1314 conscientiam
624 1271 747 1314 habet
789 1272 952 1321 laxam,
988 1271 1070 1315 hoc
1119 1274 1264 1315 animo
1315 1285 1493 1329 reputet,
1528 1273 1579 1316 ad

160 1353 270 1384 recte
302 1342 517 1399 agendum
550 1344 701 1400 requiri
748 1343 1047 1386 certitudinem
1097 1342 1305 1386 moralem
1345 1343 1396 1386 cle
1441 1343 1583 1387 hone-

158 1425 263 1456 state
294 1414 488 1467 actionis,
524 1430 652 1471 quam
690 1415 989 1457 certitudinem
1025 1414 1235 1457 moralem
1270 1415 1359 1471 ipse
1383 1415 1426 1457 in
1460 1414 1581 1457 mul-

159 1487 226 1539 tis,
259 1486 293 1527 si
326 1502 416 1529 rem
449 1485 555 1529 bene
589 1486 838 1543 perpendat,
863 1501 949 1528 non
985 1486 1120 1530 habet:
1157 1485 1225 1529 ille
1259 1498 1402 1529 autem
1426 1503 1447 1529 e
1471 1501 1583 1530 con-

158 1558 302 1614 trario,
320 1559 393 1615 qui
412 1558 713 1600 conscientiam
733 1556 857 1600 habet
874 1558 1165 1615 scrupulosam,
1186 1557 1312 1600 huius
1332 1558 1584 1600 meminerit

160 1629 374 1686 principii,
418 1629 468 1672 ad
519 1641 738 1686 peccatum
786 1628 1006 1672 vitandum
1054 1629 1228 1687 sufficere
1278 1628 1578 1673 certitudinem

159 1699 364 1742 moralem
390 1699 440 1743 de
463 1699 643 1742 liceitate
668 1700 863 1756 actionis,
887 1715 1014 1757 quam
1040 1699 1339 1743 certitudinem
1367 1699 1575 1743 moralem

158 1770 247 1827 ipse
279 1783 325 1814 ut
357 1771 593 1828 plurimum
629 1770 767 1813 habet.
803 1772 902 1814 Duo
936 1772 1066 1828 igitur
1098 1771 1253 1814 vitiosa
1285 1782 1473 1814 extrema
1506 1771 1580 1815 vi-

158 1854 315 1894 temus,
350 1842 642 1900 mediumque,
676 1845 718 1885 in
751 1858 836 1900 quo
871 1841 1076 1900 perfectio
1111 1855 1190 1896 est,
1215 1855 1450 1897 teneamu3‚
1475 1859 1575 1887 con-

160 1914 380 1958 scientiam
413 1915 571 1958 scilicet
604 1927 761 1958 rectam
795 1927 835 1958 et
868 1914 916 1957 ab
950 1915 1143 1958 inanibus
1177 1915 1452 1958 anxietatibus
1475 1914 1581 1959 libe-

159 1999 266 2040 ram,
302 1985 584 2044 eamdemque
617 1986 659 2027 in
694 1985 893 2028 omnibus
943 1998 1159 2044 tamquam
1197 1997 1333 2029 tutam
1381 1985 1576 2043 regulam

157 2067 384 2099 sectemur.
419 2057 479 2100 Ita
511 2055 595 2110 fiet,
631 2068 677 2099 ut
710 2072 732 2099 a
763 2068 951 2114 peccato,
986 2056 1103 2114 quod
1140 2072 1364 2099 summum
1412 2055 1578 2099 malum

154 2139 221 2170 est
255 2129 483 2186 omnisque
517 2128 614 2171 mali
649 2144 785 2180 causa,
821 2140 1062 2171 constanter
1095 2126 1394 2171 abstineamus.

1688 948 1730 1039 ‘il
