<?xml version="1.0" encoding="UTF-8"?>
<!DOCTYPE html PUBLIC "-//W3C//DTD XHTML 1.0 Transitional//EN"
    "http://www.w3.org/TR/xhtml1/DTD/xhtml1-transitional.dtd">
<html xmlns="http://www.w3.org/1999/xhtml" xml:lang="en" lang="en">
 <head>
  <title>
</title>
<meta http-equiv="Content-Type" content="text/html;charset=utf-8" />
  <meta name='ocr-system' content='tesseract 3.04.00' />
  <meta name='ocr-capabilities' content='ocr_page ocr_carea ocr_par ocr_line ocrx_word'/>
</head>
<body>
  <div class='ocr_page' id='page_1' title='image "./institutionesphi01ferr_0296.png"; bbox 0 0 1734 2784; ppageno 0'>
   <div class='ocr_carea' id='block_1_1' title="bbox 755 85 1017 139">
    <p class='ocr_par' dir='ltr' id='par_1_1' title="bbox 755 85 1017 139">
     <span class='ocr_line' id='line_1_1' title="bbox 755 85 1017 139; baseline 0 -23"><span class='ocrx_word' id='word_1_1' title='bbox 755 85 1017 139; x_wconf 76' lang='lat'><em>-275-</em></span> 
     </span>
    </p>
   </div>
   <div class='ocr_carea' id='block_1_2' title="bbox 166 178 1598 1657">
    <p class='ocr_par' dir='ltr' id='par_1_2' title="bbox 166 178 1597 379">
     <span class='ocr_line' id='line_1_2' title="bbox 168 178 1597 237; baseline 0 -15"><span class='ocrx_word' id='word_1_2' title='bbox 168 179 319 224; x_wconf 75' lang='lat' dir='ltr'>lebant.</span> <span class='ocrx_word' id='word_1_3' title='bbox 354 179 617 237; x_wconf 79' lang='lat' dir='ltr'>Appositum</span> <span class='ocrx_word' id='word_1_4' title='bbox 651 190 714 222; x_wconf 88' lang='lat' dir='ltr'>est</span> <span class='ocrx_word' id='word_1_5' title='bbox 749 178 883 222; x_wconf 81' lang='lat' dir='ltr'>oculis</span> <span class='ocrx_word' id='word_1_6' title='bbox 918 194 1084 231; x_wconf 85' lang='lat' dir='ltr'>eorum,</span> <span class='ocrx_word' id='word_1_7' title='bbox 1120 179 1236 236; x_wconf 88' lang='lat' dir='ltr'>quod</span> <span class='ocrx_word' id='word_1_8' title='bbox 1270 179 1311 221; x_wconf 89' lang='lat' dir='ltr'>in</span> <span class='ocrx_word' id='word_1_9' title='bbox 1337 179 1597 223; x_wconf 88' lang='lat' dir='ltr'>conscientia</span> 
     </span>
     <span class='ocr_line' id='line_1_3' title="bbox 166 250 1592 308; baseline 0 -14"><span class='ocrx_word' id='word_1_10' title='bbox 166 251 310 295; x_wconf 71' lang='lat' dir='ltr'>videre</span> <span class='ocrx_word' id='word_1_11' title='bbox 344 263 617 307; x_wconf 72' lang='lat' dir='ltr'>cogerentur,</span> <span class='ocrx_word' id='word_1_12' title='bbox 651 262 691 293; x_wconf 91' lang='lat' dir='ltr'>et</span> <span class='ocrx_word' id='word_1_13' title='bbox 725 251 843 308; x_wconf 84' lang='lat' dir='ltr'>quasi</span> <span class='ocrx_word' id='word_1_14' title='bbox 877 250 1115 293; x_wconf 84' lang='lat' dir='ltr'>forinsecus</span> <span class='ocrx_word' id='word_1_15' title='bbox 1149 250 1321 292; x_wconf 87' lang='lat' dir='ltr'>admota</span> <span class='ocrx_word' id='word_1_16' title='bbox 1353 265 1458 293; x_wconf 86' lang='lat' dir='ltr'>voce</span> <span class='ocrx_word' id='word_1_17' title='bbox 1490 251 1592 304; x_wconf 83' lang='lat' dir='ltr'>Dei,</span> 
     </span>
     <span class='ocr_line' id='line_1_4' title="bbox 169 320 1190 379; baseline -0.003 -13"><span class='ocrx_word' id='word_1_18' title='bbox 169 322 219 366; x_wconf 86' lang='lat' dir='ltr'>ad</span> <span class='ocrx_word' id='word_1_19' title='bbox 255 322 458 364; x_wconf 83' lang='lat' dir='ltr'>interiora</span> <span class='ocrx_word' id='word_1_20' title='bbox 491 337 565 364; x_wconf 86' lang='lat' dir='ltr'>sua</span> <span class='ocrx_word' id='word_1_21' title='bbox 597 320 733 364; x_wconf 88' lang='lat' dir='ltr'>homo</span> <span class='ocrx_word' id='word_1_22' title='bbox 769 320 1018 379; x_wconf 82' lang='lat' dir='ltr'>compulsus</span> <span class='ocrx_word' id='word_1_23' title='bbox 1056 334 1131 363; x_wconf 82' lang='lat' dir='ltr'>est.</span> <span class='ocrx_word' id='word_1_24' title='bbox 1168 338 1190 360; x_wconf 91' lang='lat'><strong><em>»</em></strong></span> 
     </span>
    </p>

    <p class='ocr_par' dir='ltr' id='par_1_3' title="bbox 167 392 1597 1165">
     <span class='ocr_line' id='line_1_5' title="bbox 290 392 1593 451; baseline -0.002 -15"><span class='ocrx_word' id='word_1_25' title='bbox 290 394 332 436; x_wconf 88' lang='lat' dir='ltr'>S.</span> <span class='ocrx_word' id='word_1_26' title='bbox 367 394 671 436; x_wconf 75' lang='lat' dir='ltr'>H113RONYMUS</span> <span class='ocrx_word' id='word_1_27' title='bbox 705 392 777 451; x_wconf 86' lang='lat'>(1)</span> <span class='ocrx_word' id='word_1_28' title='bbox 810 394 869 436; x_wconf 90' lang='lat' dir='ltr'>sic</span> <span class='ocrx_word' id='word_1_29' title='bbox 903 392 1083 436; x_wconf 81' lang='lat' dir='ltr'>disserit:</span> <span class='ocrx_word' id='word_1_30' title='bbox 1125 410 1145 433; x_wconf 86' lang='lat'>«</span> <span class='ocrx_word' id='word_1_31' title='bbox 1167 392 1421 435; x_wconf 77' lang='lat' dir='ltr'>Naturaiem</span> <span class='ocrx_word' id='word_1_32' title='bbox 1452 392 1593 449; x_wconf 83' lang='lat' dir='ltr'>legem</span> 
     </span>
     <span class='ocr_line' id='line_1_6' title="bbox 169 462 1596 523; baseline 0 -17"><span class='ocrx_word' id='word_1_33' title='bbox 169 466 373 523; x_wconf 73' lang='lat' dir='ltr'>scriptam</span> <span class='ocrx_word' id='word_1_34' title='bbox 409 465 449 507; x_wconf 91' lang='lat' dir='ltr'>in</span> <span class='ocrx_word' id='word_1_35' title='bbox 486 463 686 507; x_wconf 80' lang='lat' dir='ltr'>cordibus</span> <span class='ocrx_word' id='word_1_36' title='bbox 720 465 894 521; x_wconf 87' lang='lat' dir='ltr'>nostris,</span> <span class='ocrx_word' id='word_1_37' title='bbox 928 465 1042 507; x_wconf 76' lang='lat' dir='ltr'>idem</span> <span class='ocrx_word' id='word_1_38' title='bbox 1077 464 1313 521; x_wconf 81' lang='lat' dir='ltr'>Apostolus</span> <span class='ocrx_word' id='word_1_39' title='bbox 1349 463 1474 506; x_wconf 84' lang='lat' dir='ltr'>docet</span> <span class='ocrx_word' id='word_1_40' title='bbox 1509 462 1596 521; x_wconf 86' lang='lat'>(2).</span> 
     </span>
     <span class='ocr_line' id='line_1_7' title="bbox 168 535 1597 593; baseline -0.002 -14"><span class='ocrx_word' id='word_1_41' title='bbox 168 537 228 579; x_wconf 88' lang='lat' dir='ltr'>Ita</span> <span class='ocrx_word' id='word_1_42' title='bbox 260 536 340 589; x_wconf 80' lang='lat' dir='ltr'>lex,</span> <span class='ocrx_word' id='word_1_43' title='bbox 376 551 482 593; x_wconf 86' lang='lat' dir='ltr'>quae</span> <span class='ocrx_word' id='word_1_44' title='bbox 517 536 558 578; x_wconf 90' lang='lat' dir='ltr'>in</span> <span class='ocrx_word' id='word_1_45' title='bbox 593 535 719 579; x_wconf 90' lang='lat' dir='ltr'>corde</span> <span class='ocrx_word' id='word_1_46' title='bbox 753 535 963 588; x_wconf 73' lang='lat' dir='ltr'>scribitur,</span> <span class='ocrx_word' id='word_1_47' title='bbox 991 551 1143 578; x_wconf 87' lang='lat' dir='ltr'>omnes</span> <span class='ocrx_word' id='word_1_48' title='bbox 1169 536 1358 578; x_wconf 85' lang='lat' dir='ltr'>continet</span> <span class='ocrx_word' id='word_1_49' title='bbox 1382 535 1597 591; x_wconf 79' lang='lat' dir='ltr'>nationes,</span> 
     </span>
     <span class='ocr_line' id='line_1_8' title="bbox 170 606 1596 665; baseline -0.002 -14"><span class='ocrx_word' id='word_1_50' title='bbox 170 619 210 650; x_wconf 87' lang='lat' dir='ltr'>et</span> <span class='ocrx_word' id='word_1_51' title='bbox 243 606 384 650; x_wconf 83' lang='lat' dir='ltr'>nullus</span> <span class='ocrx_word' id='word_1_52' title='bbox 419 606 649 649; x_wconf 85' lang='lat' dir='ltr'>hominum</span> <span class='ocrx_word' id='word_1_53' title='bbox 683 620 760 664; x_wconf 86' lang='lat' dir='ltr'>est,</span> <span class='ocrx_word' id='word_1_54' title='bbox 800 608 872 665; x_wconf 87' lang='lat' dir='ltr'>qui</span> <span class='ocrx_word' id='word_1_55' title='bbox 922 606 1027 650; x_wconf 85' lang='lat' dir='ltr'>hanc</span> <span class='ocrx_word' id='word_1_56' title='bbox 1070 607 1211 664; x_wconf 81' lang='lat' dir='ltr'>legem</span> <span class='ocrx_word' id='word_1_57' title='bbox 1259 607 1477 650; x_wconf 55' lang='lat' dir='ltr'>nesciae...</span> <span class='ocrx_word' id='word_1_58' title='bbox 1513 606 1596 648; x_wconf 83' lang='lat' dir='ltr'>Per</span> 
     </span>
     <span class='ocr_line' id='line_1_9' title="bbox 170 677 1593 736; baseline -0.001 -15"><span class='ocrx_word' id='word_1_59' title='bbox 170 680 277 722; x_wconf 86' lang='lat' dir='ltr'>hanc</span> <span class='ocrx_word' id='word_1_60' title='bbox 310 677 543 721; x_wconf 76' lang='lat' dir='ltr'>naturalem</span> <span class='ocrx_word' id='word_1_61' title='bbox 576 678 717 736; x_wconf 84' lang='lat' dir='ltr'>legem</span> <span class='ocrx_word' id='word_1_62' title='bbox 751 692 792 722; x_wconf 90' lang='lat' dir='ltr'>et</span> <span class='ocrx_word' id='word_1_63' title='bbox 826 679 934 722; x_wconf 86' lang='lat' dir='ltr'>Cain</span> <span class='ocrx_word' id='word_1_64' title='bbox 969 679 1171 735; x_wconf 76' lang='lat' dir='ltr'>cognovit</span> <span class='ocrx_word' id='word_1_65' title='bbox 1206 690 1429 735; x_wconf 86' lang='lat' dir='ltr'>peccatum</span> <span class='ocrx_word' id='word_1_66' title='bbox 1463 693 1593 719; x_wconf 86' lang='lat' dir='ltr'>suum</span> 
     </span>
     <span class='ocr_line' id='line_1_10' title="bbox 172 749 1596 808; baseline -0.001 -15"><span class='ocrx_word' id='word_1_67' title='bbox 172 751 329 802; x_wconf 83' lang='lat' dir='ltr'>dicens,</span> <span class='ocrx_word' id='word_1_68' title='bbox 381 751 521 793; x_wconf 73' lang='lat' dir='ltr'>Maior</span> <span class='ocrx_word' id='word_1_69' title='bbox 568 759 622 793; x_wconf 74' lang='lat' dir='ltr'>est</span> <span class='ocrx_word' id='word_1_70' title='bbox 656 750 850 808; x_wconf 72' lang='lat' dir='ltr'>iniqnitas</span> <span class='ocrx_word' id='word_1_71' title='bbox 897 765 998 807; x_wconf 74' lang='lat' dir='ltr'>mm,</span> <span class='ocrx_word' id='word_1_72' title='bbox 1045 765 1168 808; x_wconf 70' lang='lat' dir='ltr'>qnam</span> <span class='ocrx_word' id='word_1_73' title='bbox 1203 759 1247 792; x_wconf 72' lang='lat' dir='ltr'>ut</span> <span class='ocrx_word' id='word_1_74' title='bbox 1291 749 1491 792; x_wconf 75' lang='lat' dir='ltr'>dimittar.</span> <span class='ocrx_word' id='word_1_75' title='bbox 1542 749 1596 792; x_wconf 87' lang='lat' dir='ltr'>Et</span> 
     </span>
     <span class='ocr_line' id='line_1_11' title="bbox 170 821 1597 878; baseline -0.002 -13"><span class='ocrx_word' id='word_1_76' title='bbox 170 821 306 865; x_wconf 86' lang='lat' dir='ltr'>Adam</span> <span class='ocrx_word' id='word_1_77' title='bbox 342 833 381 864; x_wconf 89' lang='lat' dir='ltr'>et</span> <span class='ocrx_word' id='word_1_78' title='bbox 415 821 501 863; x_wconf 84' lang='lat' dir='ltr'>Eva</span> <span class='ocrx_word' id='word_1_79' title='bbox 535 833 833 878; x_wconf 82' lang='lat' dir='ltr'>cognoverunt</span> <span class='ocrx_word' id='word_1_80' title='bbox 868 834 1088 878; x_wconf 79' lang='lat' dir='ltr'>peccatum</span> <span class='ocrx_word' id='word_1_81' title='bbox 1122 836 1265 876; x_wconf 82' lang='lat' dir='ltr'>suum,</span> <span class='ocrx_word' id='word_1_82' title='bbox 1299 833 1338 863; x_wconf 89' lang='lat' dir='ltr'>et</span> <span class='ocrx_word' id='word_1_83' title='bbox 1369 831 1597 878; x_wconf 83' lang='lat' dir='ltr'>propterea.</span> 
     </span>
     <span class='ocr_line' id='line_1_12' title="bbox 171 891 1591 950; baseline -0.002 -14"><span class='ocrx_word' id='word_1_84' title='bbox 171 891 407 936; x_wconf 83' lang='lat' dir='ltr'>absconditi</span> <span class='ocrx_word' id='word_1_85' title='bbox 439 904 538 935; x_wconf 88' lang='lat' dir='ltr'>sunt</span> <span class='ocrx_word' id='word_1_86' title='bbox 573 892 650 936; x_wconf 89' lang='lat' dir='ltr'>sub</span> <span class='ocrx_word' id='word_1_87' title='bbox 683 892 803 949; x_wconf 78' lang='lat' dir='ltr'>ligno</span> <span class='ocrx_word' id='word_1_88' title='bbox 827 895 947 936; x_wconf 79' lang='lat' dir='ltr'>vitae.</span> <span class='ocrx_word' id='word_1_89' title='bbox 974 892 1141 935; x_wconf 79' lang='lat' dir='ltr'>Pharao</span> <span class='ocrx_word' id='word_1_90' title='bbox 1166 907 1339 950; x_wconf 85' lang='lat' dir='ltr'>quoque</span> <span class='ocrx_word' id='word_1_91' title='bbox 1362 904 1591 949; x_wconf 83' lang='lat' dir='ltr'>antequam</span> 
     </span>
     <span class='ocr_line' id='line_1_13' title="bbox 169 963 1595 1022; baseline -0.001 -16"><span class='ocrx_word' id='word_1_92' title='bbox 169 964 234 1008; x_wconf 87' lang='lat' dir='ltr'>lex</span> <span class='ocrx_word' id='word_1_93' title='bbox 268 964 438 1007; x_wconf 85' lang='lat' dir='ltr'>daretur</span> <span class='ocrx_word' id='word_1_94' title='bbox 472 979 545 1021; x_wconf 89' lang='lat' dir='ltr'>per</span> <span class='ocrx_word' id='word_1_95' title='bbox 592 964 793 1022; x_wconf 80' lang='lat' dir='ltr'>Moysen,</span> <span class='ocrx_word' id='word_1_96' title='bbox 842 963 1086 1006; x_wconf 85' lang='lat' dir='ltr'>stimulatus</span> <span class='ocrx_word' id='word_1_97' title='bbox 1136 963 1228 1020; x_wconf 78' lang='lat' dir='ltr'>lege</span> <span class='ocrx_word' id='word_1_98' title='bbox 1277 975 1466 1020; x_wconf 83' lang='lat' dir='ltr'>naturae,</span> <span class='ocrx_word' id='word_1_99' title='bbox 1517 977 1595 1004; x_wconf 84' lang='lat' dir='ltr'>sua</span> 
     </span>
     <span class='ocr_line' id='line_1_14' title="bbox 172 1033 1594 1091; baseline -0.003 -13"><span class='ocrx_word' id='word_1_100' title='bbox 172 1036 349 1078; x_wconf 86' lang='lat' dir='ltr'>crimina</span> <span class='ocrx_word' id='word_1_101' title='bbox 382 1033 608 1078; x_wconf 86' lang='lat' dir='ltr'>confitetur</span> <span class='ocrx_word' id='word_1_102' title='bbox 641 1047 681 1078; x_wconf 90' lang='lat' dir='ltr'>et</span> <span class='ocrx_word' id='word_1_103' title='bbox 716 1034 831 1090; x_wconf 81' lang='lat' dir='ltr'>dicit,</span> <span class='ocrx_word' id='word_1_104' title='bbox 867 1036 1071 1077; x_wconf 71' lang='lat' dir='ltr'>Dominus</span> <span class='ocrx_word' id='word_1_105' title='bbox 1105 1036 1253 1090; x_wconf 70' lang='lat' dir='ltr'>instas,</span> <span class='ocrx_word' id='word_1_106' title='bbox 1291 1049 1357 1091; x_wconf 77' lang='lat' dir='ltr'>ego</span> <span class='ocrx_word' id='word_1_107' title='bbox 1390 1042 1526 1076; x_wconf 71' lang='lat' dir='ltr'>antem</span> <span class='ocrx_word' id='word_1_108' title='bbox 1557 1040 1594 1075; x_wconf 73' lang='lat' dir='ltr'>et</span> 
     </span>
     <span class='ocr_line' id='line_1_15' title="bbox 167 1106 703 1165; baseline -0.004 -17"><span class='ocrx_word' id='word_1_109' title='bbox 167 1106 343 1165; x_wconf 66' lang='lat' dir='ltr'>populus</span> <span class='ocrx_word' id='word_1_110' title='bbox 377 1121 488 1148; x_wconf 76' lang='lat' dir='ltr'>meus</span> <span class='ocrx_word' id='word_1_111' title='bbox 524 1107 648 1164; x_wconf 71' lang='lat' dir='ltr'>impii.</span> <span class='ocrx_word' id='word_1_112' title='bbox 684 1123 703 1146; x_wconf 90' lang='lat'>»</span> 
     </span>
    </p>

    <p class='ocr_par' dir='ltr' id='par_1_4' title="bbox 169 1175 1598 1657">
     <span class='ocr_line' id='line_1_16' title="bbox 287 1175 1593 1235; baseline -0.002 -15"><span class='ocrx_word' id='word_1_113' title='bbox 287 1178 328 1220; x_wconf 88' lang='lat' dir='ltr'>S.</span> <span class='ocrx_word' id='word_1_114' title='bbox 363 1178 544 1220; x_wconf 81' lang='lat' dir='ltr'>PAULUS</span> <span class='ocrx_word' id='word_1_115' title='bbox 578 1178 845 1222; x_wconf 76' lang='lat' dir='ltr'>AposTOLUs</span> <span class='ocrx_word' id='word_1_116' title='bbox 880 1177 950 1235; x_wconf 74' lang='lat'>(3)</span> <span class='ocrx_word' id='word_1_117' title='bbox 986 1177 1085 1219; x_wconf 81' lang='lat' dir='ltr'>haec</span> <span class='ocrx_word' id='word_1_118' title='bbox 1120 1176 1257 1219; x_wconf 83' lang='lat' dir='ltr'>habet:</span> <span class='ocrx_word' id='word_1_119' title='bbox 1293 1176 1450 1219; x_wconf 83' lang='lat' dir='ltr'>«Cum</span> <span class='ocrx_word' id='word_1_120' title='bbox 1474 1175 1593 1218; x_wconf 86' lang='lat' dir='ltr'>enim</span> 
     </span>
     <span class='ocr_line' id='line_1_17' title="bbox 172 1245 1592 1305; baseline -0.002 -14"><span class='ocrx_word' id='word_1_121' title='bbox 172 1248 349 1304; x_wconf 78' lang='lat' dir='ltr'>Gentes,</span> <span class='ocrx_word' id='word_1_122' title='bbox 366 1262 473 1305; x_wconf 86' lang='lat' dir='ltr'>quae</span> <span class='ocrx_word' id='word_1_123' title='bbox 496 1247 637 1304; x_wconf 84' lang='lat' dir='ltr'>legem</span> <span class='ocrx_word' id='word_1_124' title='bbox 661 1247 871 1305; x_wconf 76' lang='lat' dir='ltr'>(divinam</span> <span class='ocrx_word' id='word_1_125' title='bbox 895 1247 1143 1305; x_wconf 75' lang='lat' dir='ltr'>positivam)</span> <span class='ocrx_word' id='word_1_126' title='bbox 1163 1262 1250 1289; x_wconf 92' lang='lat' dir='ltr'>non</span> <span class='ocrx_word' id='word_1_127' title='bbox 1269 1245 1436 1299; x_wconf 87' lang='lat' dir='ltr'>habent,</span> <span class='ocrx_word' id='word_1_128' title='bbox 1470 1257 1592 1288; x_wconf 83' lang='lat' dir='ltr'>natu-</span> 
     </span>
     <span class='ocr_line' id='line_1_18' title="bbox 172 1315 1593 1374; baseline -0.001 -15"><span class='ocrx_word' id='word_1_129' title='bbox 172 1316 311 1359; x_wconf 86' lang='lat' dir='ltr'>raliter</span> <span class='ocrx_word' id='word_1_130' title='bbox 359 1332 419 1373; x_wconf 73' lang='lat' dir='ltr'>ea,v</span> <span class='ocrx_word' id='word_1_131' title='bbox 453 1332 559 1374; x_wconf 85' lang='lat' dir='ltr'>quae</span> <span class='ocrx_word' id='word_1_132' title='bbox 605 1316 713 1374; x_wconf 85' lang='lat' dir='ltr'>legis</span> <span class='ocrx_word' id='word_1_133' title='bbox 747 1316 936 1374; x_wconf 80' lang='lat' dir='ltr'>(divinae</span> <span class='ocrx_word' id='word_1_134' title='bbox 984 1316 1207 1374; x_wconf 78' lang='lat' dir='ltr'>naturalis)</span> <span class='ocrx_word' id='word_1_135' title='bbox 1256 1328 1368 1369; x_wconf 91' lang='lat' dir='ltr'>sunt,</span> <span class='ocrx_word' id='word_1_136' title='bbox 1417 1315 1593 1372; x_wconf 79' lang='lat' dir='ltr'>faciunt,</span> 
     </span>
     <span class='ocr_line' id='line_1_19' title="bbox 170 1386 1598 1445; baseline -0.002 -15"><span class='ocrx_word' id='word_1_137' title='bbox 170 1386 385 1430; x_wconf 84' lang='lat' dir='ltr'>eiusmodi</span> <span class='ocrx_word' id='word_1_138' title='bbox 419 1386 559 1444; x_wconf 87' lang='lat' dir='ltr'>legem</span> <span class='ocrx_word' id='word_1_139' title='bbox 592 1387 803 1445; x_wconf 85' lang='lat' dir='ltr'>(divinam</span> <span class='ocrx_word' id='word_1_140' title='bbox 847 1387 1100 1445; x_wconf 74' lang='lat' dir='ltr'>positivam)</span> <span class='ocrx_word' id='word_1_141' title='bbox 1135 1402 1223 1429; x_wconf 90' lang='lat' dir='ltr'>non</span> <span class='ocrx_word' id='word_1_142' title='bbox 1257 1386 1478 1439; x_wconf 86' lang='lat' dir='ltr'>habentes,</span> <span class='ocrx_word' id='word_1_143' title='bbox 1515 1386 1598 1443; x_wconf 86' lang='lat' dir='ltr'>ipsi</span> 
     </span>
     <span class='ocr_line' id='line_1_20' title="bbox 169 1456 1598 1516; baseline 0 -17"><span class='ocrx_word' id='word_1_144' title='bbox 169 1456 247 1500; x_wconf 87' lang='lat' dir='ltr'>sibi</span> <span class='ocrx_word' id='word_1_145' title='bbox 280 1469 380 1500; x_wconf 87' lang='lat' dir='ltr'>sunt</span> <span class='ocrx_word' id='word_1_146' title='bbox 409 1458 487 1500; x_wconf 80' lang='lat' dir='ltr'>lex:</span> <span class='ocrx_word' id='word_1_147' title='bbox 523 1459 596 1516; x_wconf 91' lang='lat' dir='ltr'>qui</span> <span class='ocrx_word' id='word_1_148' title='bbox 630 1458 864 1501; x_wconf 84' lang='lat' dir='ltr'>ostendunt</span> <span class='ocrx_word' id='word_1_149' title='bbox 894 1474 1004 1516; x_wconf 90' lang='lat' dir='ltr'>opus</span> <span class='ocrx_word' id='word_1_150' title='bbox 1028 1458 1133 1515; x_wconf 78' lang='lat' dir='ltr'>legis</span> <span class='ocrx_word' id='word_1_151' title='bbox 1157 1458 1343 1516; x_wconf 79' lang='lat' dir='ltr'>(divinae</span> <span class='ocrx_word' id='word_1_152' title='bbox 1367 1456 1598 1515; x_wconf 85' lang='lat' dir='ltr'>naturalis)</span> 
     </span>
     <span class='ocr_line' id='line_1_21' title="bbox 169 1526 1598 1585; baseline -0.001 -15"><span class='ocrx_word' id='word_1_153' title='bbox 169 1529 378 1585; x_wconf 88' lang='lat' dir='ltr'>scriptum</span> <span class='ocrx_word' id='word_1_154' title='bbox 425 1529 468 1571; x_wconf 88' lang='lat' dir='ltr'>in</span> <span class='ocrx_word' id='word_1_155' title='bbox 511 1527 712 1571; x_wconf 84' lang='lat' dir='ltr'>cordibus</span> <span class='ocrx_word' id='word_1_156' title='bbox 760 1529 863 1584; x_wconf 77' lang='lat' dir='ltr'>suis,</span> <span class='ocrx_word' id='word_1_157' title='bbox 912 1529 1212 1572; x_wconf 86' lang='lat' dir='ltr'>testimonium</span> <span class='ocrx_word' id='word_1_158' title='bbox 1262 1527 1467 1572; x_wconf 76' lang='lat' dir='ltr'>reddente</span> <span class='ocrx_word' id='word_1_159' title='bbox 1512 1526 1598 1569; x_wconf 78' lang='lat' dir='ltr'>iliis</span> 
     </span>
     <span class='ocr_line' id='line_1_22' title="bbox 172 1598 1595 1657; baseline -0.001 -16"><span class='ocrx_word' id='word_1_160' title='bbox 172 1600 427 1644; x_wconf 86' lang='lat' dir='ltr'>conscientia</span> <span class='ocrx_word' id='word_1_161' title='bbox 460 1601 675 1657; x_wconf 87' lang='lat' dir='ltr'>ipsorum,</span> <span class='ocrx_word' id='word_1_162' title='bbox 725 1613 764 1643; x_wconf 88' lang='lat' dir='ltr'>et</span> <span class='ocrx_word' id='word_1_163' title='bbox 797 1601 905 1643; x_wconf 83' lang='lat' dir='ltr'>inter</span> <span class='ocrx_word' id='word_1_164' title='bbox 953 1617 996 1644; x_wconf 88' lang='lat' dir='ltr'>se</span> <span class='ocrx_word' id='word_1_165' title='bbox 1030 1602 1212 1645; x_wconf 80' lang='lat' dir='ltr'>invicem</span> <span class='ocrx_word' id='word_1_166' title='bbox 1262 1598 1595 1657; x_wconf 72' lang='lat' dir='ltr'>cogitationibus</span> 
     </span>
    </p>
   </div>
   <div class='ocr_carea' id='block_1_3' title="bbox 169 1831 1606 2586">
    <p class='ocr_par' dir='ltr' id='par_1_5' title="bbox 268 1831 1201 1879">
     <span class='ocr_line' id='line_1_23' title="bbox 268 1831 1201 1879; baseline 0 -13"><span class='ocrx_word' id='word_1_167' title='bbox 268 1833 324 1877; x_wconf 71' lang='grc' dir='ltr'>(ι)</span> <span class='ocrx_word' id='word_1_168' title='bbox 353 1833 392 1866; x_wconf 88' lang='lat' dir='ltr'>In</span> <span class='ocrx_word' id='word_1_169' title='bbox 421 1832 523 1878; x_wconf 82' lang='lat' dir='ltr'>epist.</span> <span class='ocrx_word' id='word_1_170' title='bbox 553 1832 776 1879; x_wconf 83' lang='lat' dir='ltr'>121.‚Migne</span> <span class='ocrx_word' id='word_1_171' title='bbox 803 1831 874 1866; x_wconf 87' lang='lat' dir='ltr'>vol.</span> <span class='ocrx_word' id='word_1_172' title='bbox 904 1841 958 1865; x_wconf 86' lang='lat'>22.</span> <span class='ocrx_word' id='word_1_173' title='bbox 987 1843 1067 1877; x_wconf 85' lang='lat' dir='ltr'>pag.</span> <span class='ocrx_word' id='word_1_174' title='bbox 1101 1841 1201 1877; x_wconf 84' lang='lat'>1029.</span> 
     </span>
    </p>

    <p class='ocr_par' dir='ltr' id='par_1_6' title="bbox 266 1891 686 1936">
     <span class='ocr_line' id='line_1_24' title="bbox 266 1891 686 1936; baseline 0.002 -10"><span class='ocrx_word' id='word_1_175' title='bbox 266 1893 322 1936; x_wconf 83' lang='lat'>(2)</span> <span class='ocrx_word' id='word_1_176' title='bbox 350 1892 455 1927; x_wconf 82' lang='lat' dir='ltr'>Rom.</span> <span class='ocrx_word' id='word_1_177' title='bbox 482 1892 527 1927; x_wconf 90' lang='grc' dir='ltr'>ΙΙ.</span> <span class='ocrx_word' id='word_1_178' title='bbox 562 1891 686 1935; x_wconf 80' lang='lat'>14-16.</span> 
     </span>
    </p>

    <p class='ocr_par' dir='ltr' id='par_1_7' title="bbox 169 1947 1606 2586">
     <span class='ocr_line' id='line_1_25' title="bbox 267 1947 1593 1996; baseline -0.002 -11"><span class='ocrx_word' id='word_1_179' title='bbox 267 1950 323 1995; x_wconf 86' lang='lat'>(3)</span> <span class='ocrx_word' id='word_1_180' title='bbox 351 1951 449 1985; x_wconf 91' lang='lat' dir='ltr'>Loco</span> <span class='ocrx_word' id='word_1_181' title='bbox 477 1962 573 1985; x_wconf 87' lang='lat' dir='ltr'>nunc</span> <span class='ocrx_word' id='word_1_182' title='bbox 600 1951 722 1986; x_wconf 83' lang='lat' dir='ltr'>citato.</span> <span class='ocrx_word' id='word_1_183' title='bbox 750 1951 789 1984; x_wconf 90' lang='lat' dir='ltr'>In</span> <span class='ocrx_word' id='word_1_184' title='bbox 818 1961 925 1996; x_wconf 90' lang='lat' dir='ltr'>quem</span> <span class='ocrx_word' id='word_1_185' title='bbox 953 1949 1075 1983; x_wconf 85' lang='lat' dir='ltr'>locum</span> <span class='ocrx_word' id='word_1_186' title='bbox 1104 1949 1154 1983; x_wconf 88' lang='lat' dir='ltr'>sic</span> <span class='ocrx_word' id='word_1_187' title='bbox 1182 1947 1374 1984; x_wconf 79' lang='lat' dir='ltr'>Corneiius</span> <span class='ocrx_word' id='word_1_188' title='bbox 1401 1961 1421 1983; x_wconf 87' lang='lat' dir='ltr'>a</span> <span class='ocrx_word' id='word_1_189' title='bbox 1446 1949 1593 1996; x_wconf 85' lang='lat' dir='ltr'>Lapide:</span> 
     </span>
     <span class='ocr_line' id='line_1_26' title="bbox 175 2008 1592 2054; baseline 0.001 -13"><span class='ocrx_word' id='word_1_190' title='bbox 175 2024 191 2041; x_wconf 87' lang='lat'>«</span> <span class='ocrx_word' id='word_1_191' title='bbox 208 2009 375 2045; x_wconf 87' lang='lat' dir='ltr'>Occurrit</span> <span class='ocrx_word' id='word_1_192' title='bbox 400 2009 460 2044; x_wconf 86' lang='lat' dir='ltr'>hic</span> <span class='ocrx_word' id='word_1_193' title='bbox 486 2009 619 2045; x_wconf 85' lang='lat' dir='ltr'>Paulus</span> <span class='ocrx_word' id='word_1_194' title='bbox 646 2009 774 2044; x_wconf 79' lang='lat' dir='ltr'>tacitae</span> <span class='ocrx_word' id='word_1_195' title='bbox 801 2009 1012 2043; x_wconf 83' lang='lat' dir='ltr'>obiectioni:</span> <span class='ocrx_word' id='word_1_196' title='bbox 1045 2008 1230 2054; x_wconf 84' lang='lat' dir='ltr'>quomodo</span> <span class='ocrx_word' id='word_1_197' title='bbox 1260 2017 1397 2054; x_wconf 75' lang='lat' dir='ltr'>gente5‚</span> <span class='ocrx_word' id='word_1_198' title='bbox 1425 2008 1453 2043; x_wconf 85' lang='lat' dir='ltr'>si</span> <span class='ocrx_word' id='word_1_199' title='bbox 1472 2008 1592 2054; x_wconf 84' lang='lat' dir='ltr'>legem</span> 
     </span>
     <span class='ocr_line' id='line_1_27' title="bbox 171 2068 1606 2114; baseline 0 -11"><span class='ocrx_word' id='word_1_200' title='bbox 171 2081 245 2104; x_wconf 88' lang='lat' dir='ltr'>non</span> <span class='ocrx_word' id='word_1_201' title='bbox 273 2069 421 2111; x_wconf 84' lang='lat' dir='ltr'>habent,</span> <span class='ocrx_word' id='word_1_202' title='bbox 450 2078 601 2114; x_wconf 85' lang='lat' dir='ltr'>possunt</span> <span class='ocrx_word' id='word_1_203' title='bbox 628 2078 753 2104; x_wconf 88' lang='lat' dir='ltr'>contra</span> <span class='ocrx_word' id='word_1_204' title='bbox 788 2069 906 2114; x_wconf 77' lang='lat' dir='ltr'>legem</span> <span class='ocrx_word' id='word_1_205' title='bbox 946 2069 1124 2114; x_wconf 72' lang='lat' dir='ltr'>peccare?</span> <span class='ocrx_word' id='word_1_206' title='bbox 1161 2069 1370 2111; x_wconf 77' lang='lat' dir='ltr'>(Peccatum</span> <span class='ocrx_word' id='word_1_207' title='bbox 1411 2068 1507 2102; x_wconf 88' lang='lat' dir='ltr'>enim</span> <span class='ocrx_word' id='word_1_208' title='bbox 1547 2077 1606 2103; x_wconf 77' lang='lat' dir='ltr'>est</span> 
     </span>
     <span class='ocr_line' id='line_1_28' title="bbox 172 2126 1602 2175; baseline -0.001 -13"><span class='ocrx_word' id='word_1_209' title='bbox 172 2128 280 2163; x_wconf 82' lang='lat' dir='ltr'>libera</span> <span class='ocrx_word' id='word_1_210' title='bbox 307 2128 544 2174; x_wconf 84' lang='lat' dir='ltr'>transgressio</span> <span class='ocrx_word' id='word_1_211' title='bbox 572 2128 661 2175; x_wconf 86' lang='lat' dir='ltr'>legis</span> <span class='ocrx_word' id='word_1_212' title='bbox 701 2129 852 2170; x_wconf 83' lang='lat' dir='ltr'>divinae,</span> <span class='ocrx_word' id='word_1_213' title='bbox 884 2139 956 2168; x_wconf 79' lang='lat' dir='ltr'>seu,</span> <span class='ocrx_word' id='word_1_214' title='bbox 982 2136 1019 2162; x_wconf 90' lang='lat' dir='ltr'>ut</span> <span class='ocrx_word' id='word_1_215' title='bbox 1058 2127 1181 2161; x_wconf 77' lang='lat' dir='ltr'>definit</span> <span class='ocrx_word' id='word_1_216' title='bbox 1216 2139 1242 2161; x_wconf 86' lang='lat' dir='ltr'>s.</span> <span class='ocrx_word' id='word_1_217' title='bbox 1269 2127 1509 2173; x_wconf 78' lang='lat' dir='ltr'>Augustinus,</span> <span class='ocrx_word' id='word_1_218' title='bbox 1542 2126 1602 2160; x_wconf 82' lang='lat' dir='ltr'>di-</span> 
     </span>
     <span class='ocr_line' id='line_1_29' title="bbox 172 2186 1592 2233; baseline 0.001 -12"><span class='ocrx_word' id='word_1_219' title='bbox 172 2196 270 2222; x_wconf 86' lang='lat' dir='ltr'>ctum</span> <span class='ocrx_word' id='word_1_220' title='bbox 297 2187 433 2222; x_wconf 88' lang='lat' dir='ltr'>factum</span> <span class='ocrx_word' id='word_1_221' title='bbox 461 2187 517 2221; x_wconf 80' lang='lat' dir='ltr'>vel</span> <span class='ocrx_word' id='word_1_222' title='bbox 547 2188 781 2233; x_wconf 85' lang='lat' dir='ltr'>concupitum</span> <span class='ocrx_word' id='word_1_223' title='bbox 810 2196 937 2221; x_wconf 86' lang='lat' dir='ltr'>contra</span> <span class='ocrx_word' id='word_1_224' title='bbox 964 2187 1084 2233; x_wconf 83' lang='lat' dir='ltr'>legem</span> <span class='ocrx_word' id='word_1_225' title='bbox 1120 2187 1331 2232; x_wconf 78' lang='lat' dir='ltr'>aeternam).</span> <span class='ocrx_word' id='word_1_226' title='bbox 1365 2186 1592 2232; x_wconf 81' lang='lat' dir='ltr'>Respondet,</span> 
     </span>
     <span class='ocr_line' id='line_1_30' title="bbox 171 2243 1600 2292; baseline -0.001 -13"><span class='ocrx_word' id='word_1_227' title='bbox 171 2255 232 2279; x_wconf 85' lang='lat' dir='ltr'>eas</span> <span class='ocrx_word' id='word_1_228' title='bbox 258 2244 369 2279; x_wconf 88' lang='lat' dir='ltr'>aliam</span> <span class='ocrx_word' id='word_1_229' title='bbox 394 2245 525 2280; x_wconf 87' lang='lat' dir='ltr'>habere</span> <span class='ocrx_word' id='word_1_230' title='bbox 551 2244 669 2292; x_wconf 85' lang='lat' dir='ltr'>legem</span> <span class='ocrx_word' id='word_1_231' title='bbox 696 2246 905 2280; x_wconf 83' lang='lat' dir='ltr'>naturaliter</span> <span class='ocrx_word' id='word_1_232' title='bbox 932 2245 1097 2286; x_wconf 85' lang='lat' dir='ltr'>inditam,</span> <span class='ocrx_word' id='word_1_233' title='bbox 1119 2256 1228 2290; x_wconf 86' lang='lat' dir='ltr'>qnam</span> <span class='ocrx_word' id='word_1_234' title='bbox 1247 2243 1395 2287; x_wconf 84' lang='lat' dir='ltr'>faciunt,</span> <span class='ocrx_word' id='word_1_235' title='bbox 1418 2253 1452 2278; x_wconf 89' lang='lat' dir='ltr'>et</span> <span class='ocrx_word' id='word_1_236' title='bbox 1471 2253 1600 2279; x_wconf 78' lang='lat' dir='ltr'>contra·</span> 
     </span>
     <span class='ocr_line' id='line_1_31' title="bbox 172 2303 1598 2351; baseline 0 -14"><span class='ocrx_word' id='word_1_237' title='bbox 172 2315 279 2349; x_wconf 87' lang='lat' dir='ltr'>quam</span> <span class='ocrx_word' id='word_1_238' title='bbox 301 2312 469 2350; x_wconf 87' lang='lat' dir='ltr'>peccant.</span> <span class='ocrx_word' id='word_1_239' title='bbox 498 2305 621 2351; x_wconf 84' lang='lat' dir='ltr'>Itaque</span> <span class='ocrx_word' id='word_1_240' title='bbox 649 2306 717 2339; x_wconf 88' lang='lat' dir='ltr'>sibi</span> <span class='ocrx_word' id='word_1_241' title='bbox 743 2305 807 2351; x_wconf 88' lang='lat' dir='ltr'>ipsi</span> <span class='ocrx_word' id='word_1_242' title='bbox 834 2314 915 2340; x_wconf 87' lang='lat' dir='ltr'>sunt</span> <span class='ocrx_word' id='word_1_243' title='bbox 942 2304 1011 2347; x_wconf 81' lang='lat' dir='ltr'>lex,</span> <span class='ocrx_word' id='word_1_244' title='bbox 1038 2306 1059 2339; x_wconf 86' lang='lat' dir='ltr'>i.</span> <span class='ocrx_word' id='word_1_245' title='bbox 1089 2315 1119 2338; x_wconf 89' lang='lat' dir='ltr'>e.</span> <span class='ocrx_word' id='word_1_246' title='bbox 1146 2303 1258 2338; x_wconf 80' lang='lat' dir='ltr'>instar</span> <span class='ocrx_word' id='word_1_247' title='bbox 1284 2303 1388 2350; x_wconf 84' lang='lat' dir='ltr'>legis,</span> <span class='ocrx_word' id='word_1_248' title='bbox 1410 2315 1478 2350; x_wconf 86' lang='lat' dir='ltr'>qua</span> <span class='ocrx_word' id='word_1_249' title='bbox 1497 2303 1598 2338; x_wconf 84' lang='lat' dir='ltr'>dam-</span> 
     </span>
     <span class='ocr_line' id='line_1_32' title="bbox 170 2362 1595 2410; baseline -0.001 -13"><span class='ocrx_word' id='word_1_250' title='bbox 170 2373 345 2399; x_wconf 65' lang='lat' dir='ltr'>nantur...</span> <span class='ocrx_word' id='word_1_251' title='bbox 371 2365 468 2399; x_wconf 84' lang='lat' dir='ltr'>Nota</span> <span class='ocrx_word' id='word_1_252' title='bbox 493 2365 550 2398; x_wconf 86' lang='lat' dir='ltr'>hic</span> <span class='ocrx_word' id='word_1_253' title='bbox 579 2365 718 2410; x_wconf 85' lang='lat' dir='ltr'>insigne</span> <span class='ocrx_word' id='word_1_254' title='bbox 745 2365 1006 2399; x_wconf 86' lang='lat' dir='ltr'>documentum</span> <span class='ocrx_word' id='word_1_255' title='bbox 1034 2363 1183 2398; x_wconf 88' lang='lat' dir='ltr'>morale.</span> <span class='ocrx_word' id='word_1_256' title='bbox 1220 2364 1261 2398; x_wconf 85' lang='lat' dir='ltr'>In</span> <span class='ocrx_word' id='word_1_257' title='bbox 1287 2363 1435 2398; x_wconf 84' lang='lat' dir='ltr'>basilica</span> <span class='ocrx_word' id='word_1_258' title='bbox 1477 2362 1595 2397; x_wconf 86' lang='lat' dir='ltr'>cordis</span> 
     </span>
     <span class='ocr_line' id='line_1_33' title="bbox 169 2421 1601 2470; baseline -0.001 -14"><span class='ocrx_word' id='word_1_259' title='bbox 169 2423 318 2456; x_wconf 85' lang='lat' dir='ltr'>humani</span> <span class='ocrx_word' id='word_1_260' title='bbox 347 2424 445 2457; x_wconf 83' lang='lat' dir='ltr'>Deus</span> <span class='ocrx_word' id='word_1_261' title='bbox 471 2424 626 2459; x_wconf 86' lang='lat' dir='ltr'>tribunal</span> <span class='ocrx_word' id='word_1_262' title='bbox 653 2424 852 2466; x_wconf 82' lang='lat' dir='ltr'>constituit,</span> <span class='ocrx_word' id='word_1_263' title='bbox 882 2424 1051 2470; x_wconf 82' lang='lat' dir='ltr'>legesque</span> <span class='ocrx_word' id='word_1_264' title='bbox 1079 2423 1112 2457; x_wconf 86' lang='lat' dir='ltr'>in</span> <span class='ocrx_word' id='word_1_265' title='bbox 1141 2424 1214 2457; x_wconf 87' lang='lat' dir='ltr'>eius</span> <span class='ocrx_word' id='word_1_266' title='bbox 1242 2422 1371 2458; x_wconf 84' lang='lat' dir='ltr'>tabulis</span> <span class='ocrx_word' id='word_1_267' title='bbox 1392 2421 1517 2456; x_wconf 87' lang='lat' dir='ltr'>incidit</span> <span class='ocrx_word' id='word_1_268' title='bbox 1545 2421 1601 2455; x_wconf 87' lang='lat' dir='ltr'>di-</span> 
     </span>
     <span class='ocr_line' id='line_1_34' title="bbox 172 2480 1600 2525; baseline 0 -11"><span class='ocrx_word' id='word_1_269' title='bbox 172 2480 247 2525; x_wconf 86' lang='lat' dir='ltr'>gito</span> <span class='ocrx_word' id='word_1_270' title='bbox 274 2492 350 2523; x_wconf 89' lang='lat' dir='ltr'>su0‚</span> <span class='ocrx_word' id='word_1_271' title='bbox 378 2482 555 2516; x_wconf 88' lang='lat' dir='ltr'>rationem</span> <span class='ocrx_word' id='word_1_272' title='bbox 595 2483 728 2518; x_wconf 86' lang='lat' dir='ltr'>creavit</span> <span class='ocrx_word' id='word_1_273' title='bbox 767 2483 934 2524; x_wconf 88' lang='lat' dir='ltr'>iudicem,</span> <span class='ocrx_word' id='word_1_274' title='bbox 981 2481 1242 2516; x_wconf 86' lang='lat' dir='ltr'>conscientiam</span> <span class='ocrx_word' id='word_1_275' title='bbox 1285 2489 1458 2523; x_wconf 85' lang='lat' dir='ltr'>actorem,</span> <span class='ocrx_word' id='word_1_276' title='bbox 1484 2487 1600 2515; x_wconf 85' lang='lat' dir='ltr'>testes</span> 
     </span>
     <span class='ocr_line' id='line_1_35' title="bbox 169 2539 1596 2586; baseline 0.001 -14"><span class='ocrx_word' id='word_1_277' title='bbox 169 2539 421 2584; x_wconf 86' lang='lat' dir='ltr'>cogitationes,</span> <span class='ocrx_word' id='word_1_278' title='bbox 439 2552 527 2586; x_wconf 82' lang='lat' dir='ltr'>quae</span> <span class='ocrx_word' id='word_1_279' title='bbox 547 2541 603 2575; x_wconf 91' lang='lat' dir='ltr'>vel</span> <span class='ocrx_word' id='word_1_280' title='bbox 623 2551 794 2577; x_wconf 85' lang='lat' dir='ltr'>accusant</span> <span class='ocrx_word' id='word_1_281' title='bbox 813 2543 870 2577; x_wconf 86' lang='lat' dir='ltr'>vel</span> <span class='ocrx_word' id='word_1_282' title='bbox 890 2540 1087 2576; x_wconf 85' lang='lat' dir='ltr'>defenduut</span> <span class='ocrx_word' id='word_1_283' title='bbox 1107 2541 1223 2586; x_wconf 88' lang='lat' dir='ltr'>ipsum</span> <span class='ocrx_word' id='word_1_284' title='bbox 1242 2539 1432 2575; x_wconf 88' lang='lat' dir='ltr'>hominem</span> <span class='ocrx_word' id='word_1_285' title='bbox 1452 2551 1596 2574; x_wconf 77' lang='lat' dir='ltr'>reum.»</span> 
     </span>
    </p>
   </div>
  </div>
 </body>
</html>
