1734 2784
818 113 1080 159 —128—

242 213 419 271 pulsare.
455 210 589 264 Quod
624 212 657 253 si
694 223 1056 268 conquererentur
1089 211 1290 254 iniuriam
1323 211 1425 269 ipsis
1458 209 1562 267 fieri,
1590 228 1659 257 re—

239 281 541 341 spondendum
565 295 689 325 esset:
715 282 837 335 Quid
862 281 913 325 de
934 281 1059 326 nobis
1084 282 1432 339 conquerimini?
1454 284 1547 327 Vos
1580 284 1658 342 ipsi

240 356 424 398 asseritis
469 369 554 397 non
595 369 687 397 esse
726 355 767 395 in
809 366 954 396 nostra
994 365 1202 411 potestate
1242 368 1403 397 cessare
1447 369 1468 396 a
1508 353 1659 398 verbe-

242 426 384 469 rando.
406 443 423 464 υ

356 497 531 541 Accedit
565 509 705 540 autem
742 496 824 554 ΞΡ)
859 497 1071 539 unanimis
1111 498 1309 541 omnium
1333 497 1561 542 hominum
1585 498 1660 542 hac

240 569 290 613 de
324 585 367 612 re
402 583 650 623 consensus,
688 583 816 624 quem
842 567 1075 611 clarissime
1113 568 1384 613 manifestant
1417 570 1574 628 «leges
1608 571 1658 614 de

241 641 437 699 praemiis
473 652 511 683 et
545 638 765 697 suppliciis
800 651 974 698 propter
1007 639 1116 683 bona
1149 652 1189 683 et
1236 640 1343 684 mala
1391 656 1536 699 opera,
1571 641 1659 685 laus

241 725 281 755 et
314 712 593 769 vituperium,
629 711 857 754 consilium
894 723 933 754 et
971 712 1193 766 correctio,
1227 711 1441 769 gratitudo
1490 725 1531 756 et
1562 713 1660 756 vin-

241 784 363 837 dicta,
399 784 654 841 sponsiones
691 782 741 826 de
779 782 924 826 futuro
959 796 998 826 et
1030 799 1126 841 spes
1159 800 1208 827 ex
1232 783 1312 826 illis
1337 791 1541 842 concepta
1564 800 1661 828 cum

241 856 472 900 formidine
523 856 573 899 de
607 871 752 899 earum
804 854 1128 913 adimpletione,
1162 857 1483 900 commiseratio
1520 868 1561 900 et
1593 873 1662 900 ex-

240 927 455 986 probratio
490 939 559 970 aut
593 926 832 984 indignatio
867 940 1042 984 propter
1076 926 1267 970 defectus
1302 928 1452 971 omino
1498 927 1660 971 similes

240 1001 457 1044 entitative
491 998 720 1056 solumque
756 998 984 1041 dissimiles
1020 1014 1147 1056 penes
1172 999 1384 1056 originem
1418 1014 1467 1041 ex
1491 1000 1660 1057 propria

239 1070 457 1113 voluntate
491 1069 639 1113 velex
688 1071 940 1113 necessitate
988 1071 1247 1114 extrinsecus
1297 1069 1497 1124 inducta,
1543 1070 1664 1113 venia

240 1141 388 1184 subitis
423 1157 625 1184 concessa
665 1154 704 1183 et
752 1154 902 1198 negata
951 1141 1197 1199 meditatis,
1245 1141 1392 1184 eadem
1442 1140 1662 1200 disparitas

240 1215 347 1256 circa
381 1214 567 1256 actiones
602 1211 796 1255 subortas
832 1229 881 1255 ex
930 1213 1092 1270 impetu
1144 1214 1228 1257 irae
1271 1225 1310 1256 et
1355 1229 1404 1256 ex
1455 1212 1662 1266 consilio,

239 1301 405 1328 necnon
442 1285 601 1327 elicitas
639 1300 738 1327 cum
774 1285 1011 1341 ignorantia
1036 1284 1265 1328 invincibili
1289 1296 1328 1328 et
1354 1300 1451 1327 cum
1484 1283 1665 1342 perfecta

241 1358 486 1414 cognitione
519 1369 589 1399 aut
625 1372 722 1399 cum
758 1357 996 1413 ignorantia
1042 1355 1230 1399 affectata
1262 1373 1281 1395 »
1327 1356 1410 1414 (1).
1459 1355 1526 1399 Ad
1573 1371 1663 1399 rem

239 1428 490 1472 Aristoteles
524 1428 622 1487 (2):
660 1447 678 1469 α
703 1429 820 1471 Haec
854 1429 909 1470 ita
942 1426 1094 1470 habere
1136 1427 1184 1485 (i.
1220 1444 1254 1471 e.
1301 1427 1532 1470 humanam
1579 1442 1664 1470 vo-

236 1500 440 1544 luntatem
475 1516 565 1543 esse
600 1499 731 1543 libero
767 1499 1000 1557 praeditam
1033 1498 1243 1558 arbitrio),
1277 1514 1410 1557 quum
1461 1499 1660 1556 privatim

239 1572 395 1629 singuli
429 1572 573 1615 testari
605 1570 827 1624 videntur,
864 1583 956 1614 tum
1006 1569 1171 1628 publice
1224 1569 1540 1628 legumlatores.
1576 1570 1661 1613 Eos

239 1644 354 1686 enim
375 1679 384 1700 ‚
418 1644 488 1701 qui
523 1658 589 1686 res
614 1643 842 1699 flagitiosas
866 1641 1110 1695 admittunt,
1135 1641 1338 1698 castigant
1364 1640 1663 1699 supplicioque

239 1714 440 1771 afficiunt,
466 1714 597 1757 modo
622 1729 708 1757 non
733 1730 806 1771 per
828 1714 914 1756 vim
941 1726 1010 1756 aut
1034 1713 1314 1765 inscientiam,
1335 1727 1440 1769 quae
1462 1712 1661 1769 ipsorum
1719 1756 1723 1761 ,

238 1786 359 1844 culpa
393 1798 606 1829 contracta
638 1802 726 1829 non
759 1787 827 1842 sit,
861 1785 1137 1837 admiserint;
1173 1799 1245 1827 eos
1281 1795 1439 1836 contra,
1473 1783 1545 1840 qui
1593 1798 1658 1825 res

237 1856 464 1915 praeclaras
499 1858 722 1914 gesserint,
758 1855 992 1900 honoribus
1028 1868 1067 1900 et
1102 1855 1300 1913 praemiis
1334 1866 1502 1910 ornant,
1536 1854 1656 1911 quasi

334 2066 390 2110 (1)
419 2066 470 2099 Ita
498 2066 662 2110 Esparza,
691 2064 733 2098 de
760 2073 827 2099 act.
856 2064 955 2098 hum.
979 2074 1114 2110 quaest.
1147 2065 1239 2107 XII„
1262 2076 1332 2111 quo
1362 2065 1396 2098 in
1415 2062 1499 2098 loco
1527 2062 1605 2098 fuse
1624 2062 1665 2098 de

237 2125 401 2172 singulis,
431 2136 519 2171 quae
548 2124 846 2166 enumeravimus,
875 2132 908 2158 et
936 2132 1104 2169 peracute
1130 2124 1284 2160 disserit.

335 2184 390 2230 (2)
418 2183 533 2218 Ethic.
562 2185 584 2217 l.
612 2183 671 2217 HI.
702 2194 730 2218 c.
762 2191 791 2226 5.
820 2182 962 2221 T0=37r1t3
984 2182 1018 2216 δ’
1036 2181 1129 2216 ἔοικε
1155 2182 1410 2229 μαρτυρεῖσθαι
1436 2180 1495 2214 καὶ
1518 2180 1596 2227 ἰδίᾳ
1610 2179 1666 2227 ὑφ’

242 2244 393 2277 ἐκ7ἶστων
422 2240 480 2274 77.ὶ
507 2239 564 2274 3π’
589 2240 662 2274 737
657 2244 697 2274 Ἰν
733 2244 800 2274 τῶν
830 2240 953 2286 υομοθε
943 2243 1036 2272 -τῶν-
1063 2239 1257 2281 κοκάζουσι
1278 2239 1345 2286 γὰρ
1366 2252 1424 2272 και
1443 2242 1669 2286 τιμωροῦνται

240 2316 270 2335 τ
263 2298 315 2340 rs)-
344 2301 406 2346 ὃρο
394 2303 458 2334 377
466 2312 502 2338 7.ς
536 2312 579 2345 με
570 2299 708 2345 [On-572,
740 2297 818 2332 rja-ot
843 2312 887 2344 uxr)
909 2298 971 2345 (Ji-J.
995 2298 1014 2335 ἢ
1041 2299 1090 2333 ὸι’
1114 2296 1261 2344 ἀγνοιαν
1289 2295 1324 2336 ἧς
1349 2299 1394 2344 μὴ
1419 2295 1516 2331 αυτοὶ
1547 2297 1665 2331 αίτιοι

237 2373 270 2392 τ
261 2358 313 2397 οὺ,-
341 2359 380 2392 5³-
403 2359 444 2392 77.
470 2357 559 2390 κκὶὰ
582 2357 792 2402 πράττοντκς
823 2360 981 2402 τιμῶσιν,
1015 2357 1056 2396 ὠς
1091 2353 1168 2395 τοὺς
1198 2357 1260 2402 μὲν
1298 2368 1422 2401 προτρε
1411 2355 1561 2400 ’ψοντεῇ
1588 2368 1666 2400 τους

240 2415 278 2448 32²
301 2429 333 2447 κ
329 2415 514 2448 ›).·37077:
522 2412 670 2449 Κκίτοι
693 2412 759 2446 <207
782 2414 858 2459 μήτ
883 2414 931 2459 εγ
955 2412 1034 2459 nui-1
1057 2412 1143 2446 ἐστι
1163 2413 1242 2459 μήθ’
1268 2412 1424 2453 emh-w,
1451 2410 1565 2451 οὖὸεὶς
1584 2423 1668 2457 προ-

241 2485 276 2517 τρ
283 2473 338 2505 ἐπε
328 2485 400 2506 -τ7.ι
428 2484 599 2517 xpm-ww,
627 2471 668 2509 ὡς
697 2469 779 2504 ου’ἳὲ
786 2484 801 2502 ν
828 2471 896 2516 πρὸ
933 2471 1037 2516 ἔργου
1073 2469 1108 2503 ὃν
1132 2471 1170 2503 τὸ
1201 2469 1390 2506 πεισθῆααι
1421 2470 1465 2516 μὴ
1490 2468 1668 2516 θερμαίνε-

244 2530 325 2562 σθαι
351 2530 369 2566 ³1)
397 2530 513 2575 ἀλγεῖν
543 2528 559 2565 ἦ
587 2532 707 2565 πεινῆν
736 2528 753 2564 ἦ
785 2526 862 2561 ἄλλ’
894 2528 1006 2562 ὁτιοῦν
1034 2531 1098 2561 τῶν
1123 2528 1300 2563 τοιοῦτοη·
1335 2525 1432 2560 οὐθὲν
1463 2527 1529 2574 γὰρ
1569 2522 1667 2564 ἦττον

242 2587 441 2636 πεισόμεθκ
466 2586 563 2623 αὐτά..
