1734 2784
703 124 754 129 -
793 110 872 153 395
911 121 966 130 “·

120 206 307 238 meretur
342 195 483 252 potius
518 209 677 237 nomen
715 192 994 251 corruptelae,
1028 207 1157 250 quam
1202 190 1305 234 illud
1353 205 1540 233 consue-

118 265 290 309 tudinis.
327 266 452 310 Ratio
487 278 549 308 est
582 264 772 321 evidens,
797 264 894 322 quia
928 263 995 307 lex
1030 275 1203 306 naturae
1237 274 1298 305 est
1332 262 1541 304 immuta-

118 337 227 394 bilis,
260 350 300 381 et
333 337 430 380 ideo
464 353 551 380 non
587 349 725 394 potest
760 336 952 393 abrogari
987 334 1070 394 (1).
1097 361 1149 366 ——
1184 334 1318 378 Aliter
1353 349 1450 377 sane
1474 349 1538 377 res

118 424 163 452 se
196 408 334 462 habet,
369 410 403 452 si
437 408 487 451 de
521 408 613 465 lege
647 408 831 450 humana
865 419 1026 464 agatur:
1062 406 1167 449 hanc
1205 407 1318 449 enim
1354 422 1540 449 consue-

118 479 222 523 tudo
257 492 397 538 potest
431 479 651 537 abrogare,
684 480 771 522 sive
806 496 854 522 ex
902 491 994 522 toto
1029 479 1116 521 sive
1165 495 1212 521 ex
1254 490 1369 536 parte
1403 477 1462 535 (v.
1500 494 1541 535 g.

118 551 260 609 quoad
295 552 521 609 specialem
555 567 758 610 poenam,
794 551 870 594 sub
897 552 984 609 vqua
1019 551 1086 593 lex
1134 549 1294 608 aliquid
1330 549 1541 608 prohibet,

121 635 366 666 remanente
401 621 668 680 obligatione*
696 621 797 666 illud
831 622 1030 680 vitandi),
1070 622 1180 665 sicut
1228 622 1352 664 etiam
1401 633 1542 678 potest

119 710 277 738 novam
313 694 511 738 inducere
547 694 700 751 legem.
736 695 782 738 Id
831 694 989 737 scilicet
1038 693 1183 746 efficit,
1219 694 1253 736 si
1296 694 1349 737 sit
1398 693 1541 737 debitis

117 768 257 810 vestita
292 766 600 823 conditionum,
633 768 667 810 si
717 782 872 824 nempe
913 765 966 808 1.⁰
1008 767 1059 808 sit
1108 765 1379 824 rationabilis,
1414 766 1447 808 si
1484 765 1541 808 2.⁰

118 839 171 880 sit
204 854 225 881 a
259 838 568 881 communitate
602 838 774 882 inducta
807 854 880 896 per
928 828 1044 880 actus
1093 838 1314 896 repetitos,
1348 837 1539 880 volunta-

120 910 224 962 rios,
259 923 348 952 non
380 910 420 952 vi
454 922 524 952 aut
557 922 673 953 metu
707 910 888 968 positOS,
925 925 1012 953 non
1047 926 1097 953 ex
1131 925 1274 953 errore
1309 922 1377 952 aut
1410 910 1538 967 igno-

115 983 251 1026 rantia
284 982 582 1040 procedentes,
609 981 816 1041 publiceS,
842 998 940 1025 cum
973 983 1118 1025 animo
1148 980 1297 1025 saltem
1333 981 1540 1039 implicito

117 1069 161 1096 se
197 1052 427 1110 obligandi,
476 1055 510 1096 si
548 1059 606 1110 3.⁰
640 1053 762 1098 duret
810 1065 1005 1112 tempore
1044 1055 1264 1112 requisito.
1321 1054 1428 1097 «Ad
1462 1054 1540 1096 tri-

115 1124 344 1179 buendam,
378 1124 493 1169 addit
529 1126 650 1184 Gury
698 1125 785 1184 (2),
822 1124 1125 1169 consuetudini
1174 1126 1260 1168 vim
1295 1125 1399 1182 legis
1448 1140 1534 1168 non

114 1196 344 1253 requiritur
379 1211 602 1254 expressus
649 1197 862 1255 Principis
888 1211 1136 1250 consensus,
1162 1196 1234 1240 sed
1259 1195 1413 1240 sufficit
1437 1211 1538 1240 con-

114 1282 267 1310 sensus
300 1267 445 1324 legalis
479 1284 552 1311 seu
588 1267 806 1325 iuridicus,
840 1269 912 1326 qui
946 1267 1125 1311 habetur
1156 1284 1230 1326 per
1263 1267 1377 1326 leges
1411 1281 1450 1312 et
1475 1283 1537 1311 ca—

114 1353 249 1382 nones
284 1339 641 1383 consuetudinem
667 1340 858 1383 moribus
891 1339 1040 1398 populi
1064 1339 1349 1383 introductam
1384 1356 1536 1398 appro-

118 1408 280 1462 bantes,
316 1410 439 1468 eique
474 1411 561 1453 vim
597 1411 699 1454 iuris
733 1426 819 1454 non
855 1411 1000 1470 scripti
1031 1409 1326 1455 tribuentes.»

238 1495 331 1538 145.
369 1483 605 1526 SCHOLloN
636 1483 688 1526 II.
715 1482 861 1526 Plures
886 1483 986 1526 aliae
1012 1483 1119 1526 circa
1143 1482 1280 1540 legem
1305 1483 1536 1540 positivam

116 1554 388 1611 quaestiones
422 1553 487 1598 vel
520 1566 710 1613 spectant
734 1555 785 1598 ad
819 1567 1020 1598 tractatus
1049 1554 1099 1598 de
1122 1554 1215 1612 lege
1243 1554 1384 1597 divina
1418 1570 1463 1598 ac
1485 1554 1536 1598 de

112 1623 204 1681 lege
237 1625 533 1678 ecclesiastica,
569 1627 640 1683 qui
675 1627 717 1669 in
752 1626 909 1669 scholis
945 1625 1217 1683 Theologiae
1250 1641 1296 1668 ac
1329 1626 1435 1668 Iuris
1472 1641 1535 1669 ca-

113 1697 275 1750 nonici·
305 1697 544 1754 traduntur,
577 1698 642 1741 vel
691 1697 965 1741 commodius
999 1714 1020 1740 a
1054 1697 1176 1740 nobis
1226 1696 1444 1740 solventur
1493 1698 1536 1740 in

112 1780 287 1812 tractatu
323 1769 373 1813 de
421 1769 514 1827 lege
563 1770 690 1827 civili,
724 1770 790 1813 vel
829 1771 956 1813 etiam
1005 1782 1104 1813 sunt
1152 1787 1201 1814 ex
1252 1770 1317 1823 iis,
1353 1785 1459 1828 quae
1494 1770 1535 1812 in

112 1852 205 1884 toto
240 1840 322 1885 hoc
356 1843 489 1900 capite
523 1842 722 1896 diximus,
748 1843 848 1885 satis
884 1842 1118 1886 manifesta.

231 1913 302 1956 Sic
342 1913 417 1971 1.⁰)
450 1930 498 1956 ex
533 1912 630 1967 illis,
656 1929 762 1971 quae
795 1913 845 1957 de
879 1913 983 1971 legis
1018 1913 1218 1957 naturalis
1253 1911 1533 1956 immutabili-

111 1995 195 2027 tate
229 1983 558 2042 disputavimus,
593 1998 705 2044 patet
741 1985 880 2042 legem
914 1986 1141 2043 positivam
1171 2000 1263 2028 esse
1298 1984 1532 2028 obnoxiam

111 2058 344 2100 mutationi.
390 2058 503 2100 Haec
538 2058 648 2100 enim
686 2058 794 2100 sicut
828 2057 969 2116 quoad
1005 2058 1187 2115 primam
1227 2057 1317 2101 eius
1352 2057 1532 2100 existen-

112 2128 233 2181 tiam,
258 2129 312 2171 ita
347 2128 486 2186 quoad
523 2128 854 2186 subsequentem
889 2129 1156 2173 durationem
1182 2129 1391 2187 dependet
1425 2146 1446 2172 a
1479 2129 1531 2171 li—

110 2197 207 2242 bera
253 2200 470 2243 voluntate
521 2200 788 2257 legislatoris,
838 2203 907 2258 qui
945 2201 1123 2259 proinde
1173 2214 1217 2244 ut
1265 2200 1391 2244 libere
1436 2201 1531 2244 tulit

109 2268 264 2327 legem,
297 2272 356 2314 sic
391 2284 532 2328 potest
567 2271 705 2315 cidem
742 2271 964 2329 obrogare,
999 2285 1069 2315 aut
1104 2289 1153 2315 ex
1188 2288 1234 2315 ea
1267 2272 1425 2331 aliquid
1461 2272 1531 2316 de-

108 2356 272 2398 rogare,
307 2356 374 2385 aut
409 2355 542 2385 totam
580 2342 796 2399 abrogare,
834 2356 903 2386 aut
942 2343 1063 2386 alicui
1099 2343 1460 2401 dispensationem
1488 2344 1530 2386 in

202 2528 258 2570 (ι)
285 2527 338 2562 (ls.
369 2528 506 2569 §turc-7,
535 2528 567 2560 dt
606 2528 673 2571 leg.
706 2528 724 2560 1.
759 2528 834 2561 ΥΠ.
864 2540 893 2562 -;.
935 2539 955 2570 1.
986 2540 1082 2561 num.
1117 2540 1146 2571 4,

203 2590 258 2631 (2)
288 2589 340 2622 Dc·
370 2587 437 2631 leg.
468 2596 552 2632 part.
582 2589 621 2621 11.
650 2600 727 2633 cap,
759 2589 815 2622 l‘x‘.
847 2600 943 2622 nuni⁴
981 2597 1055 2631 137.
