1734 2784
732 99 997 142 -219-

148 179 469 237 cooperationis
504 178 707 223 moralis:
742 180 803 223 sic
834 196 874 224 v.
908 195 949 237 g.
993 179 1280 224 homicidium
1328 196 1350 223 a
1396 179 1575 224 satellite

149 261 445 309 perpetratum
494 250 631 308 magis
679 263 743 294 est
794 250 1098 310 imputandum
1146 251 1396 306 mandanti,
1444 267 1574 309 quam

151 321 409 378 consulenti,
444 333 485 365 et
516 337 605 365 non
639 322 881 380 prohibenti
915 339 1050 380 quum
1085 335 1244 382 posset,
1274 324 1412 381 magis
1446 339 1576 381 quam

149 408 238 437 non
272 392 558 447 dissuadenti;
598 393 644 452 β)
677 410 728 437 ex
760 395 912 438 maiori
944 394 1010 438 vel
1032 395 1192 437 minori
1215 395 1391 438 rationis
1420 395 1577 452 cogni-

151 466 267 509 tione
291 477 331 509 et
354 464 637 510 advertentia:
656 465 704 509 ab
724 466 800 509 hac
818 468 932 509 enim
957 466 1114 525 pendet
1143 465 1379 510 voluntarii
1403 467 1524 510 ratio.
1550 483 1570 506 »

610 667 776 710 Tuests
814 668 1000 711 XXVII.

154 788 341 831 Actiones
375 787 548 831 morales
580 797 673 830 sunt
705 798 861 846 capaces
895 789 1028 831 meriti
1058 789 1123 832 vel
1151 788 1334 832 demeriti
1356 804 1435 831 non
1460 788 1578 832 modo

272 875 365 917 erga
398 860 500 903 alios
533 860 724 917 homines,
758 876 902 904 verum
934 862 1057 904 etiam
1089 877 1181 918 erga
1216 862 1364 905 Deum.

277 980 344 1023 80.
380 981 748 1023 PRAENO'HONES.
799 981 936 1023 Pauca
970 980 1021 1023 de
1055 983 1210 1025 merito
1253 981 1324 1040 (1)
1357 997 1403 1024 ac
1436 980 1581 1024 deme-

155 1052 258 1107 rito,
289 1065 497 1108 quantum
531 1068 608 1109 pro
643 1052 792 1095 morali
829 1052 1104 1110 philosophia
1152 1055 1252 1096 satis
1285 1065 1364 1106 est,
1398 1053 1580 1110 praesti-

156 1136 344 1168 tuemuS.

278 1196 448 1240 Omnes
483 1196 698 1253 homines,
732 1197 852 1254 pueri
886 1198 1013 1240 etiam
1048 1213 1094 1240 ac
1126 1197 1268 1249 rudes,
1294 1198 1435 1239 statim
1471 1212 1580 1238 con-

159 1268 322 1324 cipiunt
357 1280 637 1325 asseruntque
670 1270 858 1312 actiones
891 1285 929 1312 v,
966 1285 1006 1325 g.
1042 1268 1245 1312 liberandi
1268 1269 1464 1325 patriam,
1487 1282 1581 1310 ser—

156 1338 283 1381 vandi
317 1339 447 1382 vitam
483 1340 669 1396 proximi
708 1351 785 1382 ete.
821 1356 913 1382 esse
955 1341 1197 1392 meritorias,
1233 1352 1273 1382 et
1307 1356 1327 1382 e
1361 1338 1577 1381 contrario

158 1410 346 1453 actiones
379 1410 591 1467 prodendi
626 1413 822 1468 patriam,
857 1411 1078 1454 occidendi
1112 1412 1361 1468 proximum
1385 1422 1461 1453 etc.
1488 1425 1579 1452 esse

161 1481 453 1526 demeritorias.
491 1481 625 1536 Quod
660 1484 694 1524 si
729 1483 777 1526 ab
813 1484 862 1525 iis
897 1499 1090 1540 quaeras,
1126 1483 1330 1539 quidnam
1365 1497 1462 1524 cum
1486 1479 1583 1547 tzffia

160 1552 371 1596 affirmant
403 1554 664 1611 intelligunt,
688 1570 839 1597 omnes
865 1554 982 1597 facile
1015 1555 1295 1610 respondent,
1331 1570 1374 1597 se
1408 1553 1491 1596 hoc
1514 1556 1585 1594 in—

142 1624 365 1682 ‘telligere,
387 1626 553 1683 priores
587 1626 676 1669 illas
712 1628 897 1669 actiones
922 1628 1071 1682 exigere
1089 1628 1334 1684 praemium,
1359 1625 1456 1668 alias
1480 1639 1585 1666 vero

161 1698 314 1754 exigere
347 1699 619 1755 punitionem,
641 1714 716 1741 seu
752 1699 829 1740 illis
869 1698 1112 1741 mercedem
1148 1697 1303 1754 deberi,
1328 1698 1417 1740 istis
1443 1696 1585 1739 deberi

162 1784 362 1827 poenam.
383 1770 500 1812 Haec
517 1771 638 1812 notio
658 1771 798 1812 meriti
816 1786 861 1812 ac
879 1768 1073 1812 demeriti
1097 1782 1159 1812 est
1179 1769 1352 1826 quidem
1373 1770 1585 1826 generica,

163 1841 238 1885 sed
262 1857 372 1895 vera,
391 1854 544 1900 utpote
561 1859 611 1886 ex
631 1843 852 1885 communi
872 1842 1100 1884 hominum
1120 1840 1388 1898 concipiendi
1405 1840 1582 1897 loquen—

166 1912 294 1971 dique
328 1913 461 1957 modo
495 1914 733 1971 desumpta.
769 1915 916 1971 Itaque
960 1914 993 1955 si
1029 1915 1069 1955 in
1102 1921 1277 1956 concreto
1317 1924 1584 1969 spectentur,

164 1986 370 2028 meritum
405 1998 467 2028 est
498 1987 609 2029 actio
643 1987 817 2042 exigens
852 1984 1172 2027 retributionem
1208 1984 1385 2041 praemii
1408 2000 1483 2026 seu
1518 1984 1585 2024 cui

169 2072 335 2100 merces
371 2056 548 2100 debetur
581 2057 683 2115 (2),
718 2055 976 2098 demeritum
1010 2068 1073 2099 est
1106 2057 1215 2099 actio
1250 2057 1424 2111 exigens
1463 2055 1589 2096 retri-

265 2267 322 2311 (ι)
353 2266 497 2300 Nomen
525 2265 640 2299 meriti
665 2265 707 2299 de
735 2276 771 2299 se
790 2274 842 2299 est
862 2264 1069 2298 indifferens
1090 2264 1132 2298 ad
1153 2265 1289 2298 bonum
1310 2273 1343 2298 et
1362 2263 1404 2297 ad
1434 2261 1582 2296 malum:

170 2334 292 2360 tamen
319 2336 385 2359 usu
412 2334 595 2371 receptum
625 2333 686 2366 est,
713 2332 750 2358 ut
777 2324 935 2357 meritum
969 2324 1004 2357 in
1033 2325 1166 2357 bonam
1206 2333 1357 2368 partem,
1391 2321 1587 2356 demeritum

170 2385 205 2419 in
233 2384 368 2419 malam
397 2394 535 2431 partem
563 2383 766 2429 accipiatur.

264 2446 321 2491 (2)
353 2460 369 2475 ⁴<
397 2445 568 2479 Meritum
598 2445 692 2478 iuxta
721 2442 1040 2489 significationem,
1070 2454 1159 2489 quae
1187 2442 1321 2477 iamdiu
1348 2442 1442 2488 apud
1469 2441 1592 2476 Theo-

169 2504 277 2552 logos
304 2505 534 2551 potissimum
562 2503 727 2546 invaluit,
761 2513 815 2539 est
849 2515 940 2549 opus
974 2504 1175 2550 exigitivmn
1214 2503 1587 2550 recompensationis,

173 2576 237 2600 seu
263 2565 320 2600 cui
346 2565 464 2611 aliqua
491 2565 533 2599 ab
560 2564 680 2610 aliquo
707 2564 859 2599 debetur
884 2564 1069 2599 retributio
1097 2575 1137 2598 ac
1164 2564 1419 2607 remuneratio,
1446 2573 1483 2598 ut
1511 2562 1589 2596 col-
