1734 2784
126 217 357 262 tummodo
390 218 514 262 habet
545 219 773 277 proprium
806 230 931 277 atque
963 218 1140 277 speciale
1181 218 1387 277 obligatio
1434 218 1540 277 legis

126 291 343 344 naturalis,
378 289 495 349 quod
521 291 707 348 proxime
739 298 775 333 et
806 290 1036 333 immediate
1068 290 1262 348 procedit
1291 298 1317 333 'a
1348 291 1463 344 Deo,
1499 299 1545 333 ut

125 363 358 407 ordinatore
390 363 517 420 ipsius
547 371 722 405 naturae
754 362 967 405 lmmcmae.

243 434 364 491 Dixi,
384 434 567 492 proxime
586 442 622 477 et
640 433 884 491 immediate,
902 446 948 476 ut
965 434 1024 476 sic
1043 433 1304 490 distinguam
1323 433 1546 490 obligatio-

131 521 229 549 nem
252 505 358 563 legis
393 505 520 549 huius
553 506 772 563 propriam
806 504 854 548 ab
883 504 1146 563 obligatione
1168 505 1315 561 legum
1339 504 1545 549 humana-

134 592 245 635 rum,
263 593 369 635 quae
394 593 415 620 a
432 578 527 620 Deo
560 576 800 634 procedunt
830 586 974 621 remote
998 588 1037 619 et
1061 576 1243 619 mediate.
1268 577 1385 633 Dixi,
1417 591 1442 619 a
1459 577 1545 620 Deo

130 657 174 691 ut
208 648 436 692 ordinatore
479 650 606 706 ipsius
639 646 811 691 naturae
858 649 1071 702 humanae,
1111 660 1155 691 ut
1188 648 1247 690 sic
1285 647 1546 704 distinguam

129 719 433 777 obligationem
467 720 571 777 legis
604 719 730 763 huius
779 712 995 778 propriam
1040 719 1087 763 ab
1125 719 1389 777 obligatione
1436 719 1544 777 legis

129 793 334 850 positivae
367 792 546 849 divinae,
567 808 673 850 quae
707 792 952 835 immediate
980 792 1154 850 quidem
1179 791 1371 849 procedit
1395 807 1416 834 a
1434 792 1546 847 Deo,

123 864 198 907 sed
230 863 279 906 ab
313 865 406 921 ipso
439 876 658 921 tamquam
702 864 948 906 institutore
996 863 1158 906 ordinis
1211 862 1372 905 altioris
1422 862 1545 920 perfi-

123 938 270 980 cientis
305 949 345 980 et
378 937 577 979 elevantis
612 948 818 980 naturam.

248 1023 347 1052 120.
381 1010 630 1052 SCHOLION.
667 1009 791 1062 Quae
825 1009 971 1050 omnia
994 1020 1038 1050 ut
1063 1007 1211 1051 clarius
1239 1006 1545 1063 intelligantur,

128 1081 214 1124 duo
247 1080 453 1124 advertas,

266 1153 309 1211 α)
343 1154 444 1197 Non
478 1168 684 1209 negamus
715 1166 810 1195 'esse
844 1152 1054 1208 principes
1102 1150 1329 1203 humanos,
1365 1150 1437 1207 qui
1471 1164 1547 1206 po-

127 1236 322 1267 testatem
356 1225 399 1266 in
432 1225 672 1282 semetipsis
706 1223 858 1266 habent
891 1222 1086 1266 nectendi
1137 1238 1250 1265 nexu
1301 1221 1545 1264 necessario

132 1297 317 1338 actiones
352 1311 450 1338 cum
473 1294 555 1338 fine
579 1295 748 1351 ultimo,
766 1307 805 1338 et
829 1306 1139 1351 consequenter
1164 1292 1370 1336 inferendi
1402 1307 1546 1335 neces-

129 1368 295 1410 sitatem
332 1366 541 1409 moralem
576 1382 648 1409 seu
684 1365 935 1423 imponendi
968 1365 1289 1422 obligationem.
1310 1363 1395 1407 Sed
1418 1379 1546 1420 nega-

129 1454 225 1480 mus
259 1453 331 1480 eos
365 1437 471 1480 hanc
506 1449 762 1494 potestatem
796 1436 948 1479 habere
981 1452 1029 1479 ex
1060 1451 1097 1479 so
1147 1451 1191 1478 ac
1239 1437 1382 1478 nativo
1433 1437 1549 1478 iuro:

134 1508 284 1552 habent
317 1510 431 1552 enim
459 1517 531 1566 per
560 1509 915 1566 participationem
949 1507 998 1550 ab
1031 1506 1113 1550 alio
1147 1507 1172 1550 i.
1208 1523 1242 1549 e.
1278 1505 1325 1548 ab
1359 1507 1547 1548 Auctore

133 1581 336 1624 hominis.
357 1581 471 1624 Cum
500 1595 585 1622 non
619 1579 795 1622 habeant
827 1595 875 1622 ex
894 1595 946 1635 sc,
966 1594 1052 1621 non
1070 1591 1169 1621 sunt
1192 1579 1293 1635 fons
1322 1594 1395 1620 seu
1430 1579 1548 1635 prin-

128 1653 284 1710 cipium
320 1651 606 1708 obligationis:
634 1667 731 1693 cum
755 1648 895 1693 tamen
921 1650 1097 1693 habeant
1132 1652 1173 1693 in
1195 1665 1244 1706 se,
1269 1650 1463 1706 quamvis
1494 1650 1543 1692 ab

125 1724 221 1782 alio,
254 1736 369 1779 sunt,
404 1736 449 1766 ut
482 1724 540 1764 sic
574 1722 725 1778 dicam,
759 1723 916 1765 canales
951 1721 1236 1777 obligationiS,
1272 1736 1400 1777 quam
1436 1720 1545 1762 illius

131 1796 306 1839 nomine
339 1808 378 1838 et
412 1806 579 1852 accepta
612 1793 659 1836 ab
695 1792 766 1835 illo
801 1793 1051 1835 auctoritate
1087 1791 1308 1835 inducunt.

266 1867 310 1925 β)
342 1868 391 1910 In
423 1881 627 1923 supremo
662 1865 850 1907 hominis
884 1864 1128 1907 ordinatore
1177 1865 1271 1907 Deo
1320 1865 1399 1907 tria
1446 1876 1546 1906 sunt

127 1938 443 1996 distinguenda,
479 1938 626 1980 titulus
659 1938 697 1979 vi
734 1938 853 1979 cuius
887 1949 948 1979 est
984 1937 1028 1979 in
1069 1937 1164 1979 Deo
1213 1937 1279 1978 ius
1329 1935 1546 1992 obligandi

133 2011 371 2063 hominem,
404 2011 548 2067 ipsum
583 2009 663 2051 hoc
702 2010 778 2060 ins,
799 2021 838 2050 et
872 2007 998 2050 huius
1034 2008 1137 2050 iuris
1171 2008 1549 2050 exercitium.Iam-

127 2098 228 2125 vero
261 2082 402 2125 titulus
436 2094 498 2124 est
530 2079 774 2123 absolutum
809 2080 851 2121 in
884 2079 1106 2121 hominem
1143 2078 1407 2131 dominium,
1432 2077 1549 2135 quod

127 2154 222 2197 Deo
256 2153 460 2209 competit
492 2167 543 2194 eo
577 2150 692 2208 quod
726 2163 788 2193 est
821 2161 967 2192 auctor
1001 2162 1040 2192 et
1076 2164 1199 2191 causa
1229 2149 1365 2206 ipsius
1400 2148 1548 2190 homi-

129 2226 208 2267 nis:
226 2226 288 2267 ins
310 2236 373 2267 est
397 2236 582 2281 potestas
608 2222 702 2265 inde
727 2236 958 2279 exsurgens
983 2220 1239 2278 disponendi
1274 2220 1324 2263 de
1357 2220 1550 2276 homine⁷

129 2312 176 2340 ac
209 2294 387 2353 proinde
422 2293 723 2352 praestituendi
774 2293 940 2335 homini
988 2291 1117 2335 finem
1161 2304 1201 2334 et
1237 2291 1550 2334 determinandi

131 2367 312 2411 modum
345 2365 545 2409 tendendi
581 2367 622 2408 in
646 2365 790 2409 finem:
814 2365 1046 2408 exercitium
1071 2363 1199 2406 huius
1230 2364 1334 2405 iuris
1369 2375 1431 2405 est
1462 2363 1552 2420 ipsa

133 2439 395 2497 praestitutio
428 2437 522 2480 finis
547 2438 720 2494 ipsaque
744 2435 1044 2479 determinatio
1068 2434 1190 2477 modi
1216 2433 1416 2477 tendendi
1440 2435 1481 2476 in
1504 2433 1553 2476 fi-

134 2510 421 2567 nem‚paucis,
450 2509 538 2566 ipsa
561 2508 731 2551 actualis
765 2506 976 2550 ordinatio
1011 2505 1141 2549 divini
1174 2504 1411 2548 intellectus
1436 2505 1550 2549 divi-

132 2594 294 2637 naeque
326 2579 849 2621 voluntatis.—Iamvcro
874 2575 998 2619 titulo
1025 2573 1080 2616 illi
1106 2574 1252 2632 illique
1271 2575 1350 2618 iuri
1376 2589 1550 2632 respon-
