1734 2784
0 2718 26 2784 ιζ).

31 2743 42 2748 J

729 112 966 154 -51-

125 195 424 248 intrinsecum,
458 193 663 252 perfectio
694 193 762 238 vel
799 194 935 252 gloria
967 196 1051 238 Dei
1099 197 1335 240 extrinseca
1379 210 1420 241 et
1454 214 1556 256 per-

124 266 256 310 fectio
289 281 363 308 seu
382 264 518 322 gloria
535 277 681 308 nostra
698 266 939 309 intrinseca.
970 267 1193 311 «Summa
1227 268 1307 311 Dei
1331 269 1484 326 gloria,
1503 271 1562 313 ait

124 338 303 381 Lessius
337 335 423 395 (1),
456 349 519 380 est
553 352 776 380 summum
824 336 988 381 bonum
1021 349 1220 381 nostrum
1255 352 1295 382 et
1327 355 1553 384 summum

125 408 294 452 bonum
326 420 525 452 nostrum
558 423 645 451 non
679 421 820 466 potest
854 424 945 452 esse
974 409 1056 451 nisi
1090 425 1262 453 summa
1287 411 1377 454 eius
1411 411 1558 468 gloria.

127 481 256 526 Ratio
289 492 366 534 est,
399 481 498 538 quia
531 495 703 523 summa
736 482 828 524 eius
861 480 997 538 gloria
1029 493 1198 525 externa
1246 495 1311 525 est
1361 483 1504 540 ipsum
1537 500 1559 527 a

128 551 255 595 nobis
287 550 470 609 perfecte
504 552 727 615 cognosci,
763 552 894 595 amari
935 564 975 596 et
1024 553 1198 610 gustari.
1234 553 1361 597 Unde
1410 555 1559 597 consi-

127 624 203 666 stit
236 624 277 666 in
311 621 445 666 tribus
479 622 642 665 actibus
676 622 902 667 vitalibus:
937 635 978 666 et
1030 624 1072 666 in
1121 623 1275 667 iisdem
1324 624 1561 668 formaliter

127 693 325 737 consistit
356 708 581 736 summum
628 693 791 736 bonum
840 706 1041 738 nostrum
1087 707 1126 737 et
1174 695 1256 737 vita
1303 708 1475 738 aeterna
1518 708 1558 739 et

126 766 314 809 essentia
345 764 568 808 beatitatis.
603 765 837 808 Summum
891 766 1005 808 enim
1055 765 1220 809 bonum
1272 779 1469 810 nostrum
1496 808 1497 811 ,
1521 780 1561 810 et

128 835 322 879 formalis
353 835 529 879 beatitas
563 848 625 879 est
658 837 801 879 Deum
836 836 993 889 videre,
1033 854 1187 894 amare,
1230 851 1432 894 gustare,
1468 854 1561 896 seu,

127 907 249 966 quod
282 907 396 951 idem
431 923 518 950 uno
552 907 684 950 verbo
719 908 798 951 dici
834 921 990 966 potest,
1024 910 1120 959 Deo
1170 910 1266 953 frui.
1323 911 1470 968 Itaque
1518 911 1560 954 in

129 994 303 1022 summa
355 979 436 1022 Dei
488 978 626 1038 glorIa
674 978 910 1023 formaliter
958 993 997 1024 et
1049 981 1274 1024 intrinsece
1327 981 1560 1025 includitur

128 1066 353 1094 summum
385 1051 566 1115 bonum
586 1063 802 1107 nostrum,
836 1052 892 1094 ita
926 1064 970 1094 ut
1003 1053 1093 1101 sine
1143 1051 1214 1095 illo
1264 1053 1429 1110 concipi
1478 1069 1584 1108 nefN

129 1135 286 1180 queat.
322 1134 362 1165 et
385 1110 478 1174 hoc
510 1123 620 1180 ipso,
654 1122 771 1180 quod
790 1087 908 1165 bens
942 1122 1056 1167 illam
1090 1123 1271 1180 gloriun
1311 1124 1502 1177 intendit
1521 1137 1562 1172 et
1606 1141 1608 1143 ’

129 1194 313 1251 quaerit,
347 1182 526 1235 intendit
560 1205 599 1236 et
634 1193 798 1251 quaerit
830 1209 1053 1251 31111111111111
1088 1193 1250 1237 1101111111
1285 1207 1324 1237 et
1358 1210 1559 1254 comnio-

134 1264 237 1307 dum
271 1276 485 1307 nostrum.
519 1263 646 1316 Unde
679 1279 765 1306 non
802 1265 1075 1321 minusteo
1123 1266 1275 1321 gratias
1320 1265 1561 1323 agereffide—

129 1334 300 1390 bemus,
336 1333 454 1392 quod
488 1336 651 1392 quaerit
684 1334 865 1392 gloriam
900 1351 1036 1393 suam,
1071 1350 1199 1393 quam
1235 1324 1562 1393 quodquaerat

128 1405 314 1450 salutem
347 1419 568 1460 nostram,
604 1407 703 1465 quia
736 1407 875 1464 gloria
908 1408 998 1449 eius
1033 1419 1095 1450 est
1129 1407 1240 1449 salus
1275 1420 1438 1451 nostra.
1465 1409 1562 1453 Hoc

131 1478 176 1520 in
210 1477 376 1535 hymno
409 1477 619 1535 angelico⁸
644 1477 833 1521 Ecclesia
880 1478 1066 1521 insinuat
1117 1494 1213 1520 cum
1263 1479 1350 1521 ait:
1391 1478 1562 1522 Gratias

128 1551 290 1607 agimus
323 1549 394 1593 tibi
419 1558 583 1608 propter
618 1565 810 1606 magnam
841 1550 1015 1605 gloriam
1050 1558 1191 1592 tumn:
1227 1548 1427 1592 beneficia
1449 1550 1562 1595 enim

133 1621 269 1678 ipsius
304 1621 347 1663 in
379 1635 458 1664 nos
503 1633 600 1663 sunt
646 1620 779 1677 gloria
832 1621 975 1663 eius.»
1009 1621 1124 1663 Haec
1178 1633 1322 1663 autem
1373 1619 1562 1674 hominis

130 1690 365 1745 beatitudo,
400 1691 503 1734 haec
536 1690 739 1750 perfectio
786 1707 858 1733 seu
910 1690 1053 1748 gloria,
1095 1691 1261 1733 homini
1311 1691 1559 1744 intrinseca,

130 1763 285 1821 eoipso
319 1764 436 1820 quod
468 1775 532 1806 est
573 1762 736 1805 bonum
786 1762 1008 1819 hominis,
1057 1761 1279 1805 ordinatur
1330 1761 1379 1805 ad
1416 1763 1562 1805 Deum

131 1834 311 1892 eiusque
343 1833 525 1891 gloriam
559 1846 790 1890 externam,
824 1835 889 1876 cui
924 1833 1082 1876 scilicet
1117 1834 1204 1891 ipse
1255 1833 1390 1877 homo
1439 1833 1562 1877 ordi—

131 1918 272 1949 natur.
308 1907 454 1950 Restat
488 1906 619 1963 igitur
652 1905 782 1949 finem
817 1905 1019 1948 ultimum
1056 1921 1198 1949 rerum
1233 1907 1433 1949 omniu-m
1472 1922 1563 1949 csse

134 1978 279 2020 Deum
315 1977 492 2035 eiusque
526 1976 722 2035 gloriam.

252 2048 305 2091 II.
343 2049 405 2091 Ex
441 2047 523 2091 hoc
557 2061 715 2101 autem,
751 2048 869 2105 quod
905 2062 1039 2091 unum
1075 2048 1276 2107 idemque
1314 2048 1477 2091 bonum
1511 2049 1565 2090 sit

131 2118 263 2162 simul
294 2119 431 2176 gloria
466 2120 545 2162 Dei
579 2131 619 2162 et
653 2118 870 2162 beatitudo
905 2131 1064 2177 nostra,
1100 2120 1203 2163 illud
1237 2133 1379 2178 potest
1419 2119 1563 2163 decla-

231 2339 284 2384 (1)
312 2340 368 2374 De
394 2338 481 2385 pers.
511 2349 600 2373 mor.
633 2339 702 2373 div.
731 2338 751 2372 l.
778 2339 875 2373 XIV.
904 2349 936 2373 e.
965 2339 1027 2373 III.
1056 2351 1088 2373 n.
1123 2348 1174 2380 52.
1215 2338 1327 2373 Paulo
1355 2346 1437 2371 :inte
1477 2337 1567 2370 haec

135 2396 258 2433 habet:
293 2413 308 2429 «
329 2399 471 2433 Bonum
501 2410 619 2433 rerum
648 2408 845 2433 creatarum
874 2398 1064 2445 dupliciter
1092 2408 1210 2444 potest
1231 2397 1461 2432 considerari.
1482 2397 1566 2432 Pri-

132 2467 202 2499 m0‚
228 2466 266 2492 ut
293 2469 368 2492 rem
397 2467 553 2492 creatam
582 2457 730 2504 perficit.
759 2456 919 2500 Secundo,
942 2466 978 2492 ut
1006 2458 1047 2491 ad
1076 2458 1141 2492 Dei
1177 2456 1330 2503 gloriam
1350 2456 1504 2501 pertinet
1531 2464 1566 2489 et

136 2514 277 2550 divinas
303 2517 545 2563 perfectiones
572 2525 827 2563 repraesentat:
857 2526 892 2551 et
919 2517 990 2551 hoc
1019 2516 1179 2551 secundo
1208 2516 1318 2551 modo
1359 2515 1567 2550 considera-

135 2581 214 2610 tum
242 2576 352 2623 louge
380 2578 489 2624 pluris
516 2586 568 2611 est
596 2576 916 2611 aestimandum.»
