1734 2784
806 102 1067 157 -423-

226 211 366 255 potest
398 213 479 254 ope
514 195 713 254 repellere
747 197 1007 254 aggreditur:
1041 199 1106 240 sin
1124 197 1321 256 alterum,
1343 199 1489 242 existit
1511 201 1643 245 timor.

222 295 280 300 ——
317 271 532 311 Hactenus
567 268 618 311 de
653 268 766 312 bono
800 269 865 311 vel
900 269 1012 312 malo
1037 269 1170 313 arduo
1195 269 1437 328 eodemque
1460 270 1641 316 absente:

228 357 341 383 nunc
376 340 425 382 de
458 339 573 383 bono
607 340 671 383 vel
706 339 818 383 malo
852 340 986 384 arduo
1026 354 1065 384 et
1110 349 1329 399 praesente.
1363 343 1419 385 At
1465 341 1644 400 bonum,

224 412 498 468 quantumvis
534 412 574 453 in
608 428 652 455 se
685 411 886 465 arduum,
921 413 955 455 si
991 413 1071 455 iam
1102 426 1290 470 praesens
1323 425 1384 456 est
1427 426 1467 457 et
1517 426 1645 471 prout

226 498 424 539 praesens
459 496 536 540 est,
569 498 744 526 movere
769 483 1074 527 tantummodo
1099 496 1239 542 potest
1264 484 1639 542 concupiscentem

224 568 384 611 partem
419 555 469 598 ad
502 555 725 613 gaudium,
761 571 847 598 non
880 569 1021 599 autem
1057 572 1333 600 commovere
1379 568 1521 613 potest
1562 558 1642 600 ira-

222 640 426 670 scentem:
462 626 674 684 siquidem
711 628 824 669 bono
860 626 1034 670 obtento
1069 626 1181 670 nulla
1230 628 1415 684 supersit
1459 628 1642 685 amplius

223 714 327 755 quac
362 700 552 741 vincatur
586 697 822 742 difficultas.
857 699 993 742 Aliter
1026 715 1092 743 res
1125 715 1169 742 se
1203 698 1339 752 habet,
1373 700 1407 742 si
1442 698 1492 743 de
1525 699 1638 743 malo

222 770 355 813 arduo
384 779 592 828 praesente
625 786 828 828 agamus:
862 787 939 828 pro
973 770 1086 814 malo
1121 772 1235 814 enim
1267 770 1400 814 arduo
1435 782 1475 814 et
1518 786 1643 829 prae-

222 854 338 885 sente
362 841 567 885 habemus
592 844 713 899 iram,
738 844 805 886 cui
830 844 966 886 motui
990 844 1130 900 passio
1155 843 1408 901 opponitur,
1433 858 1520 886 non
1545 843 1639 900 qui-

223 913 320 957 dem
354 915 394 955 in
428 927 544 972 parte
576 915 796 971 irascente,
830 914 903 958 sed
936 913 1243 958 tantummodo
1279 915 1320 957 in
1366 914 1640 971 concupisci-

221 985 307 1029 bili.
341 986 419 1030 Vel
467 988 582 1030 enim
631 988 799 1030 animus
845 999 990 1030 contra
1033 1002 1232 1044 praesens
1276 998 1401 1043 atque
1452 986 1641 1029 iniacens

224 1058 385 1101 malum
419 1058 661 1102 vehementi
697 1059 879 1116 assurgit
912 1071 1065 1101 conatu
1100 1070 1142 1102 et
1176 1069 1238 1101 est
1257 1059 1320 1101 ira
1338 1057 1427 1117 (1),
1447 1056 1513 1101 vel
1532 1057 1644 1101 cedit

223 1129 427 1186 deiectus,
460 1143 499 1173 et
532 1142 595 1173 est
628 1131 813 1187 tristitia,
846 1131 1014 1174 tristitia
1048 1142 1191 1174 autem
1225 1141 1387 1188 spectat
1411 1130 1462 1173 ad
1489 1146 1647 1174 concu-

223 1201 456 1259 piscibilem
492 1214 672 1259 partem,
705 1217 791 1245 non
825 1201 876 1244 ad
910 1201 1162 1245 irascibilem
1186 1200 1271 1260 (2).

340 1273 553 1317 Undecim
588 1289 691 1331 ergo
725 1285 824 1315 sunt
857 1272 1028 1316 affectus
1062 1288 1136 1316 seu
1170 1272 1388 1330 passiones
1432 1272 1645 1330 simplices,

318 1531 374 1575 (1)
402 1532 458 1565 De
484 1530 533 1564 ira
560 1529 605 1565 cf.
631 1531 879 1571 Aristotelem,
903 1530 939 1564 in
962 1530 984 1565 l.
1015 1541 1046 1566 2.
1072 1529 1176 1565 Rhet.
1205 1540 1234 1563 c.
1263 1540 1295 1564 2.
1322 1529 1361 1562 In
1390 1538 1496 1575 quem
1523 1527 1647 1562 locum
1706 1544 1729 1578 ’.ἒ

226 1590 272 1624 ita
298 1589 556 1624 Pallavicinus:
585 1589 653 1629 Ira,
682 1602 772 1636 quae
802 1591 965 1625 subiecto
993 1601 1128 1624 nomen
1155 1588 1265 1627 dedit,
1292 1587 1422 1621 dicitur
1448 1588 1491 1621 ab
1509 1587 1650 1621 Aristo·
1705 1583 1733 1618 ἦ

224 1649 306 1692 tele‚
325 1650 489 1696 appetitus
508 1650 702 1695 apparentis
729 1649 866 1683 ultionis
885 1660 958 1683 cum
976 1649 1099 1691 dolore,
1116 1652 1261 1695 propter
1289 1652 1504 1694 apparentem
1522 1646 1647 1680 imme·
1702 1641 1721 1695 ζ

226 1710 289 1743 rito
314 1709 367 1743 vel
392 1709 427 1742 in
452 1720 484 1743 se
507 1710 561 1744 vel
588 1709 622 1743 in
648 1720 722 1743 suos
749 1714 983 1755 contemptum.
1003 1709 1124 1751 Quare
1144 1719 1216 1754 quo
1244 1707 1363 1741 minus
1383 1706 1460 1753 quis
1480 1706 1647 1740 iniuriam
1706 1699 1731 1753 ‘J'

224 1770 290 1803 sibi
319 1768 449 1804 factam
477 1781 514 1804 se
543 1770 801 1804 commeritum
829 1770 1027 1811 arbitratur,
1055 1780 1098 1803 eo
1127 1768 1269 1815 gravior
1295 1775 1348 1802 est
1387 1766 1493 1801 dolor
1519 1775 1553 1801 et
1580 1777 1646 1812 ap-
1729 1816 1731 1818 .

228 1828 359 1873 petitus
385 1828 546 1868 ultionis,
574 1840 644 1875 quo
672 1838 840 1863 movetur
865 1828 908 1862 ad
935 1828 1144 1862 vindictam.
1173 1828 1277 1869 Quae
1304 1826 1333 1860 si
1360 1834 1584 1872 proponatur
1609 1834 1648 1860 ut
1700 1817 1731 1880 ξ’

227 1884 323 1919 factu
351 1886 547 1930 possibilis.
577 1886 694 1920 dolori
721 1885 886 1931 voluptas
914 1885 1092 1932 quaedam
1132 1884 1363 1923 admiscetur,
1391 1894 1481 1929 quae
1512 1882 1648 1928 capitur
1698 1889 1709 1929 ἦ

228 1956 269 1979 ex
296 1944 356 1978 illa
383 1944 560 1979 vindictae
586 1946 930 1990 repraesentatione,
957 1953 1140 1990 tamquam
1169 1955 1212 1977 ex
1238 1942 1418 1988 praesenti
1445 1942 1556 1976 bono:
1576 1952 1646 1988 quo

227 2016 332 2039 sensu
359 2005 403 2039 de
436 2005 485 2038 ira
513 2004 650 2039 dictum
679 2013 729 2040 est
762 2026 801 2030 —
833 2003 913 2037 ὅστε
940 2001 1028 2037 πολὺ
1053 2002 1205 2046 γλυκίων
1234 2002 1368 2041 μέλιτος
1397 2000 1650 2045 καταλειβομέ-
1696 2009 1700 2014 ’
1727 1998 1730 2000 ’

225 2077 299 2098 vom
326 2063 465 2097 ἀνὸοώυ
496 2064 530 2097 ἐν
559 2065 749 2099 στήθεσσιν
777 2063 926 2101 ἀέξεται,
956 2074 1045 2110 quae
1083 2061 1190 2096 melle
1222 2060 1372 2108 liquenti
1406 2059 1551 2095 suavior
1583 2059 1651 2093 hu-

233 2134 343 2157 mano
370 2135 542 2158 succensa
569 2123 604 2156 in
633 2131 779 2169 pectore
806 2122 938 2169 gliscit.

318 2184 371 2227 (2)
400 2196 417 2215 «
436 2185 617 2229 Respectu
644 2183 728 2218 boni
757 2182 922 2217 nondum
951 2182 1071 2228 adepti
1108 2190 1161 2216 est
1188 2187 1258 2228 spes
1285 2190 1318 2216 et
1345 2179 1561 2227 desperatio:
1588 2191 1650 2213 re-
1695 2201 1698 2203 -

229 2252 353 2287 spectu
380 2252 501 2277 autem
528 2241 614 2277 mali
638 2242 803 2276 nondum
831 2241 1020 2276 iniacentis
1041 2250 1091 2276 est
1110 2241 1216 2274 timor
1236 2248 1269 2275 et
1288 2238 1460 2274 audacia:
1486 2246 1651 2284 respectu
1689 2249 1695 2262 ³

226 2310 343 2336 autem
372 2302 459 2335 boni
487 2301 606 2347 adepti
634 2313 708 2336 non
735 2309 787 2336 est
815 2300 932 2347 aliqua
961 2301 1078 2346 passio
1107 2300 1142 2333 in
1171 2298 1353 2341 irascibili,
1384 2298 1465 2344 quia
1485 2299 1558 2331 iam
1576 2306 1649 2331 non
1673 2307 1698 2330 ·,

224 2360 331 2396 habet
355 2361 535 2397 rationem
561 2359 677 2403 ardui,
707 2360 769 2395 sed
797 2372 840 2395 ex
867 2360 966 2394 malo
993 2360 1065 2394 iam
1100 2359 1283 2393 iniacente
1323 2357 1485 2404 sequitur
1525 2355 1648 2403 passio

228 2420 300 2454 irae
316 2435 350 2456 ».
380 2421 430 2455 Ita
457 2432 483 2455 s.
505 2419 576 2455 Th.
598 2420 667 2454 loc.
689 2419 766 2455 cit:v
782 2419 828 2455 cf.v
853 2419 962 2454 etiam
990 2419 1090 2454 artic.
1118 2418 1407 2465 praecedentem.
1436 2416 1490 2452 Cf.
1507 2426 1647 2463 quoque

226 2480 408 2523 Palmieri,
422 2480 640 2526 Anthropol.
668 2480 756 2526 Cap.
784 2480 828 2515 II.
844 2479 975 2514 thesim
992 2479 1052 2514 IV.
1069 2489 1218 2524 propos.
1237 2487 1306 2520 24„
1322 2477 1382 2511 ubi
1401 2476 1537 2522 aliquot
1561 2486 1647 2509 con·

227 2547 281 2573 tra
306 2537 398 2572 lianc
424 2538 626 2573 doctrinam
654 2546 902 2584 proponuntur
927 2546 961 2572 et
989 2537 1183 2572 solvuntur
1210 2534 1446 2571 obiectione&
1654 2535 1729 2784 j
