1734 2784
655 309 1055 394 INDEX

467 489 722 542 RERUM
780 485 1241 539 SYNOPTICUS

142 987 404 1030 PRAEFATIO
410 1017 1144 1028 ...........
1215 1017 1224 1025 .
1289 1017 1297 1026 .
1365 1017 1374 1025 .
1438 1015 1447 1025 .
1511 982 1571 1025 Vr

140 1071 400 1115 PROLOGUS.
435 1095 487 1100 ——
525 1069 798 1125 Philosophiae
833 1068 1008 1110 Moralis
1031 1067 1205 1121 definitio
1229 1076 1263 1109 et
1285 1067 1444 1110 divisio.
1483 1066 1562 1109 IX.

238 1154 265 1189 I.
292 1153 528 1198 Philosophia
549 1151 700 1186 moralis
720 1161 771 1186 est
799 1151 950 1185 scientia
972 1172 1011 1176 -
1036 1151 1187 1197 practica
1211 1171 1247 1175 -
1271 1150 1446 1185 subalter—

333 1221 428 1248 nata.
455 1233 498 1239 —-
517 1214 572 1248 De
599 1214 674 1246 eius
701 1212 846 1246 obiecto
879 1234 905 1236 --
941 1212 1119 1246 materiali
1147 1231 1190 1237 —
1218 1211 1375 1245 formali:
1405 1233 1445 1237 —

334 1273 378 1308 de
404 1273 516 1307 modo
555 1273 777 1307 tractationis
816 1272 898 1305 huic
939 1271 1107 1306 scientiae
1149 1272 1304 1317 proprio.
1337 1291 1377 1296 —
1406 1272 1446 1306 In

334 1344 405 1379 quo
444 1332 583 1367 differat
634 1333 675 1366 ab
715 1333 792 1366 aliis
831 1331 1090 1377 Philosophiae
1136 1331 1296 1377 partibus
1344 1351 1387 1356 —
1426 1342 1445 1365 a

332 1393 541 1439 Theologia
580 1392 720 1426 morali.
760 1412 803 1418 —
845 1391 1024 1438 Analogia
1064 1392 1238 1436 Logicam
1278 1392 1371 1426 inter
1414 1401 1447 1427 et

337 1453 502 1488 Ethicam
509 1477 1445 1487 .................
1520 1452 1567 1487 ib.

239 1515 283 1550 ΙΙ.
309 1514 489 1548 Dividitur
517 1514 551 1547 in
578 1514 782 1559 generalem
811 1522 844 1546 et
873 1513 1078 1557 specialem:
1101 1513 1252 1545 —haec
1279 1511 1439 1545 subdivi-

335 1574 429 1609 ditur
471 1574 507 1607 in
551 1573 800 1614 monasticam,
841 1572 1130 1613 oeconomicam,
1174 1572 1376 1617 politicam.
1404 1593 1446 1597 —

334 1633 456 1668 Tertia
485 1644 578 1678 pars,
609 1632 778 1666 historica
784 1659 1445 1666 ............
1480 1628 1576 1666 XIII?
1607 1629 1615 1637 ”

639 1828 813 1879 PARS
857 1827 1079 1881 PRIOR

420 1962 751 1998 PHILOSOPHIA
778 1961 995 1997 MORALIS
1024 1962 1292 1997 GENERALIS

148 2151 352 2197 CAPUT
386 2153 418 2194 I.
452 2176 508 2184 -
542 2153 613 2195 De
645 2153 820 2195 ultimo
852 2153 951 2195 fine
983 2164 1040 2194 ac
1072 2152 1288 2206 perfecta
1329 2154 1449 2195 bea-

324 2225 534 2268 titudine
565 2225 784 2267 hominis
787 2257 1448 2269 ..........
1543 2239 1575 2282 3⁷

248 2319 275 2342 1.
301 2309 405 2343 Duae
432 2317 512 2342 sunt
541 2309 753 2355 praecipuae
778 2309 812 2342 in
853 2310 1003 2344 scientia
1030 2321 1171 2344 morum
1202 2311 1446 2357 quaestiones:

338 2387 382 2394 -
410 2368 571 2414 quaestio
599 2368 641 2402 de
661 2368 731 2414 fine
758 2370 898 2403 homini
918 2382 936 2403 a
956 2371 1036 2404 Deo
1057 2371 1265 2416 praestituto
1286 2391 1329 2397 -
1349 2383 1451 2418 quae-

339 2427 408 2462 stio
437 2428 479 2462 de
507 2428 572 2474 lege
598 2429 736 2462 homini
764 2441 781 2462 a
810 2430 888 2463 Deo
918 2429 987 2464 lata
1015 2430 1057 2463 ad
1097 2441 1178 2464 eum
1207 2431 1315 2465 finem
1353 2432 1447 2466 Obti-

340 2489 510 2523 nendum.
537 2508 580 2514 —
607 2489 757 2523 Partitio
786 2490 890 2524 huius
917 2491 1044 2536 capitis
1049 2518 1447 2527 ........
1522 2493 1568 2528 ib.

148 2560 413 2604 ARTICULUS
448 2562 479 2604 Ι.
517 2588 566 2593 -
605 2563 666 2605 De
699 2563 841 2607 ultimo
874 2565 1047 2608 hominis
1076 2565 1168 2618 fine.
1215 2601 1222 2608 .
1288 2600 1296 2608 .
1362 2602 1370 2609 .
1437 2601 1447 2611 .
1540 2581 1568 2622 4
