1734 2784
781 119 1045 173 -435-

306 226 331 253 ς.
360 215 644 249 ΤῆκιινεκΑΝτιΑ.
674 232 716 238 -
744 211 909 258 Definitio
938 233 980 239 —
1018 213 1235 249 Aristotelis.
1262 233 1306 241 -
1332 214 1496 249 Partitio:

394 293 432 298 —-
465 281 581 317 partes
607 271 705 318 quasi
732 271 926 317 integrales
953 280 1035 306 sunt
1061 271 1278 308 verecundia
1320 281 1352 308 et
1385 272 1498 309 hone-

395 342 463 366 stas·
490 350 532 356 —-
562 340 678 376 partes
704 331 920 365 subiectivae
948 339 1030 365 sunt
1055 331 1284 374 abstinentia,
1312 331 1500 373 sobrietas,

395 391 550 431 castitas,
586 389 755 435 pudicitia
782 409 825 415 —
853 399 969 436 partes
1007 390 1224 436 potentiales
1259 399 1341 425 sunt
1379 392 1498 426 conti-

393 451 525 491 nentia,
554 449 804 492 mansuetudo,
834 449 1039 492 clementia,
1067 449 1257 491 modestia,
1294 461 1336 484 ac
1372 449 1501 485 mode-

394 510 480 544 stiae
507 508 645 554 species
672 507 869 552 humilitas,
896 509 1115 550 studiositas,
1144 507 1359 552 moderati0‚
1377 517 1498 545 eutra-

394 568 497 615 pelia.
519 576 674 611 ornatus,
693 567 920 613 simplicitas.
941 587 984 595 —·
1008 567 1097 603 Vitia
1122 569 1286 616 opposita:
1309 588 1352 595 —
1372 569 1501 604 intem-

394 627 553 673 perantia
581 635 614 661 et
650 626 835 673 stupiditas
841 654 1499 664 ............

297 698 330 730 4.
361 688 594 722 FORTrrUDo.
613 706 656 712 —
689 685 846 731 Definitio
866 706 909 713 —
937 697 963 722 S.
983 686 1147 722 Thomae
1167 707 1210 714 —
1230 687 1427 723 Ciceronis.
1455 707 1498 714 -

392 747 554 782 Partilio:
585 766 628 772 —
656 756 772 792 partes
813 746 1006 793 integrales
1039 756 1121 782 sunt
1158 747 1300 791 fiducia,
1329 747 1499 794 magnifi-

393 807 520 847 centia,
540 807 723 852 patientia,
743 806 1007 853 perseverantia
1025 826 1069 834 -
1088 806 1319 854 eaedemque,
1337 808 1400 842 sub
1429 806 1500 842 alio

394 867 537 913 quidem
565 874 739 912 respectu,
779 876 861 902 sunt
899 874 1018 912 partes
1057 866 1277 912 potentiales
1303 886 1347 892 —
1374 866 1502 901 desunt

391 935 509 961 autem
537 935 654 971 partes
672 925 901 961 subiectivae.
921 945 964 952 —
988 925 1079 960 Vitia
1098 926 1266 975 opposita:
1286 945 1329 952 -
1358 925 1498 973 ignavia

393 995 426 1020 et
453 987 564 1020 nimia
591 986 753 1020 audacia.
828 1013 1500 1022 ............

1549 638 1617 673 447

1549 993 1619 1032 449

207 1059 385 1102 Thesis
418 1058 531 1101 LIX.
567 1082 623 1090 -—
664 1058 813 1101 Utrzmn
838 1059 1008 1101 virtutes
1042 1058 1083 1100 in
1106 1057 1234 1101 medio
1267 1058 1498 1101 consistant.
1531 1070 1617 1113 452

302 1151 373 1186 170.
401 1141 715 1177 Praenotiones.
743 1160 787 1166 —
813 1141 942 1175 Variae
970 1141 1141 1176 virtutum
1165 1139 1317 1186 species:
1337 1132 1382 1166 ⁵—-
1400 1140 1502 1175 intel—

391 1200 561 1236 lectuales
591 1209 623 1235 et
651 1200 807 1235 morales
826 1221 870 1227 —-
896 1200 1075 1236 naturales
1093 1210 1127 1236 et
1143 1199 1430 1247 supernaturales
1455 1219 1499 1226 —

395 1261 528 1295 infusae
568 1269 602 1294 et
641 1260 834 1306 acquisitae
859 1280 905 1285 -
930 1259 1161 1306 theologicae
1200 1269 1233 1294 et
1260 1259 1426 1302 morales,
1452 1279 1496 1285 —

392 1320 519 1355 Sermo
547 1319 653 1354 nobis
682 1328 733 1354 cst
761 1319 803 1354 de
830 1320 1020 1354 virtutibus
1046 1319 1254 1355 moralibus.

301 1390 375 1425 171.
402 1380 719 1414 Demonstratio.
745 1398 789 1404 —
816 1380 976 1414 Virtutes
1002 1379 1158 1414 morales
1186 1388 1219 1414 et
1238 1377 1497 1413 intellectuales

392 1448 473 1474 sunt
500 1439 535 1472 in
563 1437 685 1473 medio
712 1458 756 1464 —
783 1439 867 1473 licet
893 1438 995 1473 aliter
1021 1447 1055 1473 et
1082 1437 1184 1473 aliter
1202 1458 1239 1464 —
1267 1438 1415 1473 virtutes
1440 1448 1499 1472 au-

390 1508 462 1534 tern
490 1498 715 1545 theologicae
742 1510 817 1533 non
845 1507 926 1533 sunt
953 1498 988 1532 in
1016 1498 1136 1533 medio
1155 1518 1199 1524 —
1225 1498 1293 1533 nisi
1320 1496 1410 1534 forte
1437 1509 1499 1543 per

390 1557 555 1592 accidens
560 1584 1495 1593 .................

300 1627 375 1662 172.
403 1617 616 1654 Scholion.'
642 1637 685 1643 —
712 1617 943 1653 Aristotelica
982 1618 1204 1653 enumeratio
1244 1628 1380 1660 eorum,
1408 1627 1498 1663 quae

388 1675 425 1710 in
454 1676 615 1711 moribus
645 1676 816 1722 fugienda
855 1686 950 1711 sunt:
979 1696 1023 1702 —
1051 1677 1198 1719 malitia,
1225 1676 1497 1718 incontinentia,

388 1734 520 1770 feritas.
546 1754 590 1761 —
618 1736 721 1770 Hanc
748 1736 1063 1770 enumerationem
1102 1736 1239 1770 Dantes
1277 1734 1433 1781 suscepit
1460 1734 1497 1769 in

388 1795 614 1830 rscensendis
641 1796 807 1842 gradibus
834 1806 894 1830 seu
923 1795 1095 1831 classibus
1129 1796 1301 1831 vitiorum
1338 1803 1372 1830 et
1409 1805 1498 1841 poe-

389 1867 517 1891 narum
544 1856 579 1890 in
607 1855 764 1890 Inferno.
834 1882 1497 1892 ............

1570 1319 1616 1353 ib.

1547 1565 1612 1600 453
