1734 2784
749 129 1010 158 —100—

167 229 313 255 manae
346 224 517 254 naturae
553 211 605 252 ita
641 209 764 266 dirigi
801 211 841 251 in
874 225 1001 251 suum
1038 207 1181 259 linem,
1216 219 1261 249 ut
1294 207 1429 264 possit
1462 205 1584 249 illum

167 284 422 340 consequi.»
465 283 593 324 Hisce
629 280 754 322 finem
791 281 1054 336 imponimus
1107 278 1343 336 quaestioni
1379 277 1430 321 de
1481 293 1585 335 per-

168 354 271 397 fecta
306 353 475 396 alterius
508 353 617 394 vitae
650 350 910 394 beatitudine
945 350 1028 408 (1).

651 527 993 571 ARTICULUS
1029 527 1100 570 III.

366 644 436 684 De
469 642 758 696 imperfecta
789 642 924 683 vitae
961 641 1108 682 huius
1144 641 1389 683 felicitate.

287 767 351 808 33.
388 752 588 796 Vidimus
622 751 852 809 perfectam
887 750 1192 794 beatitudinem
1227 751 1269 793 in
1303 751 1472 793 mortali
1506 750 1588 794 hac

166 825 264 880 vita,
297 823 362 866 vel
396 840 446 866 ex
481 839 531 866 eo
566 836 732 866 tantum
768 823 882 880 quod
916 839 963 865 ea
997 835 1058 865 est
1093 824 1222 865 morti
1257 822 1454 875 obnoxia,
1478 821 1586 865 obti-

166 897 255 939 neri
290 911 376 938 non
411 910 552 952 posse.
590 895 800 947 Quaestio
835 907 977 937 tamen
1011 895 1230 951 exsurgit:
1266 907 1400 937 estne
1435 894 1510 937 hac
1544 895 1586 937 in

166 968 249 1009 vita
281 965 419 1023 aliqua
455 965 644 1008 hominis
679 966 850 1007 viatoris
886 965 1075 1008 conditio
1119 982 1192 1008 seu
1236 977 1368 1008 status
1418 964 1585 1023 aliquis,

168 1039 233 1081 cui
267 1053 428 1080 nomen
462 1036 687 1089 felicitatis,
735 1037 832 1080 licet
870 1037 1090 1080 inchoatae
1133 1049 1299 1079 tantum
1345 1049 1385 1080 et
1419 1038 1582 1094 imper-

167 1110 298 1151 fectae
331 1108 416 1166 (2),
451 1107 576 1151 tribui
609 1124 711 1151 vero
746 1109 888 1165 aliquo
922 1125 1050 1152 sensu
1094 1109 1265 1166 possit?
1299 1110 1419 1151 Hanc
1454 1124 1590 1166 quae·

167 1181 353 1223 stionem
387 1179 523 1222 solvet
556 1195 738 1237 sequens
772 1181 1032 1237 propositio.

726 1347 889 1390 Tnems
928 1347 1028 1390 XII.

166 1441 260 1484 Hac
292 1442 332 1484 in
364 1443 452 1484 vita
485 1457 627 1485 nomen
651 1443 865 1500 felicitatis
901 1442 1149 1500 imperfectae
1183 1443 1268 1485 iure
1301 1441 1378 1485 sibi
1409 1441 1595 1485 vindieat

287 1522 415 1556 status
447 1514 637 1569 hominis,
673 1516 744 1572 qui
776 1516 817 1557 in
851 1515 1111 1571 cognitionem
1143 1523 1179 1557 et
1211 1529 1392 1557 amorem
1425 1515 1597 1558 Deiseza

283 1583 525 1627 divinarum
558 1584 693 1641 legum
726 1585 951 1628 custodiam
985 1584 1116 1627 sedulo
1151 1583 1357 1628 incumbit.

287 1692 354 1733 34.
389 1680 767 1724 DEMONSTRATro.
805 1681 856 1723 Et
890 1696 989 1723 sane
1021 1679 1100 1723 hac
1132 1680 1174 1722 in
1196 1680 1281 1723 vita
1305 1695 1466 1723 nomen
1499 1678 1590 1723 feli-

166 1748 302 1790 citatis
337 1749 557 1793 inchoatae
590 1763 630 1794 et
665 1751 936 1808 imperfectae
979 1751 1050 1810 (3)
1095 1752 1186 1794 iure
1234 1751 1475 1808 meritoque
1507 1749 1589 1793 sibi

165 1819 349 1863 vindicat
382 1821 450 1864 ille
483 1835 630 1879 status,
664 1839 737 1866 seu
773 1823 838 1865 illa
862 1823 1049 1865 hominis
1074 1822 1282 1875 conditio,
1308 1837 1414 1879 quae
1453 1822 1526 1878 1.⁰)
1549 1823 1588 1864 si

167 1903 381 1948 spectetur
415 1892 598 1950 relative,
631 1894 656 1937 i.
692 1910 726 1937 e.
763 1895 804 1936 in
827 1894 976 1937 ordine
999 1893 1050 1937 ad
1074 1893 1305 1951 perfectam
1329 1892 1594 1950 beatitatem,

262 2040 319 2084 (1)
346 2041 401 2075 De
428 2049 504 2074 tota
531 2040 597 2075 hac
626 2042 715 2076 circa
743 2042 1002 2077 beatitudinem
1033 2043 1244 2089 quaestione
1283 2042 1325 2077 cf.
1354 2043 1458 2079 Card.
1486 2044 1594 2078 Maz-

167 2097 268 2140 zeHa,
295 2098 337 2132 de
365 2098 444 2132 Deo
471 2108 612 2134 creante
640 2100 728 2146 disp.
755 2100 818 2136 VI.
848 2110 911 2135 art.
943 2111 970 2135 Ι.
996 2113 1070 2147 sqq.

264 2157 321 2201 (2)
353 2171 369 2187 «
396 2158 554 2202 Duplex,
579 2159 626 2192 ita
652 2159 793 2201 SuareZ,
833 2159 875 2194 de
902 2159 970 2206 leg.
998 2161 1021 2194 l.
1048 2161 1108 2194 ΙΙΙ.
1145 2172 1176 2196 c.
1204 2162 1266 2195 XI.
1305 2173 1402 2196 num.
1431 2172 1479 2204 4.,
1510 2161 1597 2197 feli-

169 2215 255 2250 citas
283 2216 444 2251 hominis
470 2217 724 2263 distinguenda
751 2227 815 2261 est,
843 2231 911 2253 una
940 2228 992 2254 est
1018 2220 1110 2254 vitae
1141 2221 1341 2266 praesentis,
1380 2222 1490 2256 altera
1521 2220 1594 2266 fu·-

169 2279 265 2309 turae
292 2284 326 2310 et
352 2285 501 2322 utraque
528 2277 565 2310 in
592 2278 792 2311 naturalem
822 2287 856 2313 et
883 2279 1191 2324 supernaturalem
1228 2279 1398 2326 distingui
1426 2279 1542 2314 debet.
1571 2294 1595 2311 »-

169 2332 224 2367 Cf.
250 2333 429 2368 Solimani
457 2335 533 2370 Eth.
562 2335 787 2371 Eudaemon.
818 2345 906 2382 part.
928 2348 973 2380 2.‚
1003 2349 1147 2372 necnon
1167 2348 1257 2384 opus
1276 2338 1386 2384 Alph.
1404 2338 1447 2372 de
1465 2339 1590 2373 Sarasa

169 2392 260 2426 circa
287 2393 383 2438 pacis
420 2393 600 2439 parandae
637 2406 848 2442 semperque
886 2397 1067 2442 gaudendi
1107 2406 1232 2439 artem,
1271 2397 1510 2440 Pallavicino,
1539 2396 1591 2432 del

167 2450 256 2493 bene,
284 2454 493 2496 praesertim
520 2453 542 2487 l.
571 2454 642 2496 IV.,
670 2454 869 2498 Marchetti‚
898 2456 932 2488 la
958 2461 1092 2490 terrena
1119 2456 1336 2492 beatitudine.

265 2510 322 2554 (3)
353 2511 407 2546 De
435 2512 652 2547 beatitudine
678 2512 887 2559 imperfecta
914 2513 958 2548 cf.
987 2513 1112 2548 locum
1139 2526 1165 2549 S.
1193 2515 1361 2550 Thomae
1392 2515 1463 2549 iam
1488 2525 1598 2560 supe-

167 2566 241 2601 rius
268 2567 435 2613 allatum,
468 2582 551 2616 pag.
579 2582 634 2617 33.
661 2571 784 2606 adnot.
811 2577 859 2607 2²¹.
