1734 2784
745 100 1010 143 „331-

158 198 264 241 quae
298 188 349 225 e'x
380 198 425 226 se
457 194 497 226 et
529 182 865 241 independenter
898 198 1078 242 prorsus
1112 182 1161 226 ab
1194 183 1344 226 altiore
1369 183 1586 241 principio

156 265 414 313 potestatem
457 253 582 297 habet
628 253 790 298 morale
836 255 1059 298 vinculum
1108 254 1325 298 iniiciendi
1371 254 1580 298 humanae

154 326 384 380 voluntati,
403 338 444 369 et
477 325 583 369 hanc
609 338 868 384 potestatem
903 341 1103 370 exercens
1138 326 1275 370 evadit
1297 342 1395 369 vera
1417 325 1582 383 legisla-

156 399 238 442 trix
267 397 517 451 voluntatis,
553 413 682 456 quam
717 413 791 455 per
823 413 899 441 sua
947 397 1174 441 dictamina
1222 396 1382 454 obligat
1416 397 1466 440 ad
1499 413 1584 455 po-

156 469 318 514 nendas
352 470 541 513 actiones
591 486 642 512 ex
674 485 718 513 se
751 468 884 513 bonas
934 482 973 513 et
1008 469 1266 512 omittendas
1311 469 1410 513 alias
1452 486 1502 513 ex
1535 485 1579 512 se

157 540 302 583 malas.

276 610 413 665 Quod
445 612 479 654 si
513 629 535 655 a
566 612 857 657 Rationalistis
893 627 1085 670 quaeras,
1120 610 1222 669 quid
1267 612 1398 669 igitur
1433 611 1485 654 de
1519 626 1582 654 ra-

156 683 275 726 tione
308 682 448 725 divina
491 683 780 736 sentiendum,
825 683 891 726 alii
926 683 1101 740 quidem
1145 682 1218 741 (iis
1257 683 1473 740 sepositis,
1510 683 1582 739 qui

154 754 222 798 vel
253 754 382 798 Athei
416 767 547 812 sunt,
580 755 644 798 vel
679 755 950 798 Pantheistae
984 756 1127 798 Deum
1162 770 1182 796 a
1216 753 1381 797 mundo
1421 753 1578 797 distin-

157 838 271 869 ctum
298 826 526 885 negantes)
550 826 825 884 respondent,
849 825 1036 869 divinam
1063 826 1278 869 rationem
1302 826 1421 870 nullo
1456 841 1585 883 pror-

156 911 229 940 sus
265 910 389 955 pacto
424 896 575 940 habere
610 898 651 939 in
686 914 729 940 se
763 909 1022 955 potestatem
1058 896 1215 953 ligandi
1252 896 1484 940 humanam
1507 913 1583 939 vo-

155 967 381 1022 luntatem,
417 981 457 1010 et
492 968 569 1011 hac
608 969 888 1026 responsione
938 981 1171 1011 creaturam
1223 967 1407 1011 reddunt
1456 968 1580 1011 inde-

156 1039 416 1097 pendentem
451 1056 472 1082 a
506 1055 584 1082 suo
620 1040 839 1092 Creatore‚
890 1052 928 1082 et
973 1054 1148 1082 omnem
1200 1039 1342 1095 legem
1391 1039 1579 1082 divinam

154 1111 390 1154 naturalem
423 1112 740 1168 positivamque
774 1112 984 1164 reiiciunt3
1019 1111 1084 1153 alii
1116 1127 1220 1153 vero
1264 1123 1477 1168 reponunt
1513 1127 1584 1153 ra·-

154 1183 317 1225 ti0nem
352 1181 540 1224 divinam
576 1181 729 1225 habere
764 1184 804 1224 in
838 1198 876 1225 se
909 1183 1166 1240 praedictam
1197 1177 1469 1239 potestatem,
1492 1197 1583 1224 non

155 1267 297 1298 tamen
317 1254 429 1296 illam
451 1253 603 1297 habere
626 1270 674 1297 ex
697 1270 754 1306 52,
779 1253 853 1297 sed
887 1256 1075 1297 mutuari
1109 1270 1133 1297 a
1157 1255 1315 1297 ratione.
1339 1255 1536 1310 lnmzrzna,
1562 1270 1583 1296 a

158 1342 240 1384 qua
265 1326 425 1369 scilicet
449 1343 541 1369 eam
566 1325 839 1383 obligativam
859 1339 1116 1384 potestatem
1142 1326 1294 1381 haurit,
1314 1338 1354 1367 et
1388 1325 1463 1367 hac
1497 1340 1582 1367 res-

154 1399 365 1456 ponsione
409 1399 659 1442 Creatorem
695 1400 960 1441 constituunt
995 1397 1305 1455 dependentem
1341 1414 1361 1439 a
1396 1409 1585 1440 creatura

155 1485 248 1523 sua,
283 1469 391 1527 legis
425 1470 592 1512 divinae
627 1482 884 1528 conceptum
919 1482 1181 1527 pervertunt,
1232 1482 1357 1526 atque
1393 1469 1580 1511 divinam

153 1541 295 1598 legem
329 1540 696 1600 supernaturalem
731 1558 752 1584 e
788 1541 931 1584 medio
980 1540 1149 1583 tollunt.
1187 1540 1355 1583 Etenim
1390 1540 1424 1582 si
1459 1540 1580 1582 Deus

154 1739 216 1762 seu
241 1739 333 1762 mure
352 1727 543 1773 fovmalmn
570 1728 666 1767 dicit,
696 1726 790 1773 quod
821 1727 863 1760 ab
892 1727 993 1759 omni
1023 1734 1185 1771 respectu
1214 1725 1256 1758 ad
1285 1724 1472 1759 materiam
1501 1725 1580 1769 (ge-

154 1788 349 1834 genstand)
374 1788 395 1822 i.
424 1799 453 1822 e,
486 1788 529 1821 ad
556 1787 665 1821 finem
694 1787 761 1821 sibi
798 1787 1050 1825 extrinsecum,
1082 1795 1115 1820 et
1143 1785 1197 1819 cui
1224 1785 1309 1819 insit
1339 1785 1485 1831 aliquod
1526 1785 1582 1818 in—

153 1856 286 1882 teresse
314 1846 523 1881 distinctum
550 1848 593 1880 ab
622 1847 700 1892 ipso
730 1845 874 1880 formali
904 1846 1074 1879 interesse
1103 1845 1212 1890 ipsius
1244 1845 1408 1886 rationis,
1439 1845 1581 1889 penitus

155 1906 341 1941 eximatur.
369 1906 543 1940 Eamdem
572 1906 832 1939 nomometiram
860 1916 921 1939 seu
949 1904 1200 1939 autonomiam
1228 1903 1401 1949 appellat,
1432 1904 1578 1950 eiusque

155 1966 369 2012 dignitatem
398 1966 431 2000 in
461 1977 503 2000 eo
532 1966 728 2007 constituit,
757 1974 793 1999 ut
821 1965 918 1999 nulla
946 1965 1013 1998 alia
1055 1963 1135 2010 lege
1161 1973 1335 2007 teneatur,
1363 1964 1427 1998 nisi
1468 1975 1577 2009 quam

156 2026 231 2072 ipsa
260 2027 327 2061 sibi
356 2027 577 2072 imposuerit.
605 2027 707 2061 Hanc
734 2038 819 2060 vero
847 2026 964 2072 legem
993 2026 1127 2071 eoipso,
1155 2025 1249 2072 quod
1279 2037 1297 2059 a
1326 2025 1466 2059 ratione
1492 2036 1579 2070 pro-

155 2086 270 2128 cedat,
289 2086 452 2120 absoluta
472 2086 704 2120 veneratione
725 2085 869 2131 dignam
891 2096 966 2120 esse
988 2085 1208 2131 pronuntiat.
1224 2084 1439 2118 Absolutam
1459 2093 1579 2118 autem

149 2144 317 2190 formam,
345 2158 410 2192 qua
446 2146 534 2180 haec
562 2146 618 2180 lex
645 2158 663 2180 a
691 2147 830 2180 ratione
859 2146 1013 2191 practica
1042 2145 1162 2187 fertur,
1191 2152 1295 2178 vocat
1332 2144 1577 2190 Imperativum

158 2206 387 2249 categoricum
414 2204 470 2239 vel
498 2205 605 2239 etiam
632 2205 887 2249 imperativum
915 2204 1053 2238 morale
1079 2202 1330 2247 (moralischer
1356 2202 1581 2247 Imperativ):

156 2264 227 2297 boc
263 2265 415 2310 opponit
456 2265 673 2309 imperativo
712 2264 958 2310 hypothetico,
986 2264 1080 2311 quod
1121 2263 1310 2309 supposito
1352 2262 1472 2308 aliquo
1511 2262 1581 2296 sine

159 2322 333 2368 (absicht)
361 2324 616 2359 necessitatem
644 2324 767 2366 medii,
798 2323 960 2370 adeoque
987 2324 1289 2364 conditionatam‚
1306 2322 1477 2368 designat,
1493 2321 1578 2355 dum

157 2383 246 2417 iilud
273 2383 384 2418 finem
404 2385 522 2430 ipsum
551 2385 679 2418 rationi
707 2384 943 2418 intrinsecum
965 2384 1113 2418 denotat
1131 2382 1296 2418 absolute
1324 2383 1577 2424 necessarium,

155 2441 178 2476 i.
205 2453 235 2477 e.
263 2442 466 2477 necessario
495 2442 756 2477 intendendum
778 2442 884 2477 unice
903 2452 1047 2488 propter
1066 2454 1114 2477 se.
1135 2441 1246 2487 (Vide
1270 2443 1404 2488 Meyer,
1424 2441 1577 2476 institut.

157 2501 243 2536 iuris
268 2511 340 2537 nat.
367 2513 449 2548 pars
475 2513 498 2537 1.
516 2513 616 2536 num.
645 2511 725 2547 253.
756 2514 835 2549 pag.
857 2501 937 2537 206.
968 2504 1059 2549 sqq.)
1080 2502 1175 2536 Huic
1201 2501 1362 2536 theoriae
1390 2500 1480 2536 adeo
1509 2501 1578 2534 ob-

156 2569 280 2596 scurae
298 2561 399 2607 plura
419 2560 553 2596 addunt
573 2561 845 2604 Rationalistae,
864 2572 954 2608 quae
973 2562 1067 2595 Kant
1088 2571 1257 2606 expresse
1283 2571 1357 2595 non
1385 2560 1505 2595 docet.
