1734 2784
714 111 978 153 „173-

132 193 330 238 ordinem
363 192 612 247 naturalem,
645 194 840 250 quamvis
875 193 1007 250 priori
1051 192 1185 236 modo
1229 193 1372 250 potius
1405 192 1555 237 subiec-

131 267 232 318 tive,
268 263 411 308 altero'
432 276 576 307 autem
609 264 754 322 potius
788 264 970 309 obiecti-ve
1002 280 1067 307 res
1101 276 1328 322 spectetur.

250 337 317 392 63.
352 336 739 378 DEMONSTRATto.
765 336 809 379 Si
832 351 1023 393 quaeraS‚
1046 335 1310 393 quandonam
1333 350 1400 379 ens
1426 335 1551 393 qnod-

133 407 227 451 libet
259 407 407 451 censeri
437 421 484 450 ac
516 405 595 450 dici
625 405 760 449 debeat
807 406 956 450 bonum
997 406 1177 450 absolute
1224 416 1260 450 et
1302 407 1555 465 simpliciter,

133 493 286 521 omnes
323 476 441 520 facile
473 476 807 534 respondebunt,
831 489 933 520 tunc
956 477 1000 521 id
1022 477 1168 521 locum
1190 477 1358 535 habere,
1382 478 1553 536 quando

132 549 241 592 entis
274 547 401 602 illius,
436 547 488 591 de
523 564 608 605 quo
643 548 686 590 in
719 549 860 606 specie
893 550 1046 606 agitur,
1080 550 1270 592 actiones
1309 549 1375 592 vel
1408 562 1557 592 motus

133 633 228 679 apte
261 618 522 677 respondent
554 618 627 662 fini
665 614 746 662 'seu
782 636 930 678 scopo,
982 620 1034 664 ad
1067 636 1196 678 quem
1240 636 1314 664 ens
1357 620 1460 664 illud
1492 632 1557 664 est

133 691 377 735 naturaliter
411 690 687 744 destinatum,
722 690 908 745 brevius,
943 693 1114 750 quando
1148 692 1410 751 respondent
1434 705 1556 736 natu-

134 764 209 806 rali
244 763 334 806 eius
368 762 641 806 ordinationi.
678 764 775 806 Hoc
807 776 930 820 pacto
964 763 1128 807 bonum
1163 763 1345 808 dicimus
1380 780 1557 822 equum,

141 837 214 893 qui
244 834 448 879 velociter
483 836 631 890 currit,
666 835 829 878 bonum
865 836 1164 892 horologium,
1199 836 1316 895 quod
1349 850 1461 880 recte
1494 838 1557 880 in-

136 906 246 950 dicat
279 911 406 949 horas
440 918 480 949 et
513 906 569 949 ita
602 922 747 964 porro,
781 908 879 964 quia
910 906 1106 950 videlicet
1130 924 1266 965 equus
1290 908 1340 952 ad
1369 924 1559 962 cursum,

135 975 415 1033 horologium
450 975 501 1020 ad
532 975 778 1019 indicandas
812 976 939 1020 horas
973 990 1036 1020 est
1078 977 1235 1020 factum
1284 994 1331 1021 ac
1376 994 1557 1036 compa-

137 1059 292 1091 ratum.
328 1046 377 1090 Id
410 1059 625 1105 praestant
658 1049 779 1090 cuius
814 1049 947 1105 gratia
978 1062 1090 1092 sunt:
1127 1049 1223 1092 hinc
1250 1062 1348 1092 sunt
1370 1049 1497 1094 bona.

258 1118 425 1163 Eodem
474 1119 606 1176 igitur
653 1132 794 1177 pacto,
837 1133 939 1163 tunc
988 1120 1123 1164 homo
1172 1123 1333 1165 censeri
1382 1137 1427 1165 ac
1474 1121 1560 1165 dici

137 1191 260 1236 debet
293 1191 431 1234 bonus
464 1190 644 1234 absolute
676 1204 717 1235 et
749 1192 996 1250 simpliciter,
1029 1192 1201 1251 quando
1244 1195 1334 1236 eius
1368 1195 1555 1237 actiones

136 1263 396 1322 respondent
426 1262 502 1306 fini
524 1264 658 1321 ipsius
682 1279 887 1321 supremo
913 1266 1149 1323 ceterisque
1172 1264 1344 1319 finibus,
1370 1265 1421 1309 ad
1447 1281 1556 1324 quos

136 1348 199 1379 est
222 1333 467 1378 naturaliter
489 1333 622 1378 factus
646 1347 685 1378 et
709 1335 944 1393 ordinatus,
968 1336 1155 1390 brevius,
1180 1336 1442 1380 naturalibus
1467 1338 1559 1380 eius

136 1405 426 1451 relationibus.
459 1406 609 1465 Itaque
654 1405 934 1450 conformitas
982 1409 1159 1452 actionis
1204 1408 1414 1452 humanae
1458 1424 1558 1453 cum

136 1476 396 1521 naturalibus
430 1477 620 1521 hominis
654 1477 931 1521 relationibus
964 1495 1039 1522 seu
1074 1496 1173 1523 cum
1206 1480 1344 1523 ordine
1377 1481 1562 1524 naturali

137 1549 221 1609 (sic
252 1549 385 1602 enim,
421 1561 467 1592 ut
500 1548 703 1607 diximus,
734 1565 941 1593 vocamus
990 1550 1265 1609 complexum
1299 1551 1560 1595 relationum

107 1679 110 1682 ‚
138 1622 340 1666 omnium
364 1620 643 1679 naturalium)
677 1634 740 1664 est
772 1621 830 1674 id,
866 1638 916 1664 ex
948 1637 1035 1679 quo
1068 1621 1127 1675 fit,
1151 1636 1197 1665 ut
1230 1622 1364 1665 homo
1399 1623 1559 1666 censeri

139 1708 186 1737 ac
218 1691 300 1735 dici
335 1690 482 1735 debeat
516 1704 656 1735 rectus
689 1704 730 1735 et
762 1692 900 1735 bonus
932 1695 1015 1736 sine
1057 1693 1209 1737 addito.
1252 1694 1385 1751 Atqui
1417 1692 1476 1748 id,
1510 1710 1563 1736 ex

139 1780 226 1823 quo
258 1762 318 1821 fit,
351 1776 397 1807 ut
430 1762 565 1807 homo
600 1765 763 1807 censeri
795 1781 841 1808 ac
865 1764 946 1807 dici
971 1764 1118 1808 debeat
1139 1764 1277 1808 bonus
1301 1767 1385 1807 sine
1406 1764 1563 1822 addito,

140 1848 203 1881 est
234 1834 629 1895 (quemadmodum
662 1836 706 1877 in
730 1835 857 1878 huius
882 1836 1030 1893 capitis
1055 1837 1284 1894 prooemio
1318 1836 1403 1879 iam
1437 1851 1560 1894 prae-

141 1907 382 1965 stituimus)
413 1906 580 1949 bonitas
615 1906 802 1950 moralis.
831 1907 947 1964 Ergo
980 1906 1145 1950 bonitas
1180 1908 1353 1950 moralis
1387 1908 1467 1951 sita
1498 1920 1563 1950 est

139 1980 184 2022 in
218 1977 517 2022 conformitate
549 1979 726 2021 actionis
761 1994 859 2021 cum
884 1978 1035 2022 ordine
1059 1978 1260 2023 naturali:
1286 1993 1435 2024 contra
1456 1995 1561 2022 vero

140 2049 300 2094 malitia
332 2049 507 2093 moralis
543 2051 738 2094 consistit
762 2051 805 2093 in
828 2050 1102 2094 difformitate
1124 2051 1305 2094 actionis
1334 2050 1382 2095 ab
1407 2051 1561 2095 eodem

140 2121 321 2166 naturali
352 2121 515 2165 ordine.

258 2194 430 2236 Bonum
464 2209 515 2236 ex
547 2194 712 2250 integra
746 2209 882 2247 causa,
916 2193 1078 2236 malum
1107 2209 1157 2237 ex
1180 2209 1456 2251 quocumque
1490 2192 1564 2236 de-

141 2263 268 2309 fectu.
307 2266 368 2308 Ex
401 2281 487 2324 quo
522 2264 774 2323 pervulgato
807 2266 1017 2309 axiomate
1051 2265 1137 2308 duo
1172 2265 1273 2308 haec
1306 2276 1562 2322 sequuntur,

143 2351 250 2394 quae
283 2335 412 2393 digna
444 2352 621 2394 prorsus
655 2349 753 2379 sunt
787 2336 975 2393 diligenti
1013 2336 1368 2380 consideratione.

268 2407 346 2466 1.⁰)
379 2407 436 2451 Ut
470 2408 579 2450 actio
613 2408 666 2450 sit
700 2407 811 2450 bona
842 2408 1093 2466 simpliciter,
1120 2423 1207 2450 non
1231 2407 1386 2451 sufficit
1409 2419 1454 2450 ut
1488 2407 1561 2450 uni

145 2477 215 2522 vel
248 2478 364 2523 alteri
398 2492 567 2523 tantum
615 2478 811 2522 relationi
856 2479 1124 2537 respondeat,
1159 2478 1234 2523 sed
1275 2495 1384 2537 opus
1422 2491 1484 2522 est
1516 2492 1564 2521 ut

144 2564 236 2593 non
269 2551 324 2594 sit
357 2550 569 2595 difformis
601 2549 650 2594 ab
684 2549 766 2594 ulla
799 2568 849 2594 ex
882 2552 932 2594 iis
974 2550 1234 2595 naturalibus
1272 2550 1566 2608 relationibus,
