1734 2784
767 88 824 98 .,
857 77 938 120 253
974 89 1031 100 ..

713 264 879 308 THJ-:sxs
913 267 1081 310 XXXI.

184 351 338 405 Exi'stit
369 361 412 404 in
445 369 572 404 mente
603 360 750 404 divina
781 363 885 405 ratio
917 377 1054 405 rerum
1088 363 1468 423 gzffiernandarzcm,
1500 382 1610 424 quae

306 432 443 476 merito
477 431 623 475 dicitur
656 432 720 475 lex
752 440 927 476 aeterna.

305 565 373 606 97.
407 551 789 594 DEMoNsTRArto.
826 551 927 594 Duo
962 551 1158 595 claritatis
1206 555 1337 611 gratia
1371 554 1609 612 distingue-

185 639 297 677 mus,
340 635 381 666 et
413 639 463 665 ex
501 621 652 665 ordine
693 621 984 679 probabimus:
1022 625 1155 681 primo
1204 625 1378 682 quidem
1423 627 1608 670 existere

186 696 229 737 in
262 707 405 738 mente
438 693 579 737 divina
601 694 812 737 rationem
835 693 1209 751 gubernandarum
1242 712 1403 754 rerum,
1435 698 1604 742 secundo

186 778 331 809 autem
364 766 490 809 talem
524 766 735 809 rationem
769 766 1111 823 gubernatricem
1146 769 1331 811 universi
1354 771 1508 813 mereri
1530 785 1611 813 no-

186 853 284 880 men
319 838 442 895 legis,
479 853 576 880 curn
610 838 691 895 ipsi
726 850 971 895 competant
1004 855 1050 882 ea
1074 841 1234 897 omnia,
1273 856 1379 898 quae
1419 841 1608 885 diximus

186 924 278 952 esse
313 909 364 952 de
397 921 606 966 conceptu
640 909 746 965 legis
780 908 847 951 vel
880 924 978 952 cum
1006 910 1097 953 eius
1131 912 1314 954 essentia
1338 913 1548 956 connecti.

305 981 337 1024 I.
373 980 509 1033 Quod
542 980 595 1023 sit
627 981 670 1022 in
703 981 799 1023 Deo
832 993 1000 1023 aeterna
1032 981 1240 1038 quaedam
1284 984 1390 1026 ratio
1425 985 1609 1041 practica

187 1052 320 1094 totius
356 1051 652 1109 dispositionis
702 1063 742 1094 et
773 1051 1095 1108 gubernationis
1144 1054 1346 1110 universi,
1379 1067 1466 1098 tam
1515 1056 1609 1098 evi-

188 1124 334 1167 denter
367 1135 494 1181 patet,
529 1137 656 1180 quam
691 1121 967 1165 manifestum
1001 1136 1063 1165 est
1098 1125 1241 1167 Deum
1278 1124 1329 1168 de
1363 1127 1565 1169 creaturis
1589 1143 1611 1169 a

187 1212 231 1238 se
278 1194 461 1238 conditis
510 1209 654 1236 curam
702 1209 748 1236 ac
795 1194 1112 1251 providentiam
1164 1195 1328 1240 habere.
1380 1198 1527 1250 Quare
1575 1199 1610 1240 is

188 1266 305 1310 solus
341 1281 495 1322 negare
527 1264 632 1308 illud
664 1277 822 1323 potest,
857 1267 929 1323 qui
962 1279 1089 1323 neget
1128 1267 1274 1310 Deum
1321 1284 1412 1311 esse
1456 1285 1611 1327 supre-

187 1354 311 1381 mum
344 1352 489 1380 rerum
522 1351 544 1378 a
576 1351 621 1379 se
656 1348 890 1379 creatarum
921 1349 1134 1381 rectorem
1169 1354 1213 1381 ac
1246 1340 1516 1396 provisorem
1540 1356 1611 1383 sa-

187 1409 507 1467 pientissimum
541 1406 626 1465 (Ι).

307 1480 360 1523 Et
392 1494 491 1522 sane
524 1477 895 1537 quemadmodum
932 1480 974 1521 in
1008 1491 1153 1523 mente
1197 1481 1397 1538 sapientis
1441 1481 1611 1525 artificis

189 1550 434 1609 praeexistit
466 1549 559 1593 idea
592 1565 665 1593 seu
699 1550 806 1592 ratio
850 1550 909 1593 rei
958 1550 1271 1608 producendae,
1307 1553 1362 1595 ita
1392 1553 1436 1594 in
1468 1565 1613 1597 mente

289 1760 345 1805 (ι)
372 1758 480 1795 Multi
510 1770 552 1793 ex
578 1759 630 1799 iis,
659 1758 717 1804 qui
744 1757 981 1804 pronuntiant
1010 1757 1129 1804 legem
1155 1768 1337 1795 aeternam
1356 1771 1431 1794 non
1450 1773 1527 1796 esse
1546 1761 1617 1796 nisi

193 1820 411 1867 figmentum
451 1818 778 1860 Scholasticorum‚
807 1829 881 1851 non
909 1827 981 1852 tam
1021 1819 1182 1863 priorem
1209 1819 1301 1853 hanc
1340 1829 1479 1865 partem
1509 1822 1619 1855 huius

191 1890 335 1915 nOStrae
362 1878 506 1913 theseos
533 1878 760 1924 impugnant,
791 1888 899 1923 quam
928 1877 1091 1912 alteram:
1113 1877 1268 1912 fatentur
1294 1880 1392 1913 enim
1419 1892 1456 1914 se
1483 1892 1616 1927 negare

192 1950 266 1973 non
294 1949 401 1984 posse
428 1949 503 1972 rem
532 1938 680 1971 nomine
708 1937 798 1981 legis
825 1945 990 1971 aeternae
1018 1949 1036 1971 a
1063 1937 1295 1972 Scholasticis
1323 1938 1544 1974 denotatam.
1564 1940 1615 1974 Ita

194 1997 363 2044 loquitur,
392 2007 428 2031 ut
456 2008 567 2030 unum
597 2005 783 2030 auctorem
823 1995 1028 2038 afferamus,
1057 1996 1289 2040 Thomasius‚
1318 1999 1402 2032 iuris
1438 1999 1506 2035 div.
1534 2000 1555 2034 l.
1588 2012 1619 2035 Ι,

196 2070 224 2093 c.
257 2068 284 2092 1.
313 2058 343 2102 S
374 2066 427 2100 31.
456 2058 539 2099 Qua
581 2056 616 2090 in
644 2068 680 2090 re
708 2055 834 2090 iuverit
873 2056 929 2089 hic
959 2055 1083 2091 afferre
1125 2069 1181 2099 ca,
1210 2070 1299 2104 quae
1336 2060 1535 2104 generatim
1574 2061 1617 2095 de

194 2116 503 2152 Scholasticorum
531 2126 729 2150 consensus
756 2116 970 2150 auctoritate
993 2116 1025 2149 in
1047 2117 1315 2162 quaestionibus
1335 2118 1532 2153 moralibus
1550 2119 1615 2154 ha-

195 2178 255 2211 bet
274 2177 382 2222 Hugo
405 2175 568 2218 Grotius,
591 2175 632 2209 de
653 2176 727 2210 iure
746 2174 833 2209 belli
852 2186 891 2208 ac
913 2176 1008 2220 pacis
1035 2175 1239 2222 prolegom.
1259 2188 1357 2211 num.
1380 2187 1445 2220 525
1471 2191 1486 2210 ι(
1502 2178 1614 2213 Scho-

196 2236 311 2270 lastici
338 2236 396 2269 ubi
426 2236 461 2270 in
491 2247 526 2270 re
554 2246 697 2269 morum
728 2235 972 2277 consentiunt,
1000 2235 1058 2269 vix
1087 2245 1150 2277 est,
1179 2245 1215 2270 ut
1235 2246 1363 2270 errent:
1387 2237 1518 2283 quippe
1537 2251 1616 2284 per-

197 2294 358 2340 spicaces
385 2293 583 2328 admodum
612 2293 654 2327 ad
683 2304 724 2327 ea
751 2292 917 2335 videnda,
937 2305 1026 2339 quae
1054 2295 1088 2327 in
1108 2294 1260 2328 aliorum
1280 2295 1385 2329 dictis
1405 2296 1616 2341 reprehendi

196 2361 359 2399 possunt:
388 2354 423 2387 in
451 2364 521 2399 quo
551 2354 628 2398 ipso
655 2362 775 2387 tamen
805 2352 942 2399 diversa
969 2352 1090 2387 tuendi
1111 2353 1228 2387 studio
1249 2352 1426 2388 laudabile
1444 2356 1616 2400 praebent

197 2411 399 2447 modestiae
426 2411 648 2458 exemplum,
677 2412 873 2445 rationibus
900 2411 992 2447 inter
1018 2424 1054 2446 se
1095 2421 1283 2454 certantes,
1313 2424 1400 2455 non,
1447 2413 1505 2459 qui
1533 2425 1615 2448 mos

197 2471 287 2506 adeo
314 2477 429 2518 nuper
456 2472 590 2506 litteras
618 2471 803 2518 inquinare
830 2471 958 2517 coepit,
986 2472 1166 2516 convitiis,
1188 2472 1282 2518 turpi
1311 2471 1409 2507 foetu
1436 2472 1618 2519 impoten-

194 2531 241 2567 tis
268 2532 392 2566 animi.
411 2546 430 2564 »
