1734 2784
110 232 197 265 tem
215 222 340 266 tacite.
353 239 372 263 t<
386 221 570 276 Omnes,
590 222 646 265 ait
664 221 838 265 Lessius
863 220 934 282 (Ι),
955 237 1041 265 non
1060 221 1203 265 solum
1223 220 1528 264 beatitudinem

110 305 326 353 appetunt,
359 293 434 338 sed
465 295 594 338 etiam
627 294 670 337 in
703 296 823 338 omni
872 311 914 338 re
946 306 1034 337 tam
1085 292 1194 336 mala
1242 308 1371 351 quarn
1420 291 1530 335 bona

111 377 325 424 appetunt.
362 365 532 411 Omnes
564 366 678 409 enim
713 382 810 409 cum
845 364 1003 424 aliquid
1026 376 1247 423 appetunt,
1273 363 1528 422 particulam

110 435 293 495 aliquam
334 438 490 496 integri
521 437 636 493 boni,
670 455 757 497 quo
790 439 1004 498 appetitus
1054 438 1259 494 satietur,
1294 448 1531 495 appetunt,

111 508 276 568 sibique
307 510 548 570 appetendo
571 523 611 554 et
633 510 926 569 conquirendo
950 512 1111 554 sensim
1143 510 1390 567 congeriem
1415 508 1529 550 illam

111 579 328 626 bonorum
361 595 545 637 struunt,
579 599 664 642 qua.
691 584 978 641 imaginantur
1002 600 1045 626 se
1072 582 1216 626 beatos
1242 581 1332 625 fore
1426 581 1530 625 Non

112 665 257 698 tamen
288 670 461 699 necesse
495 667 582 713 est,
617 668 661 698 ut
694 656 735 698 in
782 654 962 714 singulis
1011 655 1134 699 rebus
1180 653 1429 713 appetendis
1481 652 1531 696 de

112 726 371 772 beatitudine
404 728 607 786 cogitent.
644 728 764 772 Sicut
797 729 869 786 qui
902 729 1080 772 exstruit
1113 727 1313 780 domum,
1348 741 1436 769 non
1470 737 1533 768 est

112 815 304 854 necesse,
353 812 399 843 ut
447 801 489 844 in
538 799 718 858 singulis
760 799 968 858 lapidibus
1012 798 1248 858 ponendis,
1297 797 1363 841 vel
1406 796 1533 854 lignis

113 870 305 929 aptandis
340 870 391 915 de
425 870 557 915 domo
592 872 777 929 cogitet;
812 873 867 915 ita
901 872 972 930 qui
1006 870 1084 914 sibi
1118 871 1332 913 bonorum
1378 883 1532 925 conge-

114 942 221 986 riem
255 943 394 1001 struit,
429 959 512 1002 qua
535 945 746 1002 appetitus
771 944 961 995 satietur,
987 958 1073 986 non
1098 958 1207 1000 opus
1226 941 1348 984 habet
1367 954 1536 997 semper

116 1013 167 1058 de
200 1030 246 1058 ea
279 1016 477 1073 congerie
511 1016 710 1073 cogitare.
747 1016 819 1058 Est
854 1015 953 1058 haec
1002 1014 1207 1073 appetitio
1257 1010 1532 1056 beatitudinis

115 1102 203 1130 non
235 1095 418 1146 expressa
451 1100 491 1131 et
514 1088 725 1146 formalis,
758 1086 832 1131 sed
866 1088 985 1131 tacila
1033 1098 1073 1130 et
1122 1086 1337 1142 virtualis,
1371 1085 1534 1127 ratione

115 1158 247 1202 innati
280 1158 482 1218 ponderis
515 1172 688 1204 nostrae
721 1159 969 1216 voluntatis,
1003 1174 1088 1216 quo
1123 1159 1263 1201 anima
1314 1168 1459 1199 nostra
1493 1155 1535 1197 in

118 1245 240 1274 suam
274 1231 584 1290 perfectionem
609 1245 649 1275 et
673 1231 930 1290 completam
955 1230 1261 1274 beatitudinem
1282 1227 1536 1286 propendet:

118 1319 167 1346 ex
200 1304 319 1347 cuius
353 1304 656 1363 propensionis
705 1320 749 1347 ac
798 1303 999 1362 ponderis
1050 1304 1088 1346 vi
1143 1302 1284 1345 omnis
1333 1300 1536 1359 appetitio

119 1377 306 1420 cuiusvis
339 1376 601 1435 particularis
650 1376 750 1419 boni
801 1377 1004 1433 sequitur.
1055 1376 1200 1431 Itaque
1252 1373 1349 1431 quia
1398 1372 1537 1415 omnis

118 1449 323 1509 appetitio
357 1450 548 1508 sequitur
580 1466 630 1492 ex
664 1448 735 1492 illo
770 1447 958 1506 pondere
993 1446 1238 1499 voluntatis,
1275 1460 1360 1502 quo
1395 1444 1534 1486 anima

119 1523 162 1565 in
193 1520 500 1566 beatitudinem
533 1521 767 1574 inclinatur,
802 1536 940 1578 eoque
973 1519 1107 1562 tendit
1142 1530 1186 1560 ut
1221 1517 1430 1575 appetitus
1464 1515 1537 1558 ali-

119 1586 291 1653 quando
339 1596 540 1649 satietur3
574 1607 685 1637 recte
732 1595 772 1636 in
822 1608 872 1636 eo
922 1591 1110 1649 pondere
1162 1591 1285 1632 tacita
1329 1587 1534 1646 quaedam

57 1660 59 1662 .
119 1666 389 1713 beatitudinis
424 1667 630 1726 appetitio
665 1666 888 1722 contineri,
912 1676 950 1708 et
984 1680 1057 1721 per
1080 1662 1182 1706 illud
1211 1663 1301 1719 ipsa
1323 1659 1540 1704 beatitudo

120 1742 163 1784 in
195 1756 352 1797 genere
384 1740 525 1798 appeti
559 1738 729 1792 dicitur,
765 1738 872 1780 sicut
905 1736 1109 1794 appetitio
1158 1733 1251 1777 finis
1294 1733 1538 1776 continetur

120 1813 162 1855 in
196 1811 457 1871 appetitione
490 1809 734 1854 mediorum
757 1846 766 1861 ,
801 1821 839 1851 et
875 1807 979 1850 dum
1011 1806 1149 1849 media
1197 1817 1453 1863 appetuntur
1489 1819 1538 1845 ex

120 1883 268 1928 affectu
302 1882 413 1941 finis,
446 1883 535 1940 ipse
558 1897 729 1940 quoque
754 1880 846 1923 finis
865 1880 1022 1922 virtute
1046 1890 1085 1921 et
1110 1878 1231 1920 tacite
1261 1876 1400 1934 appeti
1437 1890 1538 1917 cen-

0 1983 38 2011 ,τ
123 1968 295 2001 Setur».

243 2028 389 2080 Quam
439 2041 530 2069 rem
576 2036 620 2067 ut
668 2022 864 2080 exemplo
899 2022 979 2065 alio
1025 2021 1303 2075 illustremus,
1340 2020 1392 2062 sit
1427 2030 1542 2076 pater

123 2101 196 2160 qui
230 2111 374 2143 motus
407 2112 554 2141 amore
602 2094 673 2139 filii
722 2113 741 2138 a
790 2111 832 2138 se
882 2095 1003 2137 unice
1048 2093 1189 2136 dilecti
1223 2092 1366 2134 statuit
1400 2088 1543 2133 nobile

123 2172 181 2215 illi
214 2169 417 2230 palatium
450 2181 681 2213 exstruere.
718 2169 834 2210 Dum
872 2168 903 2208 is
937 2165 1113 2208 artifices
1149 2176 1269 2207 vocat
1302 2179 1347 2206 ac
1381 2161 1541 2217 dirigit,

124 2243 227 2287 dum
262 2240 462 2301 operibus
496 2253 674 2298 praeest,
693 2251 911 2296 ceteraque
946 2238 1090 2280 omnia
1125 2235 1304 2279 sollicite
1339 2233 1542 2291 disponit,

123 2327 236 2360 recte
270 2314 425 2359 dicitur
467 2328 635 2371 semper
685 2312 725 2354 in
775 2310 975 2353 omnibus
1009 2322 1047 2352 et
1083 2307 1260 2363 singulis
1303 2302 1538 2348 illiusmodi

0 2505 29 2550 'f‘-
219 2504 273 2548 (ι)
301 2503 354 2537 De
383 2512 527 2536 summo
557 2501 665 2534 bono.
693 2496 714 2530 l.
749 2510 774 2532 1.
803 2507 833 2529 c.
864 2505 891 2528 2.
923 2506 956 2527 n.
987 2505 1016 2538 7.
1046 2503 1077 2526 et
1111 2491 1141 2525 8.
1173 2490 1227 2525 Ci'.
1250 2490 1356 2523 ctiam
1399 2488 1544 2528 Sim-cz,

0 2546 61 2599 1³3?
127 2562 170 2598 de
197 2563 258 2598 ult.
288 2560 357 2596 fine
384 2561 475 2606 disp.
503 2559 562 2593 111.
592 2567 676 2592 sect.
705 2558 747 2592 Υ.
776 2565 809 2590 et
848 2555 921 2591 w..
950 2553 1126 2598 Vnsqtth,
1158 2552 1190 2584 in
1233 2562 1257 2583 1.
1288 2560 1320 2583 2.
1351 2548 1438 2593 disp.
1466 2547 1543 2589 VL,

15 2532 37 2546 »r

17 2586 49 2610 -ts

12 2622 55 2646 qs

0 2622 84 2784 ἰ
110 2621 336 2671 ,Τοηςίοτςί
361 2620 440 2657 Eth.
468 2631 564 2654 num.
600 2628 649 2662 15.
680 2628 772 2663 seqq.
