1734 2784
797 108 1056 147 —208—

214 211 336 255 tura,
370 198 571 256 quodque
606 197 674 240 fini
699 198 852 241 ultimo
881 211 943 242 est
967 198 1201 241 conforme.
1228 199 1271 241 Si
1296 211 1469 256 propter
1500 199 1630 243 solam

214 269 537 312 delectationem
582 281 856 326 operaretur,
908 270 941 310 is
991 284 1089 312 sane
1139 269 1466 312 convenientem
1506 269 1626 313 illum

212 340 362 395 agendi
399 339 578 382 modum
614 354 699 382 non
732 352 932 392 servaret,
969 356 1065 383 cum
1100 339 1392 383 moderamine
1427 340 1500 384 illo
1534 357 1622 385 non

215 424 369 467 ageret.

329 482 404 523 Ill.
431 482 656 534 Quaerunt
680 494 825 524 utrum
848 481 994 524 saltem
1019 481 1171 525 dentur
1194 482 1451 525 omissiones
1483 483 1628 526 actio-

209 568 314 595 num
333 552 619 595 indifferentes
645 552 890 596 moraliter?
910 578 961 584 —-
984 552 1257 611 Respondeo,
1272 569 1318 596 ea
1337 555 1495 607 omnia,
1517 570 1623 612 quae

211 622 261 666 de
294 623 526 667 actionibus
561 623 763 675 diximus,
784 623 958 680 aptanda
979 639 1152 681 quoque
1181 640 1272 666 esse
1299 624 1621 682 omissionibus,

210 709 316 751 quae
349 696 389 736 in
424 694 498 736 hac
532 694 674 737 aliisve
727 694 1046 751 quaestionibus
1095 694 1172 737 sub
1221 696 1397 738 nomine
1445 695 1623 738 actionis

211 764 647 822 comprehenduntur.
672 766 818 822 Itaque
841 764 1111 823 seponendae
1144 766 1340 823 inprimis
1374 778 1470 808 sunt
1494 767 1626 809 omis-

207 835 349 878 siones
384 836 681 891 indeliberatae,
705 852 810 893 quae
844 852 887 879 se
920 835 1073 879 habent
1105 836 1259 880 eodem
1288 853 1463 894 prorsus
1488 837 1620 881 modo

205 923 252 950 ac
285 920 401 949 actus
434 908 617 951 hominis.
663 909 727 950 De
771 907 1077 951 omissionibus
1121 924 1221 951 vcro
1265 908 1515 962 deliberatis,
1548 925 1622 952 ne-

204 977 393 1034 gandum
428 990 490 1020 est
523 979 782 1021 omissiones
815 994 906 1021 esse
941 978 1216 1031 deliberataS,
1251 995 1357 1036 quae
1406 996 1456 1022 ex
1503 979 1620 1023 nullo

205 1064 254 1091 ex
286 1048 419 1091 tribus
453 1049 700 1092 moralitatis
735 1049 923 1092 fontibus
948 1051 972 1092 i.
993 1066 1026 1093 e.
1052 1065 1188 1108 neque
1212 1066 1262 1092 ex
1285 1049 1453 1093 obiecto
1482 1066 1620 1108 neque

203 1137 253 1163 ex
285 1120 367 1163 fine
400 1137 539 1179 neque
587 1136 637 1164 ex
684 1123 1015 1164 circumstantiis
1063 1123 1247 1179 speciem
1299 1122 1482 1179 aliquam
1529 1123 1620 1166 sive

202 1190 438 1235 honestatis
473 1193 559 1235 sive
592 1192 874 1236 inhonestatis
908 1193 1113 1249 hauriant,
1133 1206 1172 1236 et
1197 1205 1511 1251 consequenter
1533 1194 1619 1236 sint

202 1262 340 1306 forma
389 1265 508 1306 omni
549 1264 798 1307 moralitatis
832 1265 1070 1307 destitutae.
1107 1266 1154 1307 E.
1189 1280 1228 1321 g.
1274 1266 1453 1308 omissio
1502 1276 1618 1308 actus

201 1333 498 1391 eleemosynae
523 1351 599 1393 pro
624 1335 866 1378 diversitate
888 1335 1205 1392 adiunctorum‚
1238 1336 1279 1376 in
1303 1334 1455 1392 quibus
1488 1351 1617 1392 agens

199 1406 435 1462 reperitur,
469 1418 510 1448 et
544 1407 821 1463 potissimum
854 1405 964 1462 finis,
997 1422 1127 1463 quem
1162 1404 1285 1448 habet
1328 1407 1371 1448 in
1421 1421 1471 1449 eo
1520 1417 1613 1448 actu

199 1475 458 1533 omittendo,
490 1478 568 1519 erit
600 1476 666 1519 vel
698 1476 808 1519 bona
839 1477 904 1520 vel
940 1477 1062 1533 mala,
1095 1492 1315 1534 nunquam
1347 1493 1451 1520 vero
1484 1474 1616 1520 indif-

198 1545 336 1590 ferens
370 1547 601 1591 moraliter.

314 1620 387 1663 IV.
415 1620 642 1672 Quaerunt
675 1633 887 1678 praeterea
920 1620 1125 1677 quidnam
1159 1620 1210 1663 de
1244 1620 1364 1663 dictis
1397 1619 1464 1663 vel
1492 1618 1613 1662 factis
1647 1642 1656 1651 ·

195 1689 368 1732 ludicris
402 1705 476 1732 seu
504 1691 662 1733 iocosis
696 1691 748 1734 sit
771 1690 1079 1734 sentiendum?
1103 1716 1160 1724 -
1192 1690 1471 1749 Respondeo‚
1495 1689 1613 1733 iudi-

197 1762 311 1803 cium
337 1761 521 1818 pendere
543 1774 636 1804 tum
661 1778 711 1805 ex
728 1763 916 1820 inspecta
938 1763 1134 1819 ipsorum
1157 1774 1320 1815 natura,
1343 1774 1436 1804 tum
1460 1777 1509 1804 ex
1532 1762 1611 1804 cir-

196 1834 473 1887 cumstantiis,
507 1835 757 1891 praesertim
792 1850 895 1877 vero
943 1851 993 1878 ex
1040 1833 1123 1877 fine
1157 1834 1386 1892 operantis
1425 1834 1524 1886 Qua
1556 1831 1611 1876 de

194 1918 239 1947 re
273 1904 557 1948 conferendus
592 1907 771 1949 omnino
805 1919 868 1949 est
901 1922 933 1949 S.
963 1906 1175 1959 Thomas,
1208 1904 1279 1948 ubi
1315 1904 1366 1948 de
1400 1904 1612 1948 modestia

195 1976 279 2032 agit
311 1975 395 2034 (Ι),
428 1989 551 2034 atque
585 1978 773 2034 inquirit,
807 1989 951 2020 utrum
986 1977 1119 2035 possit
1152 1992 1242 2019 esse
1290 1975 1427 2033 aliqua
1472 1976 1608 2018 virtus

194 2047 302 2089 circa
334 2048 519 2090 actiones
552 2047 654 2103 ludi,
690 2060 833 2090 utrum
863 2048 906 2090 in
929 2047 1220 2105 superfluitate
1241 2045 1329 2088 ludi
1354 2046 1490 2103 possit
1513 2060 1604 2088 esse

192 2130 429 2175 peccatum,
463 2131 607 2161 utrum
641 2121 685 2161 in
736 2118 901 2162 defectu
935 2118 1025 2161 ludi
1060 2119 1292 2161 consistere
1325 2117 1460 2175 possit
1508 2131 1606 2174 pec-

192 2202 347 2233 catum.
382 2191 444 2233 En
478 2190 616 2248 aliqua
648 2191 825 2247 angelici
859 2192 1061 2233 Doctoris
1108 2188 1232 2232 verba
1278 2188 1377 2247 (2):
1413 2188 1601 2246 Oportet

287 2387 343 2429 (Ι)
372 2387 410 2420 In
439 2397 470 2420 2.
499 2396 528 2421 2.
556 2398 587 2432 q.
619 2384 693 2420 168.
721 2397 750 2419 a.
778 2395 847 2426 2-4.

285 2447 341 2490 (2)
370 2446 456 2480 Loc.
477 2446 534 2480 cit.
554 2455 616 2480 art.
637 2457 667 2479 2.
687 2444 742 2479 Cf.
757 2444 929 2485 Tullium,
949 2444 992 2478 de
1012 2443 1072 2478 off.
1093 2444 1115 2478 Ι.
1137 2453 1205 2488 19.:
1236 2444 1347 2478 «Non
1366 2443 1412 2476 ita
1438 2440 1603 2488 generati

189 2516 210 2539 a
235 2513 361 2539 natura
386 2516 522 2547 sumus,
550 2514 588 2538 ut
615 2504 658 2538 ad
684 2504 808 2538 ludum
850 2512 882 2537 et
917 2504 1037 2537 iocum
1076 2502 1157 2537 facti
1197 2513 1272 2536 esse
1306 2501 1510 2543 videamur;
1535 2499 1599 2534 sed

189 2564 233 2599 ad
261 2565 487 2599 severitatem
516 2565 644 2610 potius,
672 2573 705 2598 et
731 2564 773 2598 ad
802 2562 977 2610 quaedam
1004 2561 1118 2597 studia
1145 2562 1310 2608 graviora
1328 2569 1432 2607 atque
1450 2560 1603 2596 maiora.
