1734 2784
198 234 397 279 ceptuum
433 219 660 263 claritatem
696 219 811 263 valde
845 220 1017 273 confert,
1038 219 1244 277 videlicet,
1274 220 1385 264 aliud
1419 236 1512 264 esse
1537 220 1612 265 lo-

196 294 266 350 qui
300 292 350 335 de
383 291 639 335 beatitudine
670 300 741 349 pm·
775 308 812 335 se
845 304 883 334 et
919 294 957 334 in
987 307 1125 348 genere
1160 291 1438 346 considerata,
1494 291 1608 336 aliud

196 379 296 407 vero
331 362 448 421 loqui
482 362 531 405 de
565 361 824 405 beatitudine
860 364 898 405 in
932 371 1108 406 concreto
1141 374 1180 405 et
1205 362 1245 405 in
1272 362 1524 420 particulari
1546 364 1614 406 in-

195 448 349 494 specti,
382 450 536 492 nempe
569 433 619 477 de
662 449 712 476 eo
762 433 1044 477 determinato
1078 433 1206 487 bono,
1242 435 1283 476 in
1317 449 1403 492 quo
1451 450 1501 478 ex
1551 435 1611 478 rei

193 507 369 549 veritate
404 509 508 548 ratio
542 504 813 547 beatitudinis
854 505 1073 562 reperitur.
1095 506 1188 550 Nos
1214 505 1290 548 hac
1315 506 1356 547 in
1380 504 1492 548 thesi
1518 520 1611 563 spe-

195 592 258 622 cta
275 594 373 621 mus
407 577 649 621 felicitatem
678 586 745 635 per
770 593 806 620 se
831 589 869 620 et
907 579 947 620 in
968 592 1119 633 genere.
1149 578 1263 621 Cum
1295 593 1398 635 ergo
1428 576 1611 622 dicimus

195 666 345 694 omnes
380 650 576 693 homines
611 650 837 692 convenire
871 650 911 691 in
946 650 1178 707 appetenda
1211 649 1480 706 beatitudine,
1519 664 1608 693 non

193 721 468 779 affirmamus,
503 737 653 765 omnes
688 720 884 764 homines
921 722 1145 764 convenire
1180 722 1219 764 in
1269 720 1506 780 appetendo
1555 736 1606 765 eo

195 793 472 836 determinato
506 792 638 845 bono,
675 792 724 835 de
768 808 853 850 quo
903 794 1008 836 ratio
1056 791 1325 836 beatitudinis
1375 792 1607 836 essentialis

193 880 336 922 reapse
368 863 606 907 verificatur
639 864 825 921 (nempe,
858 864 970 915 Deo,
1012 877 1057 907 ut
1100 864 1243 907 statim
1284 863 1603 922 probabimus);

193 936 265 979 sed
298 937 542 993 asserimus7
561 951 711 979 omnes
736 935 931 979 homines
952 937 1178 980 convenire
1201 937 1242 979 111
1262 936 1496 994 appetenda
1514 935 1607 979 bea-

193 1007 373 1051 titudine
407 1016 478 1066 per
515 1024 552 1051 se
591 1020 630 1050 et
670 1009 710 1051 in
746 1023 883 1064 genere
914 1007 1196 1060 considerata,
1237 1023 1415 1066 eamque
1459 1023 1609 1051 omnes

195 1079 334 1121 conari
353 1078 544 1136 (diverso
569 1079 741 1136 quiden]
766 1080 955 1131 tramite,
982 1092 1097 1123 recto
1122 1078 1208 1132 alii,
1235 1079 1299 1121 alii
1325 1078 1516 1137 obliquo,
1540 1078 1608 1122 alii

193 1165 368 1208 prorsus
403 1151 620 1209 opposito)
658 1150 861 1209 consequi
895 1150 977 1209 (1).
1012 1150 1080 1194 Ad
1112 1166 1201 1194 rem
1236 1166 1268 1194 s.
1296 1151 1494 1195 Thomas
1533 1150 1608 1210 (2):

287 1314 338 1357 (1)
367 1312 564 1349 Clare-hoc
593 1313 746 1359 explicat
773 1312 931 1359 Segneri‚
967 1304 1165 1348 folcradum
1192 1324 1294 1359 senza
1321 1324 1416 1349 seusa
1433 1342 1440 1356 ‚
1458 1322 1555 1360 parte
1579 1323 1608 1349 1.

194 1385 268 1420 cap.
287 1383 314 1416 3.
331 1385 425 1407 num.
447 1372 491 1407 6.:
517 1373 599 1407 «La
626 1383 750 1408 natura
768 1372 813 1407 ha
833 1373 996 1406 inclinati
1014 1373 1061 1418 gli
1082 1373 1220 1407 uomini
1239 1374 1319 1408 tutti
1339 1373 1613 1419 generalmente

193 1446 210 1467 a
239 1445 377 1468 cercare
405 1434 427 1467 il
456 1434 557 1475 bene,
577 1443 635 1466 ma
661 1444 734 1467 non
753 1432 797 1467 ha
816 1432 894 1465 loro
922 1432 1004 1466 dato
1033 1433 1321 1468 intuitivamente
1341 1445 1358 1467 a
1380 1433 1511 1467 vedere
1531 1431 1613 1467 [love

193 1498 259 1543 egli
283 1497 343 1530 sia.
370 1495 488 1530 Yuole
516 1494 582 1528 che
610 1494 651 1527 da
679 1496 715 1527 se
742 1494 777 1527 lo
805 1493 1018 1527 rintraccino
1048 1494 1105 1529 col
1134 1493 1307 1537 discorso,
1338 1494 1372 1528 di
1401 1494 1455 1528 cui
1483 1488 1614 1529 dotolli

191 1569 210 1592 a
237 1557 284 1592 tal
314 1556 393 1590 fine.
423 1554 481 1590 Gli
509 1555 647 1589 1101111111
675 1556 760 1600 pero
787 1554 971 1599 seguendo
999 1553 1031 1588 la
1058 1553 1184 1589 liberta
1216 1553 1272 1588 del
1299 1543 1375 1589 loro
1411 1553 1559 1598 talento,
1584 1557 1615 1589 si

190 1616 375 1663 applicano
403 1615 621 1649 variamente
647 1626 664 1648 a
693 1613 852 1659 pregiare
878 1614 937 1660 piu
965 1623 1089 1661 questo
1117 1614 1220 1657 bene,
1249 1613 1313 1648 che
1340 1613 1474 1661 quello,
1495 1625 1611 1649 scam-

189 1675 322 1710 biando
343 1686 403 1720 per
421 1674 630 1719 goffaggine
650 1685 722 1708 non
743 1674 778 1708 di
805 1674 890 1708 rado
919 1675 951 1708 la
980 1674 1084 1720 copia
1113 1685 1180 1708 con
1209 1671 1423 1719 l'originale‚'
1444 1674 1467 1708 il
1501 1685 1612 1720 corpo

191 1747 259 1770 con
285 1735 450 1777 sembra,
480 1733 501 1767 il
528 1733 622 1768 reale
649 1745 717 1767 con
745 1732 978 1779 l'apparente.
995 1749 1010 1764 »
1044 1733 1122 1768 Hoc
1148 1732 1247 1768 idem
1275 1732 1421 1779 pulchre
1441 1734 1612 1780 expressit

191 1795 328 1830 Dantes
345 1823 352 1837 ,
382 1793 485 1839 Purg.
514 1793 640 1835 XVII„
666 1793 765 1828 hisce
791 1794 917 1829 verbis:

381 1861 536 1896 Ciascun
565 1859 838 1895 confusamente
864 1871 911 1894 un
939 1861 1030 1895 bene
1057 1859 1253 1906 apprende‚

475 1909 542 1943 Nel
570 1908 650 1954 qual
678 1908 705 1941 si
732 1908 841 1954 quieti
867 1907 1026 1943 l'animo.
1054 1919 1071 1942 e
1101 1908 1229 1942 desita:

475 1956 612 1990 Perche
638 1956 672 1989 di
701 1956 851 2002 giunger
875 1955 925 1990 lui
953 1957 1096 1990 ciascun
1123 1954 1313 1990 contende.

191 2022 246 2059 Cf.
276 2023 384 2059 etiam
410 2022 602 2068 Taparelli,
629 2022 745 2067 saggio
773 2027 885 2056 [eoi-et.
915 2020 948 2054 di
974 2021 1077 2055 dritto
1106 2026 1175 2055 nat.
1196 2020 1375 2055 dissertaz.
1410 2019 1434 2054 Ι,
1479 2030 1554 2066 cap,
1579 2029 1608 2055 1.

190 2095 288 2118 num.
317 2092 383 2127 275
417 2081 532 2115 «Non
561 2081 588 2114 si
616 2079 758 2126 disputa
789 2092 820 2115 se
858 2079 959 2116 debba
988 2080 1129 2115 tcndersi
1167 2080 1237 2114 alla
1261 2078 1401 2125 salienti,
1429 2089 1500 2122 ma,
1527 2090 1608 2113 am-

190 2153 310 2177 messo
338 2150 461 2189 questo
490 2151 594 2175 come
621 2140 811 2186 principio,
841 2141 870 2175 si
898 2140 1079 2175 domanda
1104 2151 1165 2174 ove
1192 2139 1256 2174 ella
1284 2139 1416 2174 trovisi.
1437 2154 1453 2169 »

284 2202 336 2246 (2)
356 2201 395 2236 In
416 2211 440 2237 1.
459 2210 564 2247 2.q.1.
583 2211 612 2235 a.
625 2210 656 2244 7.
675 2200 827 2246 Egregie
842 2211 868 2235 s.
884 2200 1120 2247 Augustinus,
1139 2211 1243 2235 serm.
1265 2210 1292 2233 1.
1310 2199 1346 2233 in
1364 2210 1414 2244 ps.
1429 2198 1610 2233 CXVIII.:

193 2278 208 2293 «
225 2264 374 2297 Beatum
401 2273 475 2296 esse
501 2270 577 2296 tam
616 2272 785 2306 magnum
814 2269 865 2295 est
893 2261 1041 2303 bonum,
1068 2268 1105 2294 ut
1130 2259 1200 2294 hoc
1227 2269 1260 2294 et
1298 2259 1385 2294 boni
1422 2257 1538 2294 velint
1577 2266 1611 2292 et
1639 2266 1649 2270 ·

188 2322 286 2357 mali.
312 2322 387 2357 Nec
416 2320 546 2356 mirum
573 2329 637 2364 est,
666 2318 761 2366 quod
788 2319 875 2354 boni
903 2328 1093 2366 propterea
1121 2327 1201 2354 sunt
1228 2319 1323 2362 boni,
1351 2317 1411 2354 sed
1439 2317 1527 2352 illud
1554 2326 1608 2353 est

188 2383 330 2424 mirum,
356 2380 452 2421 quod
478 2380 585 2415 etiam
612 2380 696 2414 mali
723 2388 909 2425 propterea
937 2368 1019 2414 sunt
1045 2379 1144 2420 mali,
1174 2386 1210 2414 ut
1242 2379 1310 2413 sint
1337 2376 1425 2412 boni
1459 2378 1604 2422 (nempe

190 2441 344 2485 beati)...
375 2441 604 2486 Quicumque
631 2438 779 2474 molitur
814 2438 1043 2473 inimicorum
1083 2439 1299 2485 sanguinem
1337 2436 1500 2478 fundere,
1531 2435 1607 2483 qui-

190 2511 343 2547 cumque
371 2500 543 2535 desiderat
570 2498 872 2541 dominationem,
894 2498 1051 2545 quisquis
1070 2496 1215 2532 affectat
1233 2496 1479 2531 crudelitatem
1506 2506 1608 2529 suam

191 2560 343 2605 explere,
371 2560 527 2605 quisquis
553 2558 676 2594 alienis
696 2557 854 2592 cladibus
882 2557 1046 2602 pascitur,
1068 2556 1103 2590 in
1123 2556 1292 2591 omnibus
1312 2554 1508 2590 sceleribus
1525 2553 1610 2588 bea-

189 2618 379 2654 titudinem
407 2620 588 2666 quaerit.»
619 2618 669 2654 Cf.
699 2618 805 2653 etiam
833 2628 857 2651 s.
885 2616 971 2660 Th„
1006 2625 1030 2651 1.
1060 2626 1090 2651 2.
1118 2627 1148 2663 q.
1179 2623 1208 2659 5.
1235 2626 1265 2651 a.
1293 2615 1324 2651 8.
