1734 2784
0 2646 42 2784 stt

132 181 261 225 quam
296 177 361 209 tot
395 166 649 223 gravissimi.
669 178 863 208 auctores
897 165 968 224 (1)
1002 178 1089 209 tam
1113 179 1305 209 accurate
1329 179 1561 224 pertracta-

132 249 243 291 runt,
276 249 317 280 et
348 238 390 280 in
439 252 521 294 qua
553 236 756 280 solvenda
787 236 944 280 ethnici
993 236 1241 295 philosophi
1278 236 1362 281 fere
1410 253 1563 281 omnes

130 321 336 353 errarunt.

253 379 563 438 «Philosophi,
596 381 651 423 ait
673 396 707 423 s.
732 380 990 423 Ambrosius
1025 382 1101 437 (2),
1135 381 1265 422 vitam
1302 380 1465 423 beatam
1492 379 1559 423 alii

129 451 172 495 in
194 466 282 495 non
306 450 492 495 dolendo
515 463 767 509 posuerunt,
801 464 846 493 ut
882 452 1206 509 Hieronymus:
1241 450 1309 493 alii
1339 452 1380 494 in
1416 467 1559 494 rerum

126 522 320 575 scientia,
355 533 401 564 ut
434 520 637 575 Hermus,
671 522 742 579 qui
776 521 951 564 audiens
985 521 1033 564 ab
1068 521 1302 564 Aristotele
1338 534 1380 564 et
1412 521 1560 564 Theo-

125 591 299 652 phrasto
333 591 579 635 mirabiliter
610 592 821 635 laudatam
856 608 947 636 esse
984 607 1126 635 rerum
1152 593 1393 649 scientiam,
1415 591 1552 635 solam

125 678 220 708 eam
253 664 373 721 quasi
406 678 630 706 summum
663 662 826 705 bonum
861 664 1034 720 posuit,
1073 678 1170 705 cum
1206 662 1263 705 illi
1298 678 1392 706 eam
1436 663 1554 719 quasi

124 733 304 792 bonum,
337 749 425 777 non
458 735 577 792 quasi
609 750 833 777 summum
870 739 1030 777 bonum
1065 733 1341 777 laudaverint.
1367 734 1451 777 Alii
1477 748 1552 776 vo-

123 803 331 863 luptatem
365 804 577 861 dixerunt,
611 818 656 848 ut
690 806 929 863 Epicurus:
964 805 1045 858 alii,
1081 818 1126 847 ut
1147 805 1347 862 Callipho
1381 818 1421 847 et
1455 817 1553 862 post

125 892 224 920 eum
259 875 495 931 Diodorus,
530 877 586 918 ita
619 877 879 933 interpretati
914 888 1026 930 sunt,
1054 890 1097 919 ut
1131 877 1236 920 alter
1269 878 1319 920 ad
1353 875 1554 933 volupta—

125 960 227 1004 tem,
258 947 364 991 alter
395 947 446 991 ad
479 949 735 991 vacuitatem
788 947 947 991 doloris
999 949 1267 992 consortium
1318 948 1553 991 honestatis

124 1018 428 1076 adiungerent,
463 1018 580 1077 quod
614 1020 704 1062 sine
739 1035 786 1061 ea
819 1034 905 1061 non
953 1032 1097 1077 posset
1147 1035 1240 1062 esse
1290 1020 1373 1061 vita
1421 1018 1552 1061 beata.

124 1091 273 1135 Zenon
306 1091 477 1134 Stoicus
512 1090 654 1133 solum
690 1103 728 1133 et
762 1107 982 1133 summum
1033 1090 1211 1147 bonum,
1248 1090 1365 1147 quod
1414 1090 1555 1132 hone-

124 1173 238 1204 stum
273 1173 366 1204 est:
400 1150 655 1205 Aristoteles
691 1174 830 1204 autem
865 1162 930 1204 vel
966 1160 1298 1220 Theophrastus
1352 1174 1392 1204 et
1427 1161 1553 1204 ceteri

122 1232 393 1290 Peripatetici
424 1234 466 1276 in
499 1234 656 1276 virtute
693 1232 883 1288 quidem,
920 1233 1000 1275 hoc
1035 1246 1114 1285 est,
1151 1233 1386 1290 honestate,
1420 1233 1551 1275 vitam

122 1303 288 1347 beatam
322 1319 430 1361 esse,
463 1304 537 1348 sed
572 1304 776 1362 compleri
814 1306 903 1348 eius
938 1304 1244 1348 beatitudinem
1279 1305 1405 1347 etiam
1450 1320 1552 1347 cor—

122 1375 240 1434 poris
273 1388 397 1434 atque
430 1378 614 1419 externis
662 1376 783 1419 bonis
819 1389 1144 1419 asseruerunt.»
1202 1377 1345 1433 Itaque
1388 1375 1545 1419 ethnici

121 1445 371 1505 philosophi
405 1448 446 1490 in
481 1447 738 1505 assignando
764 1463 937 1490 summo
963 1447 1152 1490 hominis
1176 1446 1291 1490 bono
1316 1446 1381 1489 vel
1405 1459 1546 1503 aperte

119 1531 326 1573 errarunt,
359 1517 425 1562 vel
458 1532 570 1563 certe
603 1535 689 1563 non
725 1519 845 1577 plene
878 1532 917 1562 et
952 1518 1058 1562 clare
1092 1520 1310 1562 veritatem
1347 1531 1445 1560 sunt
1477 1533 1548 1559 as-

119 1590 267 1647 secuti,
300 1591 483 1648 exceptis
521 1592 680 1648 paucis,
714 1590 764 1633 de
798 1590 949 1647 quihus
986 1591 1040 1632 ita
1089 1589 1277 1647 loquitur
1325 1605 1356 1631 S.
1389 1590 1544 1645 Augu-

118 1661 254 1704 stinus
287 1660 384 1720 (3):
426 1661 633 1706 «Cedant
667 1661 708 1703 hi
743 1677 892 1703 omnes
928 1661 1005 1702 illis
1041 1660 1328 1718 philosophis,
1351 1660 1424 1717 qui
1457 1675 1542 1701 non

119 1731 319 1775 dixerunt
352 1731 523 1775 beatum
568 1749 659 1776 esse
711 1733 934 1775 hominem
979 1731 1191 1775 fruentem
1240 1746 1449 1789 corpore,
1483 1730 1547 1774 vel

212 1940 266 1984 (1)
293 1940 345 1974 Ex
371 1940 553 1974 veteribus
581 1940 823 1986 philosophis,
851 1939 1065 1974 Aristoteles
1092 1940 1113 1973 I.
1139 1951 1161 1973 1.
1192 1940 1318 1977 Ethic..
1343 1939 1472 1973 Cicero
1502 1937 1544 1971 de

117 1998 178 2033 fin.
204 2000 287 2034 bon.
305 2009 340 2034 et
358 2000 442 2034 mal.
462 2009 568 2046 atque
594 2001 629 2034 in
656 2000 863 2034 paradoxis:
887 2011 928 2033 ex
957 2011 1002 2034 ss.
1023 2000 1085 2044 Pp.
1107 2009 1139 2034 et
1161 1999 1281 2044 script.
1304 1999 1404 2040 eccl.,
1426 2010 1451 2032 s.
1469 2001 1545 2033 Au-

117 2059 281 2105 gustinus
299 2059 343 2093 de
369 2059 514 2094 eivitate
540 2060 606 2094 Dei
636 2060 656 2094 I.
677 2060 783 2101 xlx„
805 2072 834 2094 s.
856 2060 1070 2093 Ambrosius
1092 2059 1135 2093 de
1155 2059 1216 2092 off.
1238 2059 1257 2092 I.
1279 2059 1321 2092 ΙΙ.
1344 2069 1370 2093 c.
1393 2069 1437 2100 2.,
1459 2059 1546 2092 Lac-

115 2118 250 2152 tantius
275 2117 345 2152 div.
373 2118 523 2153 institut.
553 2119 571 2153 I.
602 2119 663 2152 111.
687 2130 766 2164 cap.
789 2119 881 2152 V11.:
903 2130 943 2152 ex
973 2118 1118 2152 scholae
1146 2118 1367 2158 doctoribus,
1391 2128 1416 2151 s.
1436 2117 1542 2151 Tho-

115 2187 195 2211 mas
225 2187 252 2212 1.
281 2187 312 2212 2.
339 2190 373 2224 q.
414 2187 453 2220 2.‚
482 2187 604 2213 contra
645 2187 740 2224 gent.
782 2179 801 2211 I.
832 2178 891 2213 111.
932 2190 1006 2224 cap.
1038 2188 1091 2221 27.
1129 2190 1216 2223 sqq..
1245 2187 1277 2211 et
1319 2188 1347 2211 s.
1378 2177 1544 2211 'I'Iiomae

112 2246 421 2273 commentatores
447 2238 588 2279 SuareZ,
614 2239 794 2284 Vasquez,
824 2238 967 2272 Lessius
994 2248 1059 2273 etc.

208 2298 264 2342 (2)
290 2297 344 2332 De
370 2298 497 2332 oliiciis
526 2299 720 2333 ministros.
751 2298 772 2332 l.
802 2299 842 2331 11.
872 2309 900 2331 c.
931 2307 958 2332 2.
988 2300 1021 2333 S
1052 2299 1282 2343 Augustinus,
1307 2297 1348 2330 tle
1378 2297 1445 2329 civ.
1475 2294 1541 2329 Dei

116 2356 141 2391 l.
167 2356 266 2392 XIX.
296 2368 324 2392 c.
359 2367 403 2399 1.‚
435 2356 539 2391 refert
565 2359 723 2392 Marcum
752 2357 953 2391 Varronem
981 2368 1210 2391 enumerasse
1239 2357 1408 2389 ducentas
1435 2363 1542 2388 octo-

113 2415 213 2461 ginta
240 2425 325 2450 octo
353 2416 507 2451 diversas
546 2416 611 2450 hac
641 2417 682 2451 de
711 2429 746 2450 re
775 2417 969 2462 opiniones
1007 2428 1068 2451 seu
1097 2425 1223 2457 sectas,
1251 2427 1322 2449 non
1352 2427 1439 2461 quae
1472 2415 1541 2447 iam

112 2483 252 2516 essent,
280 2475 340 2509 sed
371 2487 460 2522 quae
489 2488 563 2509 esse
591 2486 750 2521 possent.

208 2534 264 2578 (3)
294 2533 348 2568 De
378 2534 475 2569 civit.
504 2534 571 2569 Dei
602 2535 624 2569 1.
651 2535 749 2569 VIII.
777 2546 806 2568 c.
834 2534 865 2569 8.
