1734 2784
817 126 1082 156 —110—

236 210 381 265 ltaque
414 206 622 250 elementa
655 223 729 250 seu
763 219 886 250 notae
920 207 1163 250 essentiales
1197 207 1424 252 voluntarii
1469 208 1550 252 huc
1587 225 1657 253 re-

238 280 380 323 deunt.
417 281 473 322 Ut
507 291 623 322 actus
657 280 709 321 sit
732 278 1014 332 voluntarius,
1040 279 1268 337 requiritur
1297 279 1375 338 1.⁰)
1397 292 1442 323 ut
1466 279 1659 325 effective

237 351 471 410 dependeat
507 366 528 393 a
560 351 777 394 voluntate
810 363 1028 408 tamquam
1063 367 1084 394 a
1118 366 1240 394 causa
1274 352 1337 394 sui
1361 352 1652 410 productrice:

238 443 262 464 «
295 423 586 466 voluntarium
621 422 788 479 dicitur,
832 421 948 479 quod
988 434 1050 465 est
1084 438 1106 465 a
1138 421 1357 466 voluntate
1390 440 1410 463 »
1450 423 1551 482 (1);
1586 439 1657 467 re-

237 496 419 554 quiritur
454 497 527 553 λθ)
564 506 608 537 ut
642 493 690 536 ab
735 511 781 536 ea
824 493 1024 552 procedat
1072 510 1121 537 ex
1165 495 1331 552 praevia
1379 495 1653 538 intellectuali

238 568 484 623 cognitione
531 565 625 608 finis
672 579 798 623 atque
848 565 1276 623 circuinstantiarum,
1311 578 1351 609 et
1389 566 1564 624 quidem
1607 583 1658 611 ex

236 639 482 694 cognitione
517 639 731 682 intrinseca
767 638 846 695 ipsi
891 638 1046 693 agenti,
1090 653 1111 679 a
1144 652 1229 694 quo
1273 649 1390 680 actus
1441 637 1657 695 procedit:

243 727 262 748 «
295 709 586 751 voluntarium
622 709 775 751 dicitur
810 724 944 751 esse...
970 724 1057 750 non
1082 706 1226 750 solum
1252 708 1370 751 cuius
1396 709 1655 766 principium

237 793 300 823 est
335 781 454 833 intra,
489 779 562 822 sed
596 796 694 822 cnm
729 779 942 823 additione
976 780 1176 822 scientiae
1209 797 1228 819 ›>
1270 779 1352 838 (2).
1388 779 1490 824 Inde
1514 793 1657 824 autem

238 852 314 893 tria
350 850 450 893 haec
485 849 601 893 facile
636 850 939 907 intelligentur.

362 922 401 980 )
436 923 555 965 Patet
605 923 818 980 inprimis,
854 923 895 964 in
931 937 1016 979 quo
1052 921 1246 964 differant
1292 922 1496 979 naturale,
1528 930 1657 980 spon-

238 1003 418 1046 taneum,
454 994 753 1037 voluntarium.
788 992 991 1038 Naturale
1035 992 1187 1036 dicitnr
1237 993 1444 1051 quidquid
1477 1010 1500 1037 a
1531 995 1657 1051 prin-

241 1066 351 1122 cipio
387 1067 553 1108 interno
588 1065 795 1123 procedit,
827 1065 924 1108 licet
957 1064 1069 1108 nulla
1105 1065 1145 1106 in
1179 1066 1273 1122 ipso
1307 1078 1458 1122 agente
1491 1065 1657 1123 praelu-

237 1152 334 1179 cens
370 1137 558 1193 cognitio
595 1137 856 1194 praeexistat,
892 1148 937 1178 ut
973 1153 1007 1179 e.
1043 1152 1082 1193 g.
1119 1149 1216 1179 sunt
1244 1138 1515 1194 operationes
1549 1138 1659 1180 vitae

233 1210 492 1265 vegetativae
526 1207 622 1266 (3):
658 1216 926 1266 sponsaturum
959 1222 1060 1250 vero
1096 1206 1250 1250 dicitur
1300 1207 1509 1266 quidquid
1556 1223 1655 1251 cum

238 1280 290 1322 sit
325 1279 528 1334 naturale,
565 1281 589 1322 i.
624 1296 657 1322 e.
694 1279 740 1322 ab
774 1281 940 1322 interno
975 1278 1229 1336 procedenS,
1256 1280 1554 1336 cognitionem
1577 1279 1659 1322 ali-

238 1367 363 1408 qnam
401 1351 442 1392 in
476 1351 569 1408 ipso
604 1363 752 1407 agente
786 1352 1108 1408 praesupponit,
1141 1350 1237 1393 licet
1260 1366 1346 1394 non
1379 1351 1455 1394 sub
1489 1351 1653 1394 ratione

235 1422 346 1478 finis,
382 1434 426 1464 nt
459 1438 493 1464 e.
529 1438 568 1479 g.
604 1434 701 1464 sunt
735 1421 893 1464 mnltae
923 1421 1149 1464 brutorum
1185 1423 1482 1479 operationes:
1509 1421 1656 1465 volun-

237 1495 391 1536 tarium
424 1492 594 1536 tandem
629 1493 783 1536 dicitur
818 1492 872 1546 id,
907 1492 1025 1550 qnod
1059 1492 1107 1536 ab
1132 1494 1299 1536 interno
1323 1494 1532 1551 principio
1557 1508 1654 1550 pro-

237 1563 344 1606 cedit
378 1576 417 1607 et
450 1564 527 1606 snb
552 1563 733 1621 perfecta
759 1565 1006 1621 cognitione
1030 1563 1140 1618 finis,
1165 1581 1245 1623 qua
1269 1565 1377 1623 talis,
1402 1564 1653 1609 cuiusmodi

236 1649 335 1677 sunt
368 1636 553 1678 actiones
588 1635 798 1678 hnmanae
832 1635 915 1694 (4).

334 1818 390 1862 (1)
418 1819 454 1853 S.
484 1818 570 1859 Th.‚
602 1829 628 1852 1.
658 1829 688 1852 2.
718 1830 752 1864 q.
782 1817 813 1852 6.
844 1830 876 1853 a.
908 1830 938 1864 3.

332 1878 388 1921 (2)
417 1879 450 1912 S.
478 1878 558 1920 Th.‚
592 1889 618 1911 1.
647 1889 679 1913 2.
710 1891 741 1924 q.
769 1877 800 1911 6.
826 1890 854 1912 a.
889 1889 913 1913 1.
943 1878 999 1914 Cf.
1027 1880 1167 1921 SuareZ,
1196 1879 1239 1914 de
1259 1879 1396 1914 volunt.
1417 1889 1450 1914 et
1471 1879 1652 1916 involant.

238 1937 327 1983 disp.
358 1938 381 1971 Ι.
409 1946 497 1973 sect.
532 1949 560 1973 1.
590 1938 799 1984 praesertim
840 1950 873 1972 n.
901 1950 1023 1984 9-11.,
1064 1939 1245 1978 Ballerini,
1275 1951 1352 1985 syn.
1391 1939 1434 1974 de
1463 1948 1530 1974 act.
1557 1939 1656 1974 hum.

233 2008 315 2042 cap.
343 1997 385 2030 Π.

332 2057 388 2100 (3)
415 2056 538 2097 Dices,
568 2057 796 2101 operationes
825 2057 932 2091 etiam
962 2057 1057 2097 istas,
1087 2069 1175 2103 quae
1216 2066 1298 2092 sunt
1332 2069 1429 2092 mere
1466 2058 1653 2100 naturales,

238 2115 312 2161 regi
340 2127 400 2161 per
427 2116 686 2161 cognitionem.
713 2136 754 2141 ——
785 2117 996 2161 Distinguo:
1026 2126 1197 2162 reguntur
1216 2128 1277 2163 per
1295 2117 1377 2151 finis
1397 2117 1657 2163 cognitionem,

235 2186 329 2221 quae
356 2175 399 2208 sit
427 2175 461 2208 in
489 2175 568 2220 ipso
595 2184 723 2221 agente
751 2187 842 2221 wgo,
872 2187 934 2221 per
968 2176 1048 2210 finis
1089 2177 1339 2221 cognitionem
1376 2176 1592 2211 existentem
1621 2177 1657 2210 in

238 2235 318 2268 Deo
345 2243 490 2268 naturae
529 2233 637 2278 ipsius
665 2234 853 2268 conditore
881 2233 1033 2269 concedo.
1064 2236 1228 2269 Iamvero
1255 2234 1298 2268 ad
1325 2243 1446 2270 actum
1480 2234 1656 2269 volunta-

238 2294 330 2327 rium
359 2305 433 2327 non
459 2294 544 2328 satis
572 2303 635 2335 est,
662 2303 699 2327 ut
727 2303 846 2327 motus
881 2294 954 2328 sive
994 2303 1093 2328 actus
1131 2303 1274 2339 regatur
1313 2305 1539 2340 quacumque
1574 2293 1657 2328 finis

237 2352 461 2398 cognitione,
488 2352 563 2394 sed,
592 2352 898 2398 quemadmodum
939 2354 1008 2386 iam
1048 2352 1214 2395 diximus,
1254 2361 1396 2398 oportet
1437 2361 1474 2387 ut
1509 2364 1548 2387 ea
1575 2352 1657 2387 finis

238 2413 398 2457 cognitio
427 2413 471 2446 sit
497 2413 679 2446 intrinseca
705 2413 826 2457 agenti
854 2412 914 2454 illi,
943 2424 961 2445 a
990 2423 1060 2458 quo
1088 2420 1185 2446 actus
1213 2411 1386 2458 procedit.

334 2472 390 2515 (4)
421 2485 438 2503 «
467 2472 664 2516 Quoniam.
695 2471 805 2517 inquit
832 2471 1059 2513 Aristoteles,
1088 2471 1202 2505 Ethic.
1230 2472 1254 2505 1.
1284 2472 1343 2506 111.
1366 2483 1397 2507 c,
1424 2483 1469 2514 1.,
1492 2470 1527 2505 id
1546 2471 1656 2505 invite

238 2529 373 2564 factum
402 2531 539 2573 dicitur,
575 2530 671 2576 quod
714 2539 765 2565 est
804 2530 836 2562 vi
863 2529 1007 2569 factum,
1044 2538 1103 2564 aut
1143 2541 1206 2575 per
1242 2530 1490 2564 inscientiam:
1521 2537 1654 2575 sponte

237 2588 372 2623 factum
401 2590 433 2623 id
460 2589 570 2625 videri
596 2590 716 2635 possit,
760 2590 859 2623 cuius
900 2588 1119 2634 principium
1164 2597 1215 2623 est
1256 2589 1293 2622 in
1320 2600 1364 2623 eo
1392 2589 1452 2635 qui
1485 2588 1570 2634 agit,
1598 2599 1655 2622 res
