1734 2784
681 120 917 163 „27-

87 220 128 252 et
158 207 314 261 infinite
345 206 481 250 beato.
516 206 613 249 Enti
637 217 779 248 autem
798 202 958 247 infinite
983 201 1169 260 perfecto
1198 215 1323 259 atque
1346 200 1515 244 infinite

86 278 224 334 beato,
257 278 340 322 hoc
373 279 469 337 ipso
503 276 620 335 quod
654 275 734 319 tale
757 288 820 318 est
845 275 1015 334 infinite,
1038 275 1186 332 nequit
1209 273 1299 317 fieri
1323 273 1509 316 accessio

86 351 340 395 intrinsecae
373 349 647 408 perfectionis
682 360 754 391 aut
786 346 1074 391 beatitudinis.
1093 346 1254 389 Iuverit
1276 358 1419 388 autem
1445 344 1518 401 3⁰)

87 436 180 465 rem
199 423 298 464 satis
319 420 532 464 intellectu
558 419 774 464 difficilem
794 419 1114 477 comparatione
1132 416 1270 474 aliqua
1286 416 1510 460 illustrare.

89 495 151 538 Ex
183 509 251 551 eo,
284 492 402 551 quod
435 493 498 535 sol
533 508 555 535 a
587 491 710 535 nobis
745 491 1047 549 conspiciatur,
1067 488 1278 547 nobisque
1302 489 1354 530 sit
1377 486 1511 530 admi-

89 567 263 619 rationi,
296 564 464 609 nullum
498 563 739 622 splendoris
774 574 1058 620 augmentum
1092 560 1172 604 soli
1206 560 1431 603 accrescit:
1468 572 1514 601 ut

90 654 111 681 e
145 638 358 681 contrario
393 637 426 680 si
460 636 597 680 solem
630 636 784 679 intueri
819 636 995 693 eiusque
1030 633 1262 676 claritatem
1299 632 1514 689 suspicere

90 709 393 762 detrectemus,
428 707 595 751 nullum
629 708 779 750 exinde
811 706 917 749 lucis
956 705 1266 749 detrimentum
1312 703 1391 747 soli
1439 702 1522 746 ad·-

88 782 218 825 venit.
249 780 355 825 Non
386 780 501 823 enim
536 779 634 831 soli,
661 778 735 821 sed
758 777 884 821 nobis
908 779 1010 836 ipsis
1045 777 1308 835 proficimus,
1342 775 1520 834 quando

90 854 181 896 eius
199 852 362 895 lumine
379 850 653 910 perfruimur:
674 851 916 908 pariterque
939 867 1028 893 non
1053 849 1146 903 soli,
1170 849 1244 893 sed
1267 848 1389 892 nobis
1413 848 1516 905 ipsis

96 939 321 977 nocemus,
356 922 528 981 quando
562 921 890 965 admirationem
929 934 969 965 et
1007 921 1176 965 laudem
1202 922 1240 964 ei
1278 922 1513 966 renuimus.

96 1001 202 1042 Item
237 1011 325 1039 non
358 996 474 1049 Deo,
510 995 583 1040 sed
619 995 940 1052 nobismetipsis
975 994 1239 1053 proficuum,
1274 993 1447 1052 quando
1471 994 1515 1037 in

93 1069 184 1112 eius
220 1069 515 1125 cognitionem
548 1080 589 1111 et
623 1083 815 1111 amorem
848 1066 1151 1110 incumbimus:
1184 1081 1272 1109 non
1304 1067 1416 1121 Deo,
1442 1065 1518 1109 sed

92 1141 217 1185 nobis
251 1156 478 1192 nocemus,
513 1139 684 1198 quando
719 1140 874 1182 mentis
923 1138 1149 1197 cordisque
1188 1138 1445 1197 obsequium
1480 1140 1517 1182 ei

96 1214 373 1270 denegamus,
415 1230 434 1253 «
461 1213 581 1256 Sicut
614 1211 708 1264 soli,
743 1212 882 1268 inquit
915 1211 1089 1253 Lessius
1124 1210 1204 1268 (1),
1232 1227 1282 1253 ex
1315 1225 1366 1253 eo
1400 1210 1518 1268 quod

95 1285 200 1328 radii
234 1285 367 1342 ipsius
400 1283 588 1327 incidant
620 1284 663 1326 in
698 1282 831 1327 nubes
864 1283 992 1340 longe
1026 1282 1133 1326 infra
1156 1283 1317 1341 positas
1340 1294 1380 1326 et
1403 1282 1524 1325 mul-⁷

96 1356 285 1415 tiplicem
319 1357 419 1400 solis
452 1357 638 1414 speciem
688 1372 733 1399 ac
785 1356 925 1399 varios
974 1355 1141 1399 colotes
1194 1355 1352 1399 ibidem
1400 1354 1518 1399 exhi-

96 1428 234 1483 beant,
254 1427 360 1471 nihil
382 1427 555 1482 accedit3
575 1429 632 1471 ita
654 1444 731 1471 nec
744 1428 840 1471 Deo
860 1427 1091 1485 quidquam
1114 1427 1273 1471 accedit
1291 1444 1341 1470 ex
1365 1428 1521 1485 specie,

96 1501 310 1553 varietate,
345 1499 662 1558 pulchritudine
701 1512 741 1542 et
784 1499 1057 1542 multitudine
1090 1514 1234 1542 rerum
1264 1511 1517 1552 creatarum,

97 1587 204 1630 quae
237 1570 406 1614 infinito
439 1570 628 1629 quodam
663 1571 886 1614 intervallo
915 1570 1021 1613 infra
1044 1572 1187 1628 ipsum
1211 1582 1309 1612 sunt
1343 1571 1519 1628 positae,

102 1656 143 1688 et
163 1643 298 1687 veluti
322 1660 372 1687 ex
393 1642 530 1686 nihilo
553 1659 603 1686 ex
635 1642 753 1686 radio
788 1643 954 1686 divinae
986 1642 1092 1685 lucis
1131 1657 1373 1700 suspensae.
1407 1659 1430 1681 >›
1467 1643 1519 1685 Et

104 1716 231 1775 paulo
245 1715 419 1760 inferius
444 1715 562 1775 (2):»
588 1717 646 1759 Ita
657 1716 775 1758 Deus
800 1714 956 1772 gaudet
981 1726 1021 1757 et
1039 1713 1269 1757 delectatur
1287 1713 1410 1757 bonis
1434 1714 1522 1758 suis

101 1788 343 1830 intrinsecis
366 1803 440 1831 seu
465 1787 623 1844 seipso,
647 1798 694 1829 ut
727 1784 842 1829 nulla
874 1801 948 1843 per
971 1783 1134 1828 infinita
1155 1784 1267 1828 bona
1289 1785 1521 1828 extrinseca

105 1859 242 1917 possit
276 1857 375 1901 huic
407 1857 566 1915 gaudio
588 1857 679 1901 fieri
702 1857 903 1901 accessio.
928 1857 1097 1899 Dicitur
1124 1855 1300 1914 quidem
1334 1855 1520 1914 gaudere

111 1942 151 1974 et
185 1929 384 1975 delectari
416 1930 539 1974 bonis
573 1930 746 1983 nostris,
781 1928 951 1987 quando
984 1928 1048 1972 vel
1081 1944 1102 1970 a
1135 1929 1318 1986 peccatis
1343 1943 1519 1971 conver-

106 2004 240 2047 timur
273 2002 325 2047 ad
358 2004 520 2061 ipsum,
544 2002 609 2045 vel
632 2014 775 2044 sancte
798 2002 983 2044 vivimus
1022 2013 1062 2043 et
1086 2000 1205 2043 illum
1241 2000 1519 2043 honoramus:

106 2090 258 2119 verum
291 2074 374 2118 hoc
407 2075 612 2132 gaudium
645 2089 732 2117 non
764 2085 889 2130 auget
921 2072 1146 2130 gaudium,
1176 2088 1263 2130 quo
1287 2071 1443 2129 gaudet
1466 2071 1517 2115 de

107 2148 266 2205 seipso,
289 2162 388 2190 cum
411 2145 517 2190 nihil
539 2145 647 2190 reale
670 2145 727 2188 illi
751 2157 935 2204 apponat
958 2144 1043 2203 (3):
1067 2145 1176 2188 sicut
1199 2160 1276 2188 nec
1298 2145 1422 2201 visio,
1441 2159 1523 2202 qua

201 2358 258 2404 (1)
285 2358 373 2393 Loc.
401 2358 459 2392 cit.
486 2368 585 2391 num.
615 2365 646 2398 3.

200 2419 256 2464 (2)
284 2418 334 2453 Ib.
360 2429 461 2457 num,
487 2427 520 2463 9.

206 2479 258 2525 (3)
284 2477 457 2514 Similiter
487 2490 504 2509 «
523 2477 737 2524 quandoque
763 2476 861 2511 Deus
888 2475 1075 2520 poenitere
1101 2473 1236 2515 dicitur,
1264 2484 1337 2507 non
1364 2472 1462 2519 quasi
1490 2472 1525 2506 in

116 2551 160 2575 eo
188 2539 231 2574 sit
258 2538 504 2585 poenitentiae
532 2537 782 2578 commutatio,
808 2534 869 2569 sed
897 2534 975 2581 quia
1003 2534 1047 2567 ad
1074 2533 1225 2567 modum
1251 2532 1469 2578 poenitentis
1495 2542 1540 2566 se>

123 2599 241 2643 habet,
268 2599 352 2634 dum
381 2606 496 2633 mutat
515 2596 610 2643 quod
629 2595 769 2630 fecerat.
788 2609 806 2628 >›
834 2595 922 2629 Item
936 2607 952 2624 «
970 2593 1150 2627 Dominus
1183 2591 1285 2625 irasci
1305 2591 1441 2631 dicitur,
1460 2602 1535 2624 non
