1734 2784
653 158 919 200 -179-

70 237 252 282 moralis
285 238 329 281 in
361 254 413 282 eo
448 238 704 294 collocatur,
747 239 865 298 quod
913 241 1023 284 actio
1071 240 1122 284 ad
1173 257 1221 285 ea
1267 241 1379 286 bona
1410 258 1500 286 non

68 309 286 354 conducat
317 310 383 354 vel
415 326 569 354 eorum
617 313 888 370 acquisitioni
936 324 1008 356 aut
1059 315 1371 358 conservationi
1419 313 1498 358 ad-

73 393 288 425 versetur.

197 453 272 495 Est
302 464 445 495 autem
479 451 649 510 dupleX‚
678 455 890 512 privatus,
921 455 992 512 qui
1028 454 1188 498 dicitur
1220 457 1348 499 etiam
1391 458 1499 513 egoi-

67 537 199 581 smus,
232 536 272 565 et
301 522 499 581 publicus,
531 524 603 582 qui
633 525 774 567 vocari
806 526 935 568 etiam
969 516 1110 584 potest
1144 526 1501 572 eudaemonismus

70 593 253 651 .sociali5,
286 606 414 652 prout
437 594 643 638 nimirum
661 595 825 639 *utilitas
851 597 1010 654 privata
1042 596 1109 641 vel
1142 596 1307 656 publica
1337 610 1499 656 specta-

70 677 161 709 tur.
182 665 353 709 Utilitas
377 667 540 724 privata
557 680 618 710 est
637 668 794 711 utilitas
812 669 990 711 actionis
1013 668 1065 712 ad
1086 669 1372 726 comparanda
1389 681 1501 714 tran-

71 737 226 780 sitoria
248 736 438 780 mortalis
471 736 598 780 huius
631 739 741 781 vitae
775 738 901 792 bona,
939 752 984 782 ut
1017 752 1115 782 sunt
1150 739 1343 793 divitiae,
1378 756 1502 784 com-

80 808 322 862 moditates„
357 808 596 867 dignitateS‚
627 808 882 868 voluptates.
909 812 1035 864 Quae
1057 811 1236 854 sensiles
1259 811 1503 870 voluptates

72 881 116 923 ;si
148 880 253 923 illud
277 881 360 923 sint
392 881 572 938 bonum,
600 881 717 939 quod
741 883 783 925 in
807 883 972 925 actione
997 895 1223 940 spectatur,
1242 883 1297 925 ita
1330 894 1376 925 ut
1395 871 1503 940 quae

78 953 190 995 actio
233 952 434 996 sensilem
468 953 614 1010 gignat
661 953 940 1011 voluptatem,
977 965 1194 997 censeatur
1240 952 1366 1011 bona,
1398 969 1506 1011 quae

72 1040 182 1068 vero
207 1024 408 1067 sensilem
442 1026 572 1082 pariat
608 1025 806 1068 dolorem
840 1037 912 1068 aut
946 1025 1204 1079 molestiam,
1238 1025 1370 1079 mala3
1404 1037 1505 1068 tunc

73 1096 379 1139 utilitatismus
405 1097 591 1154 privatus
616 1112 775 1139 nomen
800 1097 951 1154 accipit
973 1095 1320 1154 epicureismi(1).
1335 1096 1506 1140 Utilitas

80 1180 223 1210 autem
258 1166 423 1225 publica
455 1179 518 1210 est
551 1167 708 1210 utilitas
742 1168 920 1210 actionis
953 1166 1004 1210 ad
1039 1179 1253 1210 terrenam
1288 1168 1508 1226 prosperi-

81 1250 228 1291 tatem,
262 1238 527 1296 potentiam‚
563 1239 876 1282 incrementum
911 1239 1094 1281 nationis
1138 1254 1212 1281 seu
1260 1237 1393 1281 civilis
1427 1253 1504 1281 so-

73 1476 146 1503 -est.
174 1482 192 1500 »
222 1468 324 1510 Quae
350 1467 458 1502 verba
487 1467 670 1512 explicans
698 1479 722 1502 s.
751 1468 914 1502 Thomas
940 1469 1008 1502 ait:
1041 1482 1058 1500 «
1080 1469 1171 1503 sicut
1199 1480 1273 1503 non
1302 1477 1354 1503 est
1381 1481 1507 1504 verum

75 1526 372 1574 ,syllogizandum
399 1537 442 1560 ex
469 1525 579 1563 falsis,
607 1527 653 1560 ita
681 1539 755 1562 non
783 1537 835 1562 est
856 1527 1139 1572 perveniendum
1160 1527 1204 1561 ad
1222 1529 1359 1562 bonum
1386 1528 1501 1562 finem

80 1597 151 1632 per
176 1585 286 1620 mala
316 1600 333 1618 »

179 1645 236 1690 (1)
263 1645 408 1680 Nostris
443 1646 550 1680 etiam
589 1646 713 1680 diebus
752 1658 825 1681 non
864 1647 1002 1688 desunt,
1042 1647 1100 1692 qui
1137 1646 1404 1692 proiectissima
1439 1658 1506 1681 au-

76 1705 186 1740 dacia
212 1705 481 1740 utilitatismum
510 1715 616 1752 atque
643 1706 750 1740 etiam
781 1707 1057 1752 epicureismum
1086 1706 1327 1752 proclament.
1358 1705 1418 1742 Cf.
1440 1706 1511 1742 Ta-

37 1755 39 1757 ·
79 1765 225 1812 parelli,
253 1776 317 1810 sag
318 1766 374 1810 gio
401 1769 515 1799 teoret.
545 1765 686 1800 dissert.
722 1776 750 1800 1
782 1777 857 1811 cap.
892 1776 918 1800 1.
945 1774 1018 1799 not
1047 1764 1093 1807 6,
1123 1765 1184 1798 ubi
1210 1765 1388 1799 Bentham
1423 1764 1513 1800 alio-

86 1836 237 1872 rumque
264 1825 477 1859 assertiones
505 1824 619 1859 affert.
663 1840 679 1855 «
696 1825 745 1859 La
772 1826 875 1866 virtu,
908 1835 951 1858 en
982 1823 1220 1870 quorumdam
1249 1823 1510 1859 utilitariorum

79 1887 206 1925 verba,
232 1897 307 1919 non
335 1886 353 1919 e
380 1896 428 1918 un
465 1885 570 1927 bene,
600 1896 638 1918 se
676 1896 751 1918 non
786 1896 848 1930 per
873 1884 881 1917 i
910 1884 1053 1930 piaceri,
1093 1884 1159 1918 che
1186 1896 1231 1918 ne
1269 1883 1456 1926 derivano,
1485 1884 1512 1918 il

85 1944 181 1979 vizio
208 1955 282 1978 non
310 1945 328 1978 e
355 1955 402 1977 un
431 1943 537 1987 male,
566 1955 603 1978 se
631 1955 705 1978 non
743 1955 804 1989 per
837 1944 869 1977 le
897 1954 999 1989 pene,
1029 1943 1095 1977 che
1121 1954 1167 1977 ne
1204 1953 1456 1988 provengonO.
1484 1943 1512 1978 E

82 2014 126 2038 ,se
152 2002 211 2038 nel
239 2001 405 2049 catalogo
435 2003 583 2049 volgare
610 2002 704 2037 delle
731 2003 822 2037 virtu
847 2003 1001 2037 trovassi
1029 2002 1229 2046 un'zxzione,
1256 2002 1298 2036 da
1327 2003 1381 2036 cui
1410 2003 1513 2038 risul-

79 2071 187 2097 tasse
213 2062 274 2108 piu
303 2061 429 2096 dolore
458 2061 523 2097 che
550 2062 702 2107 piacere,
731 2061 762 2095 la
789 2062 907 2107 porrei
932 2071 984 2096 tra
1012 2061 1022 2094 i
1048 2061 1141 2103 vizii,
1168 2072 1186 2094 e
1214 2072 1252 2095 se
1278 2061 1433 2095 trovassi
1459 2060 1511 2095 fra

88 2122 98 2156 i
123 2121 203 2156 vizii
230 2121 381 2168 qualche
404 2121 544 2168 piaccre
572 2122 776 2163 innocente,
807 2120 842 2155 lo
868 2120 986 2166 porrei
1014 2119 1063 2154 sta
1090 2120 1122 2154 le
1148 2121 1250 2154 virtti.
1269 2121 1308 2154 In
1329 2129 1463 2166 quanto
1490 2132 1510 2154 a

87 2183 150 2216 noi
187 2181 212 2215 il
247 2191 373 2216 nostro
413 2181 624 2227 linguaggio
664 2184 681 2215 e
709 2181 1001 2226 semplicissimo.
1041 2180 1146 2215 Dalla
1183 2181 1253 2214 tale
1280 2191 1302 2214 o
1328 2179 1379 2214 tal
1422 2180 1513 2214 altra

88 2243 214 2276 azione
241 2241 364 2276 risulta
392 2241 414 2274 il
442 2240 489 2276 tal
518 2241 658 2285 piacere
686 2252 706 2274 o
735 2240 767 2274 la
795 2240 842 2274 tal
870 2252 985 2286 pena:
1016 2239 1134 2274 volete
1162 2250 1283 2285 sapere
1321 2239 1355 2272 di
1387 2247 1511 2285 queste

91 2301 206 2335 azioni
235 2301 315 2347 qual
342 2303 360 2335 ὸ
386 2301 419 2334 la
446 2301 505 2346 piu
534 2301 687 2335 onesta?
715 2299 901 2335 Calcolate
939 2299 1018 2346 qual
1055 2301 1073 2332 e
1109 2299 1226 2345 quella
1265 2299 1330 2332 che
1370 2298 1404 2332 vi
1431 2309 1515 2343 pro-

90 2369 201 2396 mette
228 2362 395 2407 maggior
421 2361 582 2407 quantitz't
609 2361 641 2394 di
671 2359 803 2394 felicita
829 2359 924 2393 ossia
951 2359 986 2393 di
1014 2360 1152 2404 piacere
1180 2358 1328 2404 liquido.
1357 2372 1374 2390 ›·›
1408 2358 1514 2399 Quae

90 2421 197 2455 verba
226 2430 420 2467 postquam
448 2420 578 2457 retulit,
607 2421 655 2453 sic
682 2420 812 2465 pergit:
846 2432 863 2450 «
894 2420 988 2453 Ecco
1016 2419 1051 2451 in
1082 2418 1186 2463 pochi
1215 2418 1324 2451 cenni
1366 2417 1399 2450 la
1426 2417 1513 2451 dot-

91 2480 183 2514 trina
209 2480 301 2514 della
330 2479 445 2513 utilit&
472 2490 631 2525 espresszi
662 2490 698 2512 se
726 2490 799 2513 non
828 2489 896 2512 con
928 2486 1110 2518 costanza,
1133 2476 1277 2510 almeno
1305 2487 1409 2510 senza
1441 2486 1520 2508 ma·

91 2538 216 2573 schera
245 2551 262 2573 e
288 2551 390 2574 senza
418 2540 561 2572 miste-ri
593 2538 641 2572 La
670 2538 765 2572 xirtu
793 2538 951 2572 consiste
989 2537 1048 2570 nel
1078 2548 1217 2571 cercare
1246 2536 1268 2569 il
1300 2536 1454 2581 piacere,
1480 2535 1516 2569 la

92 2597 197 2644 {egge
224 2599 256 2632 di
284 2607 408 2633 natum
435 2600 453 2632 e
480 2610 526 2631 un
555 2610 620 2644 sog>
611 2610 684 2640 no,
715 2597 738 2631 il
766 2598 992 2632 combittere
1020 2608 1057 2631 se
1085 2605 1199 2631 stesso
1219 2608 1265 2630 un
1287 2595 1425 2630 dclitto.
1436 2608 1455 2628 »
