1734 2784
650 77 914 132 ...239-

70 186 145 214 nes
178 170 406 214 intrinseca
438 169 645 228 praeditas
680 169 919 214 moralitate
953 173 1211 216 constituere
1246 177 1486 231 materiam,

72 244 180 286 circa
211 257 340 300 quam
373 242 441 284 lex
474 241 672 284 naturalis
706 255 910 285 versatur.
956 244 1069 286 Hinc
1115 247 1335 302 sequentia
1370 248 1492 305 prin-

72 315 181 372 cipia
211 315 295 357 sint
326 313 410 357 fixa
443 328 488 356 ac
519 326 620 356 rata.

189 387 221 429 Ι.
255 386 380 439 Quae
413 387 600 428 actiones
623 398 721 428 sunt
744 385 789 428 de
822 402 860 428 se
884 387 1033 439 malae,
1061 403 1132 430 eae
1157 403 1307 431 omnes
1334 389 1493 447 absque

73 458 157 502 ulla
189 458 440 515 exceptione
474 455 627 500 cadunt
659 457 736 499 sub
784 457 923 514 legem
974 459 1213 502 naturalem
1262 462 1491 515 negativam

72 545 145 572 seu
175 528 480 588 prohibentem,
514 529 537 570 i.
573 544 606 571 e.
643 529 733 571 eius
767 542 867 572 sunt
899 529 1129 574 obiectum.
1153 556 1209 564 --
1230 531 1359 575 Tales
1384 547 1422 575 V.
1447 548 1490 588 g.

73 611 170 642 sunt
203 598 478 656 blasphemia,
514 599 803 660 parricidium,
838 601 1013 657 patriam
1044 602 1241 658 prodere,
1268 602 1387 646 alteri
1414 619 1496 646 no-

74 686 166 714 cere
199 684 276 715 etc.
312 672 404 714 Hae
439 669 489 713 de
523 685 568 713 se
600 670 732 713 malae
767 672 952 714 actiones
994 685 1093 715 sunt
1140 674 1181 715 in
1218 674 1418 717 omnibus
1452 688 1493 718 et

71 741 252 799 singulis
285 743 537 798 momentis,
570 743 612 784 in
645 742 844 785 omnibus
895 756 934 786 et
981 743 1240 801 quibuslibet
1278 746 1490 790 adiunctis

70 814 186 857 tales.
221 815 334 856 Hinc
366 813 433 856 lex
468 813 665 856 naturalis
701 830 768 857 eas
804 814 1037 871 prohibens
1071 815 1230 873 obligat
1264 826 1419 875 semper
1453 832 1492 861 et

69 893 143 943 pro
166 894 331 942 semper,
355 885 398 927 in
417 884 618 927 omnibus
648 887 899 938 momentis,
925 887 967 929 in
997 886 1252 944 quibuslibet
1269 889 1493 933 adiunctis,

193 958 244 1000 H.
280 957 405 1010 Quae
439 957 626 999 actiones
661 959 717 1000 ita
748 967 843 1000 sunt
876 958 920 1000 de
953 974 990 1001 se
1024 959 1161 1013 bonae,
1189 968 1232 1002 ut
1259 962 1492 1004 earumdem

73 1031 300 1087 oppositum
331 1030 381 1071 sit
414 1028 459 1070 de
491 1043 527 1070 sc
563 1029 734 1080 malum,
772 1044 842 1071 eae
877 1029 1030 1072 cadunt
1065 1030 1141 1072 sub
1174 1031 1314 1087 legem
1363 1046 1494 1075 natu-

73 1101 205 1145 ralem
238 1101 533 1159 affirmativam
565 1117 639 1143 seu
669 1102 995 1158 praecipientem,
1029 1103 1206 1159 eiusque
1244 1117 1341 1146 sunt
1375 1104 1493 1147 obie-

74 1186 203 1217 ctum.
237 1198 294 1206 —
328 1173 457 1216 Tales
491 1188 526 1215 e.
560 1188 600 1228 g.
636 1185 734 1214 sunt
783 1174 918 1215 cultus
954 1174 1049 1226 Dei,
1084 1189 1205 1216 amor
1243 1189 1493 1232 parentum,

74 1245 229 1301 patriae
262 1256 339 1286 etc.
375 1244 472 1286 Hoc
504 1257 629 1285 sensu
670 1243 776 1285 dixit
821 1243 978 1286 Suarez
1011 1244 1100 1302 (1),
1143 1263 1162 1285 «
1196 1247 1259 1288 ius
1303 1248 1493 1290 naturale

74 1315 299 1373 complecti
334 1315 480 1358 omnia
512 1327 729 1372 praecepta
762 1330 836 1357 seu
885 1317 1089 1373 principia
1140 1317 1342 1370 moralia,
1388 1335 1496 1376 quae

72 1386 313 1430 evidentem
347 1384 502 1428 habent
535 1385 804 1428 honestatem
841 1388 1123 1430 necessariam
1169 1388 1219 1431 ad
1271 1389 1495 1432 rectitudi-

72 1473 173 1500 nem
208 1471 397 1513 morum,
431 1457 486 1498 ita
533 1469 578 1499 ut
627 1457 825 1514 opposita
871 1457 1080 1500 moralem
1129 1457 1491 1502 inordinationem

73 1545 148 1572 seu
182 1528 387 1572 malitiam
425 1527 643 1571 evidenter
691 1530 947 1571 contineant.
982 1546 1000 1568 »
1051 1531 1187 1571 Porro
1241 1529 1492 1573 huiusmodi

74 1601 262 1643 actiones
294 1615 383 1646 non
416 1600 457 1641 in
481 1598 682 1642 omnibus
707 1612 747 1642 et
770 1598 949 1655 singulis
975 1600 1269 1643 occasionibus
1302 1616 1375 1643 seu
1400 1616 1497 1644 mo-

73 1672 230 1715 mentis
263 1684 362 1714 sunt
395 1670 514 1722 tales,
549 1682 595 1713 ut
628 1686 775 1713 earum
810 1671 989 1713 omissio
1024 1672 1077 1713 sit
1107 1670 1157 1713 de
1182 1687 1225 1714 se
1248 1671 1369 1715 mala:
1395 1671 1496 1715 hinc

72 1743 135 1798 fit,
159 1755 206 1787 ut
228 1744 296 1787 lex
326 1742 525 1786 naturalis
560 1758 627 1786 eas
661 1743 922 1800 praecipiens
946 1741 1107 1798 obliget
1131 1758 1217 1785 non
1250 1758 1328 1800 pro
1352 1744 1496 1785 omni-

72 1815 169 1869 bus,
204 1814 277 1858 sed
310 1830 389 1873 pro
416 1813 496 1857 illis
531 1814 824 1857 occasionibus
859 1830 931 1856 seu
966 1815 1227 1870 momentis,
1260 1815 1304 1857 in
1339 1814 1496 1872 quibus

73 1887 255 1931 omissio
287 1886 437 1929 talium
460 1886 676 1929 actionum
710 1898 819 1929 esset
852 1901 925 1943 per
957 1901 1001 1928 se
1035 1897 1075 1928 et
1107 1886 1336 1928 intrinsece
1370 1886 1494 1929 mala.

74 1959 191 2015 Ergo
231 1958 301 2001 lex
331 1957 533 2000 naturalis
567 1956 813 2000 affirmativa
847 1955 1005 2013 obligat
1034 1956 1208 2014 quidem
1237 1966 1386 2015 semper
1421 1957 1497 2000 sed

74 2045 162 2073 non
190 2037 265 2087 pro
296 2036 460 2087 semper:
494 2040 618 2086 atque
652 2027 728 2070 hac
763 2029 803 2070 in
839 2044 880 2071 re
913 2028 1032 2071 valde
1066 2028 1205 2071 differt
1244 2044 1266 2071 a
1297 2028 1390 2084 lege
1424 2045 1497 2072 na-

73 2100 197 2144 turali
230 2101 437 2157 negativa.
478 2118 498 2141 «
529 2101 758 2157 Praecepta
789 2101 996 2157 negativa,
1022 2101 1077 2143 ita
1111 2116 1141 2143 S.
1176 2101 1374 2144 Thomas
1407 2101 1500 2159 (2),

168 2261 224 2305 (1)
252 2261 307 2294 De
333 2261 403 2305 leg.
429 2260 451 2294 l.
479 2260 520 2294 II.
547 2271 574 2294 c.
604 2271 632 2304 7.
661 2271 766 2294 num.
801 2270 832 2301 4.

169 2321 220 2363 (2)
249 2320 456 2354 Comment.
485 2319 519 2352 in
548 2331 601 2363 ep.
630 2319 672 2352 ad
700 2320 805 2353 Rom.
836 2331 913 2364 cap.
943 2320 1040 2353 XIII.
1073 2319 1158 2354 lect.
1191 2331 1223 2354 2.
1266 2319 1321 2354 Cf.
1348 2320 1491 2362 Suarez,

74 2377 116 2413 de
144 2378 212 2424 leg.
240 2378 259 2412 l.
289 2379 331 2412 ΙΙ.
358 2390 387 2412 c.
421 2389 470 2423 13.
499 2390 534 2411 n.
563 2388 597 2419 4.
628 2379 723 2412 Haec
763 2377 964 2412 differentia
1007 2379 1100 2412 inter
1145 2378 1263 2424 legem
1295 2378 1498 2412 naturalem

74 2438 268 2485 negativam
294 2447 327 2472 et
355 2437 597 2484 affirmalivam
624 2446 675 2471 est
703 2438 748 2471 ob
778 2437 907 2471 oculos
934 2437 1099 2471 habenda
1129 2437 1162 2470 in
1194 2437 1354 2483 pluribus
1381 2438 1496 2483 iisque

73 2497 293 2543 gravissimis
318 2497 601 2544 quaestionibus,
630 2497 841 2542 praesertim
870 2509 954 2532 vero
984 2498 1019 2531 in
1047 2498 1259 2544 quaestione
1288 2498 1331 2531 de
1360 2499 1506 2532 numu--

77 2557 255 2594 tabilitate
283 2558 376 2604 legis
401 2557 585 2592 naturalis.

1367 2618 1405 2651 ¹9
