1734 2784
710 157 767 166 —·
801 147 862 176 VII
894 159 952 164 ·—

99 244 201 273 mae
231 228 456 286 Aquinatis
489 226 710 271 volumina
754 229 1114 286 complectuntur.
1162 230 1289 285 Quae
1323 230 1438 273 enim
1488 229 1539 272 de

97 321 308 365 ,germana
340 305 504 349 ratione
536 304 753 362 libertatis,
777 305 859 348 hoc
893 318 1090 363 tempore
1123 306 1165 349 in
1188 306 1403 350 licentiam
1437 307 1540 351 abe-

100 384 238 436 amus,
273 382 324 426 de
357 381 498 425 divina
532 381 755 426 cuiuslibet
778 383 1041 426 auctoritatis
1076 384 1262 440 origine,
1287 382 1338 426 de
1369 384 1538 442 legibus

105 475 340 518 earumque
371 460 427 514 vi,
453 458 503 503 de
535 471 718 517 paterno
753 473 793 503 et
821 475 957 518 aequo
981 476 1259 504 summorum
1283 462 1536 520 Principum

100 537 305 595 imperio,
330 535 382 580 de
416 536 788 593 obtemperatione
823 536 1144 580 sublimioribus
1168 537 1466 596 potestatibus,
1492 555 1535 581 ac

100 626 256 658 mutua
286 615 399 658 inter
431 630 583 657 omnes
619 614 804 670 caritate,
842 631 948 673 quae
983 615 1141 658 scilicet
1165 614 1215 658 de
1250 615 1314 658 his
1350 615 1473 659 rebus
1499 630 1537 659 et

98 692 198 736 :aliis
246 692 413 749 generis
465 691 659 735 eiusdem
694 708 715 735 a
749 691 926 734 Thoma
974 691 1260 750 disputantur,
1299 693 1537 735 maximum

102 779 238 826 *atque
270 768 480 811 invictum
514 767 646 811 robur
679 767 835 811 habent
868 767 918 811 ad
954 784 999 810 ea
1033 767 1260 811 evertenda
1293 769 1396 811 iuris
1436 769 1538 812 novi

104 845 334 903 principia,
358 861 464 903 quae
488 857 637 902 pacato
662 861 809 888 rerum
844 846 985 889 ordini
1012 858 1051 889 et
1076 845 1266 903 publicae
1290 846 1415 889 saluti
1445 861 1538 904 per-

105 925 272 968 niciosa
304 940 397 968 esse
432 924 796 981 dignoscuntur.»

225 1002 456 1044 Postremo
491 1014 537 1045 ut
571 1000 738 1060 plenius
789 1016 933 1045 rerum
984 1001 1261 1046 dicendarum
1310 1002 1450 1046 ordini
1499 1016 1540 1047 et

105 1078 400 1137 perspicuitati
435 1078 722 1132 consulerem,
757 1080 999 1122 universam
1034 1078 1140 1122 hanc
1173 1081 1473 1123 tractationem
1498 1081 1539 1122 in

99 1167 365 1219 tres-partes
399 1155 736 1200 distribuendam
787 1156 904 1210 duxi,
941 1173 1122 1215 quarum
1170 1158 1290 1215 prior
1333 1158 1538 1215 generalis

100 1245 218 1276 ,esset
251 1245 290 1276 et
322 1233 576 1277 universalia
609 1249 785 1276 morum
821 1235 1028 1292 principia
1076 1247 1321 1293 exponeretg
1356 1235 1538 1293 specialis

100 1310 251 1364 2altera,
286 1327 393 1369 quae
441 1311 492 1355 ad
539 1312 683 1355 varios
718 1312 948 1355 hominum
999 1325 1131 1356 status
1180 1313 1538 1371 conditionesque

102 1387 316 1445 'principia
347 1387 415 1431 illa
448 1388 688 1447 applicaret3
723 1389 844 1432 tertia
879 1388 1056 1432 demum
1089 1390 1290 1446 historica,
1324 1406 1431 1447 quae
1465 1406 1538 1434 re-

108 1478 204 1506 rum
239 1463 467 1507 moralium
503 1466 734 1523 scriptores
770 1478 1008 1509 recenseret
1044 1478 1082 1509 et
1116 1467 1158 1509 in
1188 1468 1383 1524 ipsorum
1416 1467 1537 1510 libris

98 1544 415 1600 sententiisque
448 1541 739 1600 expendendis
773 1555 1025 1586 versaretur.

227 1619 354 1664 Plura
386 1621 480 1664 heic
514 1632 698 1664 attexere
733 1636 1098 1678 supervacaneum
1133 1620 1260 1678 duco,
1284 1634 1410 1679 atque
1436 1621 1538 1665 haec

105 1713 245 1756 pauca
275 1697 531 1741 concludam
578 1697 732 1751 verbis,
767 1697 919 1756 quibus
955 1713 986 1742 s,
1023 1700 1294 1756 Augustinus
1343 1715 1445 1743 suos
1492 1700 1538 1743 de

118 1774 297 1819 civitate
333 1775 422 1818 ‘Dei
452 1774 581 1818 libros
616 1775 811 1818 absolvit:
851 1794 872 1815 «
899 1774 1069 1828 Quibus
1103 1791 1270 1833 parum,
1295 1776 1449 1834 quibus
1475 1778 1538 1819 ni-

105 1852 251 1894 mium
283 1863 360 1908 est,
394 1851 501 1894 mihi
550 1852 775 1908 ignoscant
808 1850 937 1909 (quae
971 1851 1096 1894 verba
1143 1867 1193 1895 eo
1238 1853 1397 1910 potiori
1442 1853 1534 1895 iure

102 1941 271 1987 :repeto‚
295 1943 381 1986 quo
416 1930 553 1972 maior
586 1941 649 1973 est
684 1930 792 1972 inter
817 1945 995 1986 parvum
1025 1929 1105 1972 hoc
1139 1945 1287 1972 meum
1312 1942 1351 1972 et
1375 1929 1536 1987 grande

102 2005 214 2048 zillud
247 2006 350 2048 tanti
383 2006 463 2050 viri
496 2022 605 2064 opus
655 2005 888 2064 distantia):
923 2006 1077 2064 quibus
1111 2019 1253 2049 autem
1304 2008 1403 2049 satis
1455 2018 1534 2060 est,

101 2097 197 2126 mon
231 2082 352 2140 mihi,
375 2083 449 2127 sed
469 2084 564 2127 Deo
590 2099 762 2127 mecum
796 2085 948 2141 gratias
977 2084 1322 2142 congratulantes
1346 2096 1482 2142 agant.
1510 2101 1528 2121 »

630 2309 919 2323 mxxxaem
922 2307 1017 2318 Μ
