<?xml version="1.0" encoding="UTF-8"?>
<!DOCTYPE html PUBLIC "-//W3C//DTD XHTML 1.0 Transitional//EN"
    "http://www.w3.org/TR/xhtml1/DTD/xhtml1-transitional.dtd">
<html xmlns="http://www.w3.org/1999/xhtml" xml:lang="en" lang="en">
 <head>
  <title>
</title>
<meta http-equiv="Content-Type" content="text/html;charset=utf-8" />
  <meta name='ocr-system' content='tesseract 3.04.00' />
  <meta name='ocr-capabilities' content='ocr_page ocr_carea ocr_par ocr_line ocrx_word'/>
</head>
<body>
  <div class='ocr_page' id='page_1' title='image "./institutionesphi01ferr_0024.png"; bbox 0 0 1734 2784; ppageno 0'>
   <div class='ocr_carea' id='block_1_1' title="bbox 163 200 1576 411">
    <p class='ocr_par' dir='ltr' id='par_1_1' title="bbox 163 200 1576 411">
     <span class='ocr_line' id='line_1_1' title="bbox 163 200 1576 264; baseline -0.005 -12"><span class='ocrx_word' id='word_1_1' title='bbox 163 210 419 262; x_wconf 62' lang='lat' dir='ltr'>beatitudine,</span> <span class='ocrx_word' id='word_1_2' title='bbox 455 224 574 252; x_wconf 77' lang='lat' dir='ltr'>cuius</span> <span class='ocrx_word' id='word_1_3' title='bbox 608 207 853 264; x_wconf 78' lang='lat' dir='ltr'>substantia,</span> <span class='ocrx_word' id='word_1_4' title='bbox 888 219 931 249; x_wconf 91' lang='lat' dir='ltr'>ut</span> <span class='ocrx_word' id='word_1_5' title='bbox 966 205 1064 248; x_wconf 77' lang='lat' dir='ltr'>satis</span> <span class='ocrx_word' id='word_1_6' title='bbox 1099 220 1146 247; x_wconf 81' lang='lat' dir='ltr'>ex</span> <span class='ocrx_word' id='word_1_7' title='bbox 1180 219 1224 246; x_wconf 88' lang='lat' dir='ltr'>se</span> <span class='ocrx_word' id='word_1_8' title='bbox 1258 203 1388 260; x_wconf 87' lang='lat' dir='ltr'>liquet</span> <span class='ocrx_word' id='word_1_9' title='bbox 1422 214 1462 246; x_wconf 84' lang='lat' dir='ltr'>et</span> <span class='ocrx_word' id='word_1_10' title='bbox 1497 200 1576 245; x_wconf 85' lang='lat' dir='ltr'>cla—</span> 
     </span>
     <span class='ocr_line' id='line_1_2' title="bbox 165 273 1574 336; baseline -0.005 -12"><span class='ocrx_word' id='word_1_11' title='bbox 165 283 248 324; x_wconf 80' lang='lat' dir='ltr'>rius</span> <span class='ocrx_word' id='word_1_12' title='bbox 283 299 330 324; x_wconf 70' lang='lat' dir='ltr'>ex</span> <span class='ocrx_word' id='word_1_13' title='bbox 365 281 551 324; x_wconf 75' lang='lat' dir='ltr'>dicendis</span> <span class='ocrx_word' id='word_1_14' title='bbox 586 278 860 336; x_wconf 68' lang='lat' dir='ltr'>intelligetur,</span> <span class='ocrx_word' id='word_1_15' title='bbox 894 278 933 319; x_wconf 94' lang='lat' dir='ltr'>in</span> <span class='ocrx_word' id='word_1_16' title='bbox 959 275 1169 334; x_wconf 78' lang='lat' dir='ltr'>completa</span> <span class='ocrx_word' id='word_1_17' title='bbox 1192 274 1285 317; x_wconf 82' lang='lat' dir='ltr'>finis</span> <span class='ocrx_word' id='word_1_18' title='bbox 1310 273 1448 316; x_wconf 86' lang='lat' dir='ltr'>ultimi</span> <span class='ocrx_word' id='word_1_19' title='bbox 1474 288 1574 317; x_wconf 84' lang='lat' dir='ltr'>con-</span> 
     </span>
     <span class='ocr_line' id='line_1_3' title="bbox 164 351 904 411; baseline -0.007 -14"><span class='ocrx_word' id='word_1_20' title='bbox 164 355 383 397; x_wconf 84' lang='lat' dir='ltr'>secutione</span> <span class='ocrx_word' id='word_1_21' title='bbox 417 354 563 411; x_wconf 86' lang='lat' dir='ltr'>nequit</span> <span class='ocrx_word' id='word_1_22' title='bbox 597 368 682 395; x_wconf 89' lang='lat' dir='ltr'>non</span> <span class='ocrx_word' id='word_1_23' title='bbox 717 351 904 409; x_wconf 85' lang='lat' dir='ltr'>reperiri.</span> 
     </span>
    </p>
   </div>
   <div class='ocr_carea' id='block_1_2' title="bbox 665 548 1073 595">
    <p class='ocr_par' dir='ltr' id='par_1_2' title="bbox 665 548 1073 595">
     <span class='ocr_line' id='line_1_4' title="bbox 665 548 1073 595; baseline -0.002 -2"><span class='ocrx_word' id='word_1_24' title='bbox 665 549 1008 595; x_wconf 85' lang='lat' dir='ltr'>ARTICULUS</span> <span class='ocrx_word' id='word_1_25' title='bbox 1043 548 1073 592; x_wconf 95' lang='lat' dir='ltr'>I.</span> 
     </span>
    </p>
   </div>
   <div class='ocr_carea' id='block_1_3' title="bbox 540 681 1207 726">
    <p class='ocr_par' dir='ltr' id='par_1_3' title="bbox 540 681 1207 726">
     <span class='ocr_line' id='line_1_5' title="bbox 540 681 1207 726; baseline -0.003 -1"><span class='ocrx_word' id='word_1_26' title='bbox 540 684 610 726; x_wconf 93' lang='lat' dir='ltr'>De</span> <span class='ocrx_word' id='word_1_27' title='bbox 641 683 815 726; x_wconf 87' lang='lat' dir='ltr'>ultimo</span> <span class='ocrx_word' id='word_1_28' title='bbox 848 682 1066 725; x_wconf 85' lang='lat' dir='ltr'>hominis</span> <span class='ocrx_word' id='word_1_29' title='bbox 1098 681 1207 724; x_wconf 90' lang='lat' dir='ltr'>fine.</span> 
     </span>
    </p>
   </div>
   <div class='ocr_carea' id='block_1_4' title="bbox 165 847 1586 1918">
    <p class='ocr_par' dir='ltr' id='par_1_4' title="bbox 165 847 1581 1413">
     <span class='ocr_line' id='line_1_6' title="bbox 285 847 1578 906; baseline -0.005 -10"><span class='ocrx_word' id='word_1_30' title='bbox 285 864 321 896; x_wconf 83' lang='lat'>2.</span> <span class='ocrx_word' id='word_1_31' title='bbox 357 852 503 895; x_wconf 78' lang='lat' dir='ltr'>Acturi</span> <span class='ocrx_word' id='word_1_32' title='bbox 538 850 587 894; x_wconf 91' lang='lat' dir='ltr'>de</span> <span class='ocrx_word' id='word_1_33' title='bbox 622 850 774 893; x_wconf 89' lang='lat' dir='ltr'>ultimo</span> <span class='ocrx_word' id='word_1_34' title='bbox 809 850 997 894; x_wconf 87' lang='lat' dir='ltr'>hominis</span> <span class='ocrx_word' id='word_1_35' title='bbox 1030 849 1111 894; x_wconf 87' lang='lat' dir='ltr'>fine</span> <span class='ocrx_word' id='word_1_36' title='bbox 1160 850 1249 893; x_wconf 89' lang='lat' dir='ltr'>iure</span> <span class='ocrx_word' id='word_1_37' title='bbox 1293 847 1578 906; x_wconf 83' lang='lat' dir='ltr'>supponimus</span> 
     </span>
     <span class='ocr_line' id='line_1_7' title="bbox 165 921 1579 981; baseline -0.004 -12"><span class='ocrx_word' id='word_1_38' title='bbox 165 942 210 969; x_wconf 83' lang='lat' dir='ltr'>ea</span> <span class='ocrx_word' id='word_1_39' title='bbox 243 926 405 977; x_wconf 80' lang='lat' dir='ltr'>omnia,</span> <span class='ocrx_word' id='word_1_40' title='bbox 440 939 545 981; x_wconf 81' lang='lat' dir='ltr'>quae</span> <span class='ocrx_word' id='word_1_41' title='bbox 579 923 629 966; x_wconf 86' lang='lat' dir='ltr'>de</span> <span class='ocrx_word' id='word_1_42' title='bbox 661 922 775 965; x_wconf 82' lang='lat' dir='ltr'>bono</span> <span class='ocrx_word' id='word_1_43' title='bbox 809 939 855 966; x_wconf 86' lang='lat' dir='ltr'>ac</span> <span class='ocrx_word' id='word_1_44' title='bbox 888 922 939 966; x_wconf 89' lang='lat' dir='ltr'>de</span> <span class='ocrx_word' id='word_1_45' title='bbox 971 922 1054 966; x_wconf 87' lang='lat' dir='ltr'>fine</span> <span class='ocrx_word' id='word_1_46' title='bbox 1086 922 1310 967; x_wconf 86' lang='lat' dir='ltr'>traduntur</span> <span class='ocrx_word' id='word_1_47' title='bbox 1358 922 1401 965; x_wconf 88' lang='lat' dir='ltr'>in</span> <span class='ocrx_word' id='word_1_48' title='bbox 1436 921 1579 966; x_wconf 89' lang='lat' dir='ltr'>Onto-</span> 
     </span>
     <span class='ocr_line' id='line_1_8' title="bbox 165 991 1580 1054; baseline -0.004 -14"><span class='ocrx_word' id='word_1_49' title='bbox 165 997 297 1054; x_wconf 76' lang='lat' dir='ltr'>logia:</span> <span class='ocrx_word' id='word_1_50' title='bbox 334 1008 378 1039; x_wconf 85' lang='lat' dir='ltr'>ut</span> <span class='ocrx_word' id='word_1_51' title='bbox 412 996 525 1039; x_wconf 87' lang='lat' dir='ltr'>enim</span> <span class='ocrx_word' id='word_1_52' title='bbox 559 994 748 1038; x_wconf 76' lang='lat' dir='ltr'>diximus</span> <span class='ocrx_word' id='word_1_53' title='bbox 782 996 824 1038; x_wconf 88' lang='lat' dir='ltr'>in</span> <span class='ocrx_word' id='word_1_54' title='bbox 857 995 1065 1053; x_wconf 79' lang='lat' dir='ltr'>prologo,</span> <span class='ocrx_word' id='word_1_55' title='bbox 1099 994 1372 1052; x_wconf 79' lang='lat' dir='ltr'>philosophia</span> <span class='ocrx_word' id='word_1_56' title='bbox 1406 991 1580 1036; x_wconf 85' lang='lat' dir='ltr'>moralis</span> 
     </span>
     <span class='ocr_line' id='line_1_9' title="bbox 165 1066 1581 1126; baseline -0.003 -14"><span class='ocrx_word' id='word_1_57' title='bbox 165 1082 227 1112; x_wconf 87' lang='lat' dir='ltr'>est</span> <span class='ocrx_word' id='word_1_58' title='bbox 245 1069 418 1112; x_wconf 78' lang='lat' dir='ltr'>scientia</span> <span class='ocrx_word' id='word_1_59' title='bbox 436 1067 524 1110; x_wconf 84' lang='lat' dir='ltr'>aliis</span> <span class='ocrx_word' id='word_1_60' title='bbox 544 1066 841 1125; x_wconf 78' lang='lat' dir='ltr'>philosophiae</span> <span class='ocrx_word' id='word_1_61' title='bbox 858 1067 1045 1126; x_wconf 82' lang='lat' dir='ltr'>partibus</span> <span class='ocrx_word' id='word_1_62' title='bbox 1065 1066 1355 1111; x_wconf 72' lang='lat' dir='ltr'>subalternam.</span> <span class='ocrx_word' id='word_1_63' title='bbox 1379 1067 1581 1119; x_wconf 82' lang='lat' dir='ltr'>Quatuor</span> 
     </span>
     <span class='ocr_line' id='line_1_10' title="bbox 165 1138 1581 1198; baseline -0.004 -13"><span class='ocrx_word' id='word_1_64' title='bbox 165 1141 347 1185; x_wconf 72' lang='lat' dir='ltr'>breviter</span> <span class='ocrx_word' id='word_1_65' title='bbox 379 1139 633 1193; x_wconf 83' lang='lat' dir='ltr'>recolemus,</span> <span class='ocrx_word' id='word_1_66' title='bbox 667 1140 874 1182; x_wconf 86' lang='lat' dir='ltr'>nimirum</span> <span class='ocrx_word' id='word_1_67' title='bbox 912 1167 962 1171; x_wconf 91' lang='lat'>-—</span> <span class='ocrx_word' id='word_1_68' title='bbox 998 1140 1101 1198; x_wconf 87' lang='lat' dir='ltr'>quid</span> <span class='ocrx_word' id='word_1_69' title='bbox 1135 1140 1189 1183; x_wconf 86' lang='lat' dir='ltr'>sit</span> <span class='ocrx_word' id='word_1_70' title='bbox 1232 1139 1378 1183; x_wconf 74' lang='lat' dir='ltr'>bonum</span> <span class='ocrx_word' id='word_1_71' title='bbox 1425 1138 1467 1180; x_wconf 87' lang='lat' dir='ltr'>in</span> <span class='ocrx_word' id='word_1_72' title='bbox 1509 1152 1581 1195; x_wconf 82' lang='lat' dir='ltr'>ge-</span> 
     </span>
     <span class='ocr_line' id='line_1_11' title="bbox 167 1208 1580 1270; baseline -0.005 -13"><span class='ocrx_word' id='word_1_73' title='bbox 167 1230 265 1257; x_wconf 85' lang='lat' dir='ltr'>nere</span> <span class='ocrx_word' id='word_1_74' title='bbox 301 1239 355 1245; x_wconf 88' lang='lat'>—-</span> <span class='ocrx_word' id='word_1_75' title='bbox 387 1212 490 1270; x_wconf 85' lang='lat' dir='ltr'>quid</span> <span class='ocrx_word' id='word_1_76' title='bbox 523 1212 574 1253; x_wconf 88' lang='lat' dir='ltr'>sit</span> <span class='ocrx_word' id='word_1_77' title='bbox 607 1211 770 1254; x_wconf 85' lang='lat' dir='ltr'>bonum</span> <span class='ocrx_word' id='word_1_78' title='bbox 818 1210 940 1255; x_wconf 83' lang='lat' dir='ltr'>finale</span> <span class='ocrx_word' id='word_1_79' title='bbox 988 1228 1062 1254; x_wconf 84' lang='lat' dir='ltr'>seu</span> <span class='ocrx_word' id='word_1_80' title='bbox 1101 1211 1226 1270; x_wconf 77' lang='lat' dir='ltr'>finis,</span> <span class='ocrx_word' id='word_1_81' title='bbox 1275 1209 1377 1268; x_wconf 84' lang='lat' dir='ltr'>quid</span> <span class='ocrx_word' id='word_1_82' title='bbox 1417 1208 1580 1252; x_wconf 86' lang='lat' dir='ltr'>bonum</span> 
     </span>
     <span class='ocr_line' id='line_1_12' title="bbox 168 1281 1581 1342; baseline -0.004 -14"><span class='ocrx_word' id='word_1_83' title='bbox 168 1286 267 1328; x_wconf 88' lang='lat' dir='ltr'>utile</span> <span class='ocrx_word' id='word_1_84' title='bbox 300 1301 372 1328; x_wconf 87' lang='lat' dir='ltr'>seu</span> <span class='ocrx_word' id='word_1_85' title='bbox 406 1283 581 1326; x_wconf 66' lang='lat' dir='ltr'>medium</span> <span class='ocrx_word' id='word_1_86' title='bbox 613 1308 669 1316; x_wconf 92' lang='lat'>—-</span> <span class='ocrx_word' id='word_1_87' title='bbox 703 1283 804 1341; x_wconf 88' lang='lat' dir='ltr'>quid</span> <span class='ocrx_word' id='word_1_88' title='bbox 837 1285 889 1327; x_wconf 88' lang='lat' dir='ltr'>sit</span> <span class='ocrx_word' id='word_1_89' title='bbox 922 1283 1017 1326; x_wconf 85' lang='lat' dir='ltr'>finis</span> <span class='ocrx_word' id='word_1_90' title='bbox 1052 1284 1232 1337; x_wconf 69' lang='lat' dir='ltr'>ultimas,</span> <span class='ocrx_word' id='word_1_91' title='bbox 1261 1281 1364 1342; x_wconf 88' lang='lat' dir='ltr'>quid</span> <span class='ocrx_word' id='word_1_92' title='bbox 1385 1281 1479 1324; x_wconf 86' lang='lat' dir='ltr'>finis</span> <span class='ocrx_word' id='word_1_93' title='bbox 1502 1295 1581 1324; x_wconf 77' lang='grc'><em>11011</em></span> 
     </span>
     <span class='ocr_line' id='line_1_13' title="bbox 170 1352 1581 1413; baseline -0.003 -13"><span class='ocrx_word' id='word_1_94' title='bbox 170 1358 336 1400; x_wconf 68' lang='lat' dir='ltr'>ultimus</span> <span class='ocrx_word' id='word_1_95' title='bbox 368 1382 428 1389; x_wconf 72' lang='lat'><strong>—</strong></span> <span class='ocrx_word' id='word_1_96' title='bbox 459 1355 560 1413; x_wconf 82' lang='lat' dir='ltr'>quid</span> <span class='ocrx_word' id='word_1_97' title='bbox 594 1355 854 1413; x_wconf 76' lang='lat' dir='ltr'>intelligatur</span> <span class='ocrx_word' id='word_1_98' title='bbox 886 1357 1061 1399; x_wconf 90' lang='lat' dir='ltr'>nomine</span> <span class='ocrx_word' id='word_1_99' title='bbox 1094 1354 1187 1398; x_wconf 87' lang='lat' dir='ltr'>finis</span> <span class='ocrx_word' id='word_1_100' title='bbox 1219 1356 1284 1400; x_wconf 67' lang='lat' dir='ltr'>cni</span> <span class='ocrx_word' id='word_1_101' title='bbox 1316 1366 1354 1397; x_wconf 92' lang='lat' dir='ltr'>et</span> <span class='ocrx_word' id='word_1_102' title='bbox 1383 1354 1477 1397; x_wconf 86' lang='lat' dir='ltr'>finis</span> <span class='ocrx_word' id='word_1_103' title='bbox 1500 1352 1581 1411; x_wconf 75' lang='lat' dir='ltr'>qni.</span> 
     </span>
    </p>

    <p class='ocr_par' dir='ltr' id='par_1_5' title="bbox 168 1424 1586 1918">
     <span class='ocr_line' id='line_1_14' title="bbox 351 1424 1582 1487; baseline -0.004 -16"><span class='ocrx_word' id='word_1_104' title='bbox 351 1429 392 1487; x_wconf 84' lang='lat'>1)</span> <span class='ocrx_word' id='word_1_105' title='bbox 426 1429 531 1472; x_wconf 84' lang='lat' dir='ltr'>Boni</span> <span class='ocrx_word' id='word_1_106' title='bbox 566 1429 800 1485; x_wconf 77' lang='lat' dir='ltr'>generatim</span> <span class='ocrx_word' id='word_1_107' title='bbox 836 1429 991 1486; x_wconf 85' lang='lat' dir='ltr'>accepti</span> <span class='ocrx_word' id='word_1_108' title='bbox 1026 1428 1180 1486; x_wconf 75' lang='lat' dir='ltr'>duplex</span> <span class='ocrx_word' id='word_1_109' title='bbox 1213 1427 1441 1486; x_wconf 84' lang='lat' dir='ltr'>descriptio</span> <span class='ocrx_word' id='word_1_110' title='bbox 1474 1424 1582 1468; x_wconf 80' lang='lat' dir='ltr'>tradi</span> 
     </span>
     <span class='ocr_line' id='line_1_15' title="bbox 169 1498 1585 1559; baseline -0.001 -16"><span class='ocrx_word' id='word_1_111' title='bbox 169 1501 289 1559; x_wconf 72' lang='lat' dir='ltr'>solet,</span> <span class='ocrx_word' id='word_1_112' title='bbox 321 1500 447 1544; x_wconf 80' lang='lat' dir='ltr'>altera</span> <span class='ocrx_word' id='word_1_113' title='bbox 480 1500 654 1558; x_wconf 88' lang='lat' dir='ltr'>quidem</span> <span class='ocrx_word' id='word_1_114' title='bbox 688 1517 734 1544; x_wconf 75' lang='lat' dir='ltr'>ex</span> <span class='ocrx_word' id='word_1_115' title='bbox 767 1500 918 1559; x_wconf 73' lang='lat' dir='ltr'>effectu,</span> <span class='ocrx_word' id='word_1_116' title='bbox 945 1501 1071 1544; x_wconf 82' lang='lat' dir='ltr'>altera</span> <span class='ocrx_word' id='word_1_117' title='bbox 1104 1517 1207 1545; x_wconf 78' lang='lat' dir='ltr'>vero</span> <span class='ocrx_word' id='word_1_118' title='bbox 1240 1517 1289 1544; x_wconf 77' lang='lat' dir='ltr'>ex</span> <span class='ocrx_word' id='word_1_119' title='bbox 1321 1502 1385 1544; x_wconf 77' lang='lat' dir='ltr'>sui</span> <span class='ocrx_word' id='word_1_120' title='bbox 1408 1498 1585 1557; x_wconf 78' lang='lat' dir='ltr'>formali</span> 
     </span>
     <span class='ocr_line' id='line_1_16' title="bbox 168 1569 1583 1631; baseline -0.003 -14"><span class='ocrx_word' id='word_1_121' title='bbox 168 1582 362 1631; x_wconf 70' lang='lat' dir='ltr'>conceplu.</span> <span class='ocrx_word' id='word_1_122' title='bbox 389 1574 448 1615; x_wconf 76' lang='lat' dir='ltr'>Ex</span> <span class='ocrx_word' id='word_1_123' title='bbox 472 1572 622 1615; x_wconf 83' lang='lat' dir='ltr'>effectu</span> <span class='ocrx_word' id='word_1_124' title='bbox 647 1572 938 1630; x_wconf 60' lang='lat' dir='ltr'>defiiiitrli‘7c‘115</span> <span class='ocrx_word' id='word_1_125' title='bbox 962 1582 1158 1630; x_wconf 70' lang='lat' dir='ltr'>qnatenus</span> <span class='ocrx_word' id='word_1_126' title='bbox 1181 1581 1235 1616; x_wconf 73' lang='lat' dir='ltr'>est</span> <span class='ocrx_word' id='word_1_127' title='bbox 1258 1571 1466 1631; x_wconf 71' lang='lat' dir='ltr'>appetibile</span> <span class='ocrx_word' id='word_1_128' title='bbox 1489 1569 1583 1628; x_wconf 87' lang='lat'>(1):</span> 
     </span>
     <span class='ocr_line' id='line_1_17' title="bbox 170 1644 1584 1702; baseline -0.001 -15"><span class='ocrx_word' id='word_1_129' title='bbox 170 1661 218 1687; x_wconf 66' lang='lat' dir='ltr'>ex</span> <span class='ocrx_word' id='word_1_130' title='bbox 252 1645 316 1686; x_wconf 72' lang='lat' dir='ltr'>sui</span> <span class='ocrx_word' id='word_1_131' title='bbox 351 1644 515 1687; x_wconf 73' lang='lat' dir='ltr'>formali</span> <span class='ocrx_word' id='word_1_132' title='bbox 551 1657 773 1702; x_wconf 72' lang='lat' dir='ltr'>conceptu,</span> <span class='ocrx_word' id='word_1_133' title='bbox 799 1660 865 1687; x_wconf 71' lang='lat' dir='ltr'>ens</span> <span class='ocrx_word' id='word_1_134' title='bbox 897 1654 1095 1702; x_wconf 62' lang='lat' dir='ltr'>qnatenus</span> <span class='ocrx_word' id='word_1_135' title='bbox 1120 1653 1174 1688; x_wconf 68' lang='lat'>65!</span> <span class='ocrx_word' id='word_1_136' title='bbox 1197 1646 1445 1688; x_wconf 67' lang='lat' dir='ltr'>sonvmziens.</span> <span class='ocrx_word' id='word_1_137' title='bbox 1471 1644 1584 1686; x_wconf 84' lang='lat' dir='ltr'>Hinc</span> 
     </span>
     <span class='ocr_line' id='line_1_18' title="bbox 168 1716 1584 1774; baseline -0.001 -17"><span class='ocrx_word' id='word_1_138' title='bbox 168 1716 201 1757; x_wconf 85' lang='lat' dir='ltr'>si</span> <span class='ocrx_word' id='word_1_139' title='bbox 237 1729 460 1773; x_wconf 76' lang='lat' dir='ltr'>utramque</span> <span class='ocrx_word' id='word_1_140' title='bbox 494 1731 808 1773; x_wconf 77' lang='lat' dir='ltr'>componamus</span> <span class='ocrx_word' id='word_1_141' title='bbox 844 1716 1199 1774; x_wconf 84' lang='lat' dir='ltr'>descriptionem,</span> <span class='ocrx_word' id='word_1_142' title='bbox 1248 1717 1307 1759; x_wconf 87' lang='lat' dir='ltr'>sic</span> <span class='ocrx_word' id='word_1_143' title='bbox 1351 1730 1584 1774; x_wconf 88' lang='lat' dir='ltr'>possumus</span> 
     </span>
     <span class='ocr_line' id='line_1_19' title="bbox 170 1785 1586 1846; baseline 0.001 -17"><span class='ocrx_word' id='word_1_144' title='bbox 170 1800 363 1830; x_wconf 80' lang='lat' dir='ltr'>naturam</span> <span class='ocrx_word' id='word_1_145' title='bbox 397 1788 497 1830; x_wconf 83' lang='lat' dir='ltr'>honi</span> <span class='ocrx_word' id='word_1_146' title='bbox 531 1790 693 1846; x_wconf 80' lang='lat' dir='ltr'>integre</span> <span class='ocrx_word' id='word_1_147' title='bbox 727 1787 959 1846; x_wconf 77' lang='lat' dir='ltr'>explicare:</span> <span class='ocrx_word' id='word_1_148' title='bbox 985 1788 1149 1832; x_wconf 83' lang='lat' dir='ltr'>bonum</span> <span class='ocrx_word' id='word_1_149' title='bbox 1184 1788 1364 1832; x_wconf 85' lang='lat' dir='ltr'>dicimus</span> <span class='ocrx_word' id='word_1_150' title='bbox 1390 1787 1447 1845; x_wconf 81' lang='lat' dir='ltr'>id,</span> <span class='ocrx_word' id='word_1_151' title='bbox 1470 1785 1586 1846; x_wconf 83' lang='lat' dir='ltr'>quod</span> 
     </span>
     <span class='ocr_line' id='line_1_20' title="bbox 172 1859 1585 1918; baseline 0.001 -16"><span class='ocrx_word' id='word_1_152' title='bbox 172 1860 438 1917; x_wconf 88' lang='lat' dir='ltr'>concipimus</span> <span class='ocrx_word' id='word_1_153' title='bbox 472 1876 563 1902; x_wconf 84' lang='lat' dir='ltr'>esse</span> <span class='ocrx_word' id='word_1_154' title='bbox 596 1860 689 1913; x_wconf 84' lang='lat' dir='ltr'>tale,</span> <span class='ocrx_word' id='word_1_155' title='bbox 724 1872 768 1903; x_wconf 93' lang='lat' dir='ltr'>ut</span> <span class='ocrx_word' id='word_1_156' title='bbox 803 1862 942 1918; x_wconf 79' lang='lat' dir='ltr'>appeti</span> <span class='ocrx_word' id='word_1_157' title='bbox 976 1862 1125 1918; x_wconf 79' lang='lat' dir='ltr'>possit,</span> <span class='ocrx_word' id='word_1_158' title='bbox 1145 1861 1241 1918; x_wconf 86' lang='lat' dir='ltr'>quia</span> <span class='ocrx_word' id='word_1_159' title='bbox 1274 1859 1398 1903; x_wconf 87' lang='lat' dir='ltr'>habet</span> <span class='ocrx_word' id='word_1_160' title='bbox 1433 1876 1585 1904; x_wconf 81' lang='lat' dir='ltr'>conve-</span> 
     </span>
    </p>
   </div>
   <div class='ocr_carea' id='block_1_5' title="bbox 174 2056 1588 2515">
    <p class='ocr_par' dir='ltr' id='par_1_6' title="bbox 174 2056 1588 2515">
     <span class='ocr_line' id='line_1_21' title="bbox 269 2056 1587 2100; baseline 0 -9"><span class='ocrx_word' id='word_1_161' title='bbox 269 2058 323 2100; x_wconf 68' lang='lat' dir='ltr'>(s1)</span> <span class='ocrx_word' id='word_1_162' title='bbox 352 2056 562 2092; x_wconf 70' lang='lat' dir='ltr'>Aristoteles</span> <span class='ocrx_word' id='word_1_163' title='bbox 591 2058 690 2093; x_wconf 72' lang='lat' dir='ltr'>initio</span> <span class='ocrx_word' id='word_1_164' title='bbox 719 2060 796 2093; x_wconf 69' lang='lat' dir='ltr'>libri</span> <span class='ocrx_word' id='word_1_165' title='bbox 826 2060 849 2093; x_wconf 90' lang='lat' dir='ltr'>I.</span> <span class='ocrx_word' id='word_1_166' title='bbox 878 2059 1092 2093; x_wconf 82' lang='lat' dir='ltr'>Ethicorum</span> <span class='ocrx_word' id='word_1_167' title='bbox 1121 2059 1210 2093; x_wconf 86' lang='lat' dir='ltr'>haec</span> <span class='ocrx_word' id='word_1_168' title='bbox 1229 2058 1346 2093; x_wconf 83' lang='lat' dir='ltr'>habet:</span> <span class='ocrx_word' id='word_1_169' title='bbox 1372 2058 1488 2096; x_wconf 64' lang='grc' dir='ltr'>Καλῶς</span> <span class='ocrx_word' id='word_1_170' title='bbox 1508 2058 1587 2091; x_wconf 72' lang='grc' dir='ltr'><em>ἀπε-</em></span> 
     </span>
     <span class='ocr_line' id='line_1_22' title="bbox 174 2113 1585 2163; baseline 0.001 -12"><span class='ocrx_word' id='word_1_171' title='bbox 174 2117 321 2161; x_wconf 67' lang='grc' dir='ltr'>ῳὴνκντο</span> <span class='ocrx_word' id='word_1_172' title='bbox 345 2116 509 2159; x_wconf 67' lang='grc' dir='ltr'>τνζγκθόν,</span> <span class='ocrx_word' id='word_1_173' title='bbox 538 2113 574 2149; x_wconf 67' lang='lat'>03</span> <span class='ocrx_word' id='word_1_174' title='bbox 602 2118 700 2150; x_wconf 62' lang='grc' dir='ltr'><strong><em>πάντ’</em></strong></span> <span class='ocrx_word' id='word_1_175' title='bbox 729 2119 869 2163; x_wconf 39' lang='lat' dir='ltr'>sptem,</span> <span class='ocrx_word' id='word_1_176' title='bbox 897 2119 992 2153; x_wconf 82' lang='lat' dir='ltr'>Scite</span> <span class='ocrx_word' id='word_1_177' title='bbox 1020 2126 1164 2153; x_wconf 76' lang='lat' dir='ltr'>veteres</span> <span class='ocrx_word' id='word_1_178' title='bbox 1190 2118 1225 2151; x_wconf 87' lang='lat' dir='ltr'>id</span> <span class='ocrx_word' id='word_1_179' title='bbox 1253 2129 1330 2152; x_wconf 84' lang='lat' dir='ltr'>esse</span> <span class='ocrx_word' id='word_1_180' title='bbox 1358 2120 1494 2152; x_wconf 85' lang='lat' dir='ltr'>bonum</span> <span class='ocrx_word' id='word_1_181' title='bbox 1521 2117 1585 2151; x_wconf 86' lang='lat' dir='ltr'>de-</span> 
     </span>
     <span class='ocr_line' id='line_1_23' title="bbox 175 2174 1586 2224; baseline 0.003 -17"><span class='ocrx_word' id='word_1_182' title='bbox 175 2174 352 2215; x_wconf 74' lang='lat' dir='ltr'>finierunt,</span> <span class='ocrx_word' id='word_1_183' title='bbox 368 2174 461 2219; x_wconf 80' lang='lat' dir='ltr'>quod</span> <span class='ocrx_word' id='word_1_184' title='bbox 482 2175 603 2208; x_wconf 74' lang='lat' dir='ltr'>omnia</span> <span class='ocrx_word' id='word_1_185' title='bbox 623 2186 806 2221; x_wconf 76' lang='lat' dir='ltr'>appetunt.</span> <span class='ocrx_word' id='word_1_186' title='bbox 823 2179 877 2211; x_wconf 84' lang='lat' dir='ltr'>De</span> <span class='ocrx_word' id='word_1_187' title='bbox 898 2189 964 2224; x_wconf 84' lang='lat' dir='ltr'>qua</span> <span class='ocrx_word' id='word_1_188' title='bbox 984 2177 1070 2212; x_wconf 86' lang='lat' dir='ltr'>boni</span> <span class='ocrx_word' id='word_1_189' title='bbox 1091 2177 1300 2212; x_wconf 82' lang='lat' dir='ltr'>definitione</span> <span class='ocrx_word' id='word_1_190' title='bbox 1323 2177 1401 2212; x_wconf 76' lang='lat' dir='ltr'>vide</span> <span class='ocrx_word' id='word_1_191' title='bbox 1422 2189 1476 2220; x_wconf 84' lang='lat' dir='ltr'>ea,</span> <span class='ocrx_word' id='word_1_192' title='bbox 1497 2189 1586 2224; x_wconf 75' lang='lat' dir='ltr'>quae</span> 
     </span>
     <span class='ocr_line' id='line_1_24' title="bbox 174 2232 1586 2275; baseline 0.003 -8"><span class='ocrx_word' id='word_1_193' title='bbox 174 2245 200 2267; x_wconf 80' lang='lat' dir='ltr'>s,</span> <span class='ocrx_word' id='word_1_194' title='bbox 215 2232 377 2266; x_wconf 81' lang='lat' dir='ltr'>Thomas</span> <span class='ocrx_word' id='word_1_195' title='bbox 398 2233 516 2275; x_wconf 77' lang='lat' dir='ltr'>habet,</span> <span class='ocrx_word' id='word_1_196' title='bbox 539 2235 571 2266; x_wconf 80' lang='lat' dir='ltr'>in</span> <span class='ocrx_word' id='word_1_197' title='bbox 591 2233 650 2268; x_wconf 84' lang='lat' dir='ltr'>lib.</span> <span class='ocrx_word' id='word_1_198' title='bbox 672 2235 787 2269; x_wconf 83' lang='lat' dir='ltr'>Ethic.</span> <span class='ocrx_word' id='word_1_199' title='bbox 809 2236 833 2271; x_wconf 89' lang='grc'>1.</span> <span class='ocrx_word' id='word_1_200' title='bbox 860 2248 888 2272; x_wconf 81' lang='lat'>1.</span> <span class='ocrx_word' id='word_1_201' title='bbox 910 2236 990 2271; x_wconf 87' lang='lat' dir='ltr'>lect.</span> <span class='ocrx_word' id='word_1_202' title='bbox 1015 2248 1054 2275; x_wconf 75' lang='grc'>1.,</span> <span class='ocrx_word' id='word_1_203' title='bbox 1073 2248 1215 2271; x_wconf 82' lang='lat' dir='ltr'>necnon</span> <span class='ocrx_word' id='word_1_204' title='bbox 1235 2237 1271 2271; x_wconf 85' lang='lat' dir='ltr'>in</span> <span class='ocrx_word' id='word_1_205' title='bbox 1299 2248 1440 2271; x_wconf 84' lang='lat' dir='ltr'>summa</span> <span class='ocrx_word' id='word_1_206' title='bbox 1459 2236 1586 2272; x_wconf 84' lang='lat' dir='ltr'>Theol.</span> 
     </span>
     <span class='ocr_line' id='line_1_25' title="bbox 180 2293 1588 2339; baseline 0.004 -14"><span class='ocrx_word' id='word_1_207' title='bbox 180 2302 206 2325; x_wconf 83' lang='lat'>1.</span> <span class='ocrx_word' id='word_1_208' title='bbox 233 2303 268 2336; x_wconf 89' lang='lat' dir='ltr'>p.</span> <span class='ocrx_word' id='word_1_209' title='bbox 295 2303 326 2337; x_wconf 91' lang='lat' dir='ltr'>q.</span> <span class='ocrx_word' id='word_1_210' title='bbox 357 2300 386 2333; x_wconf 72' lang='grc' dir='ltr'>ς.</span> <span class='ocrx_word' id='word_1_211' title='bbox 417 2304 445 2325; x_wconf 82' lang='lat' dir='ltr'>a.</span> <span class='ocrx_word' id='word_1_212' title='bbox 479 2303 504 2325; x_wconf 92' lang='lat'>1.</span> <span class='ocrx_word' id='word_1_213' title='bbox 525 2293 681 2328; x_wconf 71' lang='lat' dir='ltr'>Breviter</span> <span class='ocrx_word' id='word_1_214' title='bbox 711 2308 726 2325; x_wconf 74' lang='grc' dir='ltr'>α</span> <span class='ocrx_word' id='word_1_215' title='bbox 747 2306 872 2329; x_wconf 77' lang='lat' dir='ltr'>sensus</span> <span class='ocrx_word' id='word_1_216' title='bbox 900 2295 1118 2330; x_wconf 80' lang='lat' dir='ltr'>definitionis</span> <span class='ocrx_word' id='word_1_217' title='bbox 1145 2308 1219 2331; x_wconf 89' lang='lat' dir='ltr'>non</span> <span class='ocrx_word' id='word_1_218' title='bbox 1248 2297 1278 2330; x_wconf 91' lang='lat' dir='ltr'>is</span> <span class='ocrx_word' id='word_1_219' title='bbox 1305 2305 1368 2339; x_wconf 87' lang='lat' dir='ltr'>est,</span> <span class='ocrx_word' id='word_1_220' title='bbox 1388 2305 1425 2332; x_wconf 86' lang='lat' dir='ltr'>ut</span> <span class='ocrx_word' id='word_1_221' title='bbox 1452 2308 1526 2330; x_wconf 89' lang='lat' dir='ltr'>non</span> <span class='ocrx_word' id='word_1_222' title='bbox 1544 2296 1588 2331; x_wconf 84' lang='lat' dir='ltr'>sit</span> 
     </span>
     <span class='ocr_line' id='line_1_26' title="bbox 175 2351 1588 2401; baseline 0.004 -17"><span class='ocrx_word' id='word_1_223' title='bbox 175 2351 311 2384; x_wconf 86' lang='lat' dir='ltr'>bonum</span> <span class='ocrx_word' id='word_1_224' title='bbox 338 2351 405 2384; x_wconf 87' lang='lat' dir='ltr'>nisi</span> <span class='ocrx_word' id='word_1_225' title='bbox 432 2351 479 2393; x_wconf 80' lang='lat' dir='ltr'>id,</span> <span class='ocrx_word' id='word_1_226' title='bbox 509 2352 544 2384; x_wconf 83' lang='lat' dir='ltr'>in</span> <span class='ocrx_word' id='word_1_227' title='bbox 571 2353 664 2397; x_wconf 81' lang='lat' dir='ltr'>quod</span> <span class='ocrx_word' id='word_1_228' title='bbox 694 2355 860 2387; x_wconf 70' lang='lat' dir='ltr'>oninium</span> <span class='ocrx_word' id='word_1_229' title='bbox 889 2353 996 2389; x_wconf 83' lang='lat' dir='ltr'>fertur</span> <span class='ocrx_word' id='word_1_230' title='bbox 1027 2356 1219 2401; x_wconf 74' lang='lat' dir='ltr'>appetitus3</span> <span class='ocrx_word' id='word_1_231' title='bbox 1251 2356 1313 2390; x_wconf 85' lang='lat' dir='ltr'>sed</span> <span class='ocrx_word' id='word_1_232' title='bbox 1342 2356 1399 2390; x_wconf 80' lang='lat' dir='ltr'>hic</span> <span class='ocrx_word' id='word_1_233' title='bbox 1427 2364 1480 2390; x_wconf 88' lang='lat' dir='ltr'>est</span> <span class='ocrx_word' id='word_1_234' title='bbox 1507 2366 1588 2389; x_wconf 86' lang='lat' dir='ltr'>sen-</span> 
     </span>
     <span class='ocr_line' id='line_1_27' title="bbox 175 2409 1588 2459; baseline 0.004 -16"><span class='ocrx_word' id='word_1_235' title='bbox 175 2421 247 2444; x_wconf 78' lang='lat' dir='ltr'>sus:</span> <span class='ocrx_word' id='word_1_236' title='bbox 277 2409 435 2456; x_wconf 73' lang='lat' dir='ltr'>quidquid</span> <span class='ocrx_word' id='word_1_237' title='bbox 460 2422 480 2444; x_wconf 79' lang='lat' dir='ltr'>cz</span> <span class='ocrx_word' id='word_1_238' title='bbox 507 2423 708 2457; x_wconf 67' lang='lat' dir='ltr'>quocumque</span> <span class='ocrx_word' id='word_1_239' title='bbox 735 2416 916 2459; x_wconf 49' lang='lat' dir='ltr'>appetitur,</span> <span class='ocrx_word' id='word_1_240' title='bbox 944 2413 1027 2448; x_wconf 73' lang='lat' dir='ltr'>illud</span> <span class='ocrx_word' id='word_1_241' title='bbox 1053 2420 1098 2449; x_wconf 78' lang='lat' dir='ltr'>est</span> <span class='ocrx_word' id='word_1_242' title='bbox 1136 2415 1275 2450; x_wconf 78' lang='lat' dir='ltr'>bonum.</span> <span class='ocrx_word' id='word_1_243' title='bbox 1305 2420 1335 2450; x_wconf 77' lang='lat' dir='ltr'>et</span> <span class='ocrx_word' id='word_1_244' title='bbox 1361 2416 1475 2450; x_wconf 78' lang='lat' dir='ltr'>omnia</span> <span class='ocrx_word' id='word_1_245' title='bbox 1514 2426 1588 2450; x_wconf 78' lang='lat' dir='ltr'>cnm</span> 
     </span>
     <span class='ocr_line' id='line_1_28' title="bbox 176 2472 1586 2515; baseline 0.006 -16"><span class='ocrx_word' id='word_1_246' title='bbox 176 2473 350 2513; x_wconf 71' lang='lat' dir='ltr'>appetunt,</span> <span class='ocrx_word' id='word_1_247' title='bbox 377 2479 443 2501; x_wconf 77' lang='grc'><em>11011</em></span> <span class='ocrx_word' id='word_1_248' title='bbox 470 2474 631 2515; x_wconf 74' lang='lat' dir='ltr'>appetunt</span> <span class='ocrx_word' id='word_1_249' title='bbox 670 2472 735 2504; x_wconf 70' lang='lat' dir='ltr'>nisi</span> <span class='ocrx_word' id='word_1_250' title='bbox 761 2472 928 2506; x_wconf 74' lang='lat' dir='ltr'>bonum.»</span> <span class='ocrx_word' id='word_1_251' title='bbox 958 2473 1009 2507; x_wconf 82' lang='lat' dir='ltr'>Ita</span> <span class='ocrx_word' id='word_1_252' title='bbox 1051 2474 1221 2509; x_wconf 81' lang='lat' dir='ltr'>Palmieri</span> <span class='ocrx_word' id='word_1_253' title='bbox 1250 2474 1376 2509; x_wconf 58' lang='lat' dir='ltr'>Ontzl.</span> <span class='ocrx_word' id='word_1_254' title='bbox 1407 2474 1498 2509; x_wconf 84' lang='lat' dir='ltr'>thes.</span> <span class='ocrx_word' id='word_1_255' title='bbox 1526 2474 1586 2509; x_wconf 81' lang='lat' dir='ltr'>XI.</span> 
     </span>
    </p>
   </div>
   <div class='ocr_carea' id='block_1_6' title="bbox 176 2526 1588 2629">
    <p class='ocr_par' dir='ltr' id='par_1_7' title="bbox 176 2526 1588 2629">
     <span class='ocr_line' id='line_1_29' title="bbox 176 2526 1588 2575; baseline 0.006 -15"><span class='ocrx_word' id='word_1_256' title='bbox 176 2526 265 2570; x_wconf 85' lang='lat' dir='ltr'>Legi</span> <span class='ocrx_word' id='word_1_257' title='bbox 291 2536 442 2571; x_wconf 86' lang='lat' dir='ltr'>possunt</span> <span class='ocrx_word' id='word_1_258' title='bbox 471 2540 526 2571; x_wconf 84' lang='lat' dir='ltr'>ea,</span> <span class='ocrx_word' id='word_1_259' title='bbox 555 2541 642 2575; x_wconf 82' lang='lat' dir='ltr'>quae</span> <span class='ocrx_word' id='word_1_260' title='bbox 671 2538 795 2564; x_wconf 85' lang='lat' dir='ltr'>contra</span> <span class='ocrx_word' id='word_1_261' title='bbox 832 2531 974 2565; x_wconf 79' lang='lat' dir='ltr'>allatam</span> <span class='ocrx_word' id='word_1_262' title='bbox 1005 2532 1253 2568; x_wconf 78' lang='lat' dir='ltr'>definitionem</span> <span class='ocrx_word' id='word_1_263' title='bbox 1293 2533 1418 2568; x_wconf 75' lang='lat' dir='ltr'>obiicit</span> <span class='ocrx_word' id='word_1_264' title='bbox 1455 2534 1588 2568; x_wconf 81' lang='lat' dir='ltr'>Seneca</span> 
     </span>
     <span class='ocr_line' id='line_1_30' title="bbox 178 2584 668 2629; baseline 0.01 -12"><span class='ocrx_word' id='word_1_265' title='bbox 178 2584 267 2629; x_wconf 51' lang='lat' dir='ltr'>epis?</span> <span class='ocrx_word' id='word_1_266' title='bbox 312 2589 384 2620; x_wconf 60' lang='lat'>118⁴</span> <span class='ocrx_word' id='word_1_267' title='bbox 414 2587 495 2621; x_wconf 81' lang='lat' dir='ltr'>edit.</span> <span class='ocrx_word' id='word_1_268' title='bbox 524 2588 668 2623; x_wconf 73' lang='lat' dir='ltr'>Taurir.</span> 
     </span>
    </p>
   </div>
  </div>
 </body>
</html>
