1734 2784
665 113 899 166 -59-

59 208 201 265 seipsa
234 206 391 264 absque
425 204 514 248 ullo
548 204 693 248 medio
714 221 722 248 z
758 220 953 247 amorem
977 221 1079 248 vero
1103 218 1143 248 et
1166 204 1375 262 gaudium
1400 221 1491 249 esse

61 279 384 336 proportionata
415 277 485 320 tali
519 277 740 326 intuitivae
774 277 1027 333 cognitioni.
1062 278 1118 320 At
1149 277 1400 334 philosophi
1436 277 1489 320 de

59 350 240 394 homine
273 351 450 407 eiusque
487 348 767 392 destinatione
799 361 931 405 agunt
963 349 1222 408 hypothetice,
1266 348 1490 392 hominem

56 437 216 481 nempe
250 420 517 465 considerant
548 421 591 463 in
625 419 774 463 ordine
807 436 908 463 mere
940 421 1129 463 naturali
1160 420 1246 479 (1)

178 492 404 537 Affirmant
453 503 594 534 autem
639 491 887 549 philosophi
941 492 1237 548 cognitionem
1288 492 1386 548 Dei,
1441 492 1492 535 ad

60 580 188 622 quam
223 564 358 607 homo
393 564 434 605 in
468 562 667 613 naturali,
693 562 843 605 ordine
887 562 1059 606 relictus
1108 562 1392 607 destinaretur
1428 590 1486 595 —-

66 636 143 694 1.⁰)
176 637 371 693 negative,
403 651 491 678 non
525 650 616 677 esse
652 635 890 677 infinitivam
914 660 969 667 —
989 635 1063 691 2.⁰)
1088 636 1276 692 positive,
1300 651 1391 678 esse
1414 635 1492 678 ab·

55 708 291 750 stractivam
324 722 397 749 seu
431 705 704 749 discursivczm
738 731 794 738 —
830 709 904 764 3.⁰)
941 706 1106 749 relati-vt²
1143 722 1234 749 esse
1275 707 1493 764 perfectam

61 783 259 827 videlicet
292 800 384 827 esse
418 782 749 841 respondentem
784 799 858 825 seu
902 783 1273 826 accommodatam
1316 796 1492 826 natura-

60 855 168 899 libus
202 856 504 913 intelligentiae
536 854 694 898 Viribus
744 854 848 898 adeo
888 868 934 898 ut
973 871 1040 898 eas
1075 872 1125 898 ex
1158 867 1251 898 toto
1298 854 1487 912 expleat:

57 952 115 960 —
149 927 232 987 4⁰)
265 944 457 971 amorem
492 940 634 970 autem
669 940 709 970 et
743 926 949 984 gaudium
997 943 1088 971 esse
1126 927 1194 970 tali
1247 928 1489 984 cognitioni

55 1001 397 1056 proportionata.

179 1070 339 1124 Quoad
380 1071 476 1129 1¹¹³.)
495 1071 599 1113 ratio
634 1084 709 1124 est,
734 1071 846 1128 quia,
872 1083 917 1114 ut
942 1071 984 1113 in
1009 1086 1125 1113 sacra
1151 1069 1396 1128 Theologia
1419 1070 1490 1129 (2)

155 1267 212 1312 (1)
242 1266 340 1310 Quid
365 1268 409 1301 sit
436 1266 492 1300 hic
520 1265 612 1300 ordo
636 1274 721 1312 sure
746 1265 930 1308 naturalis,
951 1266 994 1299 ad
1016 1277 1122 1312 quem
1143 1266 1378 1313 philosophus
1409 1279 1491 1302 suas

60 1327 313 1373 inquisitiones
343 1335 511 1369 coarctat,
539 1326 589 1360 sic
618 1335 736 1371 potest
763 1337 807 1360 ex
835 1327 990 1369 Becano,
1018 1326 1061 1360 de
1089 1337 1178 1373 grat.
1205 1328 1293 1373 disp.
1322 1328 1364 1362 ΙΙ.
1393 1341 1423 1375 q.
1459 1339 1487 1363 1.

54 1399 89 1422 a.
123 1397 161 1426 1.,
189 1386 370 1431 explicari:
403 1386 615 1431 «Importat
643 1385 773 1431 aliquid
814 1385 1004 1431 positivum
1046 1395 1078 1420 et
1107 1386 1241 1432 aliquid
1275 1388 1488 1432 negativum.

61 1446 263 1482 Positivuin
291 1445 327 1478 in
355 1456 397 1480 eo
427 1454 490 1481 est,
518 1444 614 1491 quod
653 1444 781 1479 habeat
807 1444 964 1479 humana
1006 1455 1132 1480 natura
1161 1447 1327 1493 quicquid
1367 1456 1418 1482 est
1457 1448 1489 1482 ei

59 1504 295 1539 connaturale
318 1516 381 1538 seu
400 1503 562 1538 debitum
583 1516 625 1538 ex
645 1505 819 1538 essentiae
839 1516 922 1538 suae
944 1505 1140 1550 principiis,
1161 1515 1242 1552 puta
1262 1518 1343 1541 suas
1361 1518 1489 1541 onmes

60 1563 249 1598 facultates
290 1562 468 1597 naturales
497 1573 530 1597 et
571 1563 714 1609 copiam
742 1575 804 1597 seu
845 1566 1154 1610 praeparationem
1183 1566 1324 1600 divinae
1364 1568 1487 1612 provi-

52 1623 199 1658 ·dentiae
225 1623 289 1669 ipsi
318 1623 579 1665 convenientis,
605 1623 769 1669 adeoque
807 1624 986 1669 generalis
1019 1636 1227 1660 concursus,
1268 1626 1486 1672 Negativum

58 1684 94 1717 in
122 1694 165 1717 eo
192 1693 259 1724 est,
287 1682 383 1729 quod
412 1682 501 1716 nihil
528 1682 656 1717 habeat
683 1683 883 1717 indebitum
917 1683 952 1718 h.
972 1695 1000 1718 e.
1023 1685 1116 1730 quod
1137 1685 1179 1718 ab
1200 1685 1393 1720 intrinseco
1413 1698 1487 1720 non

55 1744 227 1789 postulet,
255 1744 329 1776 sive
356 1743 503 1784 bonum,
531 1752 568 1777 ut
595 1743 691 1776 dona
718 1744 864 1789 gratiae,
893 1743 966 1777 sive
993 1744 1140 1786 malum,
1168 1754 1205 1779 ut
1234 1755 1423 1790 peccatum
1453 1756 1485 1781 et

59 1810 175 1837 reatus
201 1813 351 1848 poenae.
379 1803 499 1837 Status
527 1813 635 1848 purae
664 1812 811 1837 naturae
839 1803 922 1838 dicit
950 1808 1112 1837 naturam
1139 1813 1172 1839 et
1193 1805 1261 1838 eius
1283 1806 1485 1850 puritatem.

51 1861 191 1896 Natura
217 1861 366 1895 includit
393 1862 586 1896 essentiam
615 1871 649 1896 et
678 1874 768 1908 quae
795 1863 971 1898 debentur
997 1864 1137 1898 ratione
1166 1864 1355 1899 essentiae:
1392 1867 1487 1911 puri-

57 1930 111 1956 tas
137 1920 294 1956 excludit
323 1922 446 1955 omnia
485 1922 640 1956 indebita
669 1922 811 1957 ratione
852 1923 1077 1958 essentiae.»
1119 1924 1187 1958 Sed
1216 1924 1282 1958 hac
1314 1926 1357 1959 de
1384 1937 1420 1959 re
1447 1926 1484 1960 in

59 1991 155 2014 sacra
181 1979 388 2024 Theologia
416 1979 525 2014 fusius
566 1989 814 2026 pertractatur.
846 1980 902 2016 Cf.
931 1981 1113 2025 Palmieri,
1155 1982 1197 2017 de
1224 1983 1302 2017 Deo
1343 1994 1486 2019 creante

53 2048 92 2074 <et
117 2039 207 2073 eleV.
234 2039 326 2073 thes.
353 2040 498 2074 XLVII.
527 2040 562 2073 in
591 2052 658 2086 qua
685 2041 865 2086 probatur,
893 2050 1025 2077 statum
1055 2054 1165 2088 purae
1203 2053 1353 2078 naturae
1394 2055 1483 2090 pos-

54 2098 124 2132 sibi
142 2110 199 2133 em
227 2109 316 2133 esse.

153 2159 209 2203 (2)
238 2160 338 2193 Hanc
367 2159 653 2205 propositionem
682 2161 803 2195 statuit
831 2162 1001 2203 Perrone,
1030 2163 1203 2198 Praelect.
1229 2164 1412 2211 Theolog.
1440 2165 1483 2199 de

56 2219 137 2253 Deo
165 2218 283 2253 Creat.
311 2228 399 2264 part.
433 2220 491 2253 ΙΙΙ.
519 2230 594 2265 cap.
622 2220 694 2254 VI.:
727 2222 861 2256 «Beati
889 2222 924 2256 in
953 2223 1067 2269 patria
1093 2225 1398 2271 supernalm'czliler
1417 2225 1482 2260 Dei

57 2278 250 2312 essentiam
280 2278 444 2313 intuitive
472 2279 642 2313 vident.»
673 2279 729 2314 Ad
758 2292 865 2326 quam
893 2281 1025 2316 thesim
1052 2283 1317 2325 vindicandam,
1346 2293 1485 2329 praeter

56 2337 127 2371 alia
150 2336 238 2371 haec
265 2337 387 2371 habet:
421 2338 536 2372 «Dixi
567 2339 602 2372 in
640 2339 890 2384 propositione
931 2342 1134 2384 enunciata,
1164 2345 1484 2389 supernatzawzliter:

55 2406 95 2432 ut
121 2397 171 2432 sic
198 2397 425 2432 excluderem
454 2409 612 2433 errorem
640 2399 907 2446 beguardorum
937 2411 970 2436 et
997 2403 1247 2449 beguinmum,
1277 2403 1482 2438 docentium

56 2457 203 2492 saeculo
230 2459 330 2493 XIV.
358 2459 566 2493 naturaliter
593 2459 711 2494 Deum
738 2462 781 2495 ab
812 2461 997 2498 intellectu
1026 2473 1146 2498 creato
1173 2465 1282 2499 videri
1311 2475 1416 2509 posse
1448 2473 1481 2499 et

56 2518 207 2552 anim-tm
226 2528 290 2551 non
311 2517 462 2562 indigere
482 2518 609 2553 lumine
632 2521 765 2565 gloriae
790 2521 898 2568 ipsam
918 2523 1066 2558 elevante
1092 2525 1134 2558 ad
1159 2524 1338 2558 'videndum
1359 2526 1480 2564 Deum,

59 2584 97 2610 ut
124 2575 270 2612 refertur
300 2577 335 2611 in
367 2576 595 2612 Clementiam:
636 2579 690 2614 Ad
728 2587 888 2623 nostrum,
927 2582 979 2617 De
1019 2583 1196 2618 haereticis
1236 2584 1360 2629 (Conf.
1388 2584 1482 2620 Coll.
