1734 2784
691 135 955 178 -371-

118 219 305 266 actiones
335 233 424 263 non
456 235 504 262 ex
539 234 577 263 se
622 218 689 262 vel
721 227 859 278 suapte
891 228 1046 264 natura
1079 219 1224 277 malas,
1257 222 1290 263 si
1325 222 1377 263 sit
1411 237 1538 279 prae-

119 291 294 350 cipiens,
325 302 518 336 versatur
552 291 660 334 circa
691 292 880 335 actiones
925 307 1014 335 non
1045 307 1091 334 ex
1124 308 1161 336 se
1208 291 1340 335 bonas
1373 304 1414 335 et
1462 309 1538 336 ne-

118 363 316 407 cessarias
349 388 407 394 —-
439 378 632 421 quaeque
664 362 847 422 proinde
880 378 967 407 non
999 364 1082 406 iam
1117 379 1138 406 a
1171 365 1404 421 necessaria,
1432 364 1540 408 sicut

118 435 184 484 lex
234 435 452 494 naturalis,
504 435 579 479 sed
627 450 649 478 a
701 435 828 480 libera
883 436 1117 494 superioris
1171 435 1388 480 voluntate
1437 452 1541 495 pro-

119 508 229 560 cedit
261 507 348 567 (1)
383 507 592 566 Exemplo
626 508 680 551 sit
713 506 793 565 lex,
828 523 959 567 quam
994 509 1112 552 Deus
1147 507 1242 551 tulit
1274 508 1457 562 Adam,
1491 524 1542 552 ne

120 595 302 639 pomum
346 578 594 624 comederet
627 580 711 638 (2).
760 607 811 612 —
847 581 964 624 Haec
1014 579 1171 624 scilicet
1219 593 1282 624 est
1327 582 1449 624 notio
1499 596 1542 624 ac

120 651 326 711 definitio*
362 651 467 709 legis
516 647 724 710 positurae
776 653 945 711 proprie
995 667 1040 696 ac
1089 652 1340 710 simpliciter
1389 652 1541 698 dictae.

119 724 286 768 Dantur
317 724 432 767 enim
466 723 595 781 leges,
629 738 736 783 quae
769 736 868 767 sunt
904 724 1111 782 positivae
1145 739 1233 767 non
1267 724 1441 782 quidem
1476 740 1542 768 ra-

120 796 236 840 tione
285 797 493 849 materiae,
534 796 640 839 circa
684 811 813 854 quam
867 808 1088 839 versantur
1132 795 1382 854 (prohibent
1430 798 1543 840 enim

121 869 309 914 actiones
343 884 393 913 ex
426 884 470 913 se
503 868 649 924 malas,
685 869 951 927 praecipiunt
985 868 1174 912 actiones
1220 884 1273 912 ex
1322 884 1365 912 se
1413 869 1544 913 bonas

120 954 160 986 et
192 942 487 1002 necessarias),
522 942 595 986 sed
628 941 934 986 tantummodo
968 942 1129 985 ratione
1165 941 1299 999 modi,
1324 958 1411 1000 quo
1446 958 1547 1000 pro—

218 1165 275 1211 (1)
302 1165 446 1208 Suarez,
475 1163 520 1199 de
547 1163 614 1211 leg.
643 1162 665 1197 1.
697 1174 725 1198 1.
754 1175 782 1198 c.
810 1174 841 1209 3.
871 1175 969 1198 num.
1001 1175 1062 1207 ια,
1092 1166 1140 1199 sic
1168 1176 1210 1199 ex
1238 1163 1394 1210 inspecta
1434 1171 1544 1200 mate-

119 1226 176 1262 ria
201 1225 325 1262 definit
351 1225 470 1273 legem
497 1225 707 1271 positivam:
740 1239 757 1254 «
777 1224 838 1259 Est
868 1223 925 1258 illa
955 1236 1042 1271 quae
1071 1232 1229 1258 versatur
1255 1224 1348 1258 circa
1375 1226 1545 1267 actiones,

120 1299 210 1335 quae
235 1285 372 1323 seclusa
399 1284 459 1321 tali
487 1285 567 1332 lege
593 1296 668 1321 non
695 1294 814 1320 essent
839 1285 903 1318 sub
931 1284 1166 1329 obligatione,
1194 1296 1256 1330 per
1286 1283 1385 1318 illam
1426 1294 1544 1320 autem

120 1347 320 1385 efficiuntur
345 1346 613 1382 necessariae.»
654 1344 754 1380 Idem
793 1346 934 1388 Suarez,
963 1345 1005 1379 de
1033 1344 1099 1391 leg.
1132 1345 1152 1378 l.
1182 1345 1223 1378 II.
1253 1357 1281 1379 c.
1313 1356 1342 1378 2.
1372 1357 1468 1380 num.
1498 1346 1544 1387 6,

120 1408 288 1444 eamdem
315 1407 435 1454 legem
462 1419 505 1442 ex
534 1408 698 1453 inspecto
726 1411 861 1441 auctore
888 1406 938 1439 sic
967 1405 1105 1440 definit:
1139 1419 1155 1437 «
1175 1406 1234 1440 Est
1263 1405 1335 1447 illa,
1366 1418 1454 1452 quae
1481 1417 1546 1452 po-

121 1469 216 1504 nitur
243 1479 306 1514 per
331 1468 474 1503 liberam
513 1466 741 1502 voluntatem
781 1466 928 1500 alicuius
964 1466 1125 1511 potentis
1166 1466 1371 1511 praecipere
1409 1473 1441 1499 et
1482 1477 1546 1500 suo

122 1539 312 1577 praecepto
339 1540 400 1564 seu
429 1527 617 1563 voluntate
643 1526 806 1573 obligare
826 1538 908 1562 eum
930 1527 986 1561 cui
1005 1527 1062 1561 lex
1082 1526 1292 1571 imponitur.
1310 1540 1326 1558 »
1348 1526 1547 1572 Utramque

122 1601 228 1636 porro
255 1589 446 1624 notionem
473 1587 579 1622 simul
606 1586 722 1633 ponit,
748 1586 852 1621 initio
882 1586 960 1621 libri
998 1586 1068 1628 111„
1097 1585 1273 1631 inquiens:
1319 1587 1546 1631 «Praecepta

122 1649 305 1696 utriusque
332 1650 426 1691 iuris,
446 1647 555 1682 divini
582 1655 616 1682 et
642 1646 791 1681 humani
819 1646 978 1692 positivi,
1007 1657 1079 1679 non
1108 1645 1240 1679 liabent
1268 1656 1331 1690 per
1359 1656 1395 1678 se
1424 1645 1548 1679 intrin-

121 1721 241 1746 secam
269 1710 536 1752 necessitatem,
555 1708 616 1743 sed
635 1720 677 1743 ex
703 1707 891 1742 voluntate
919 1706 1136 1741 extrinseca.
1157 1720 1172 1737 »
1195 1704 1249 1740 Cf.
1278 1716 1395 1751 super.
1415 1717 1447 1739 n.
1469 1715 1547 1748 105.

123 1780 204 1817 pag.
236 1779 315 1818 291.

218 1830 275 1876 (2)
302 1830 520 1865 Huiusmodi
547 1829 757 1864 mandatum
786 1826 852 1862 fuit
878 1837 960 1861 vera
991 1827 1046 1861 lex
1073 1825 1278 1871 generaliter
1296 1826 1378 1860 lata.
1412 1826 1549 1860 «Prae—

122 1898 266 1936 ceptum
293 1888 457 1923 divinum
485 1888 695 1934 impositum
723 1887 824 1922 Adae
852 1887 885 1920 in
911 1895 1004 1921 statu
1032 1885 1275 1925 innocentiae,
1307 1896 1383 1918 non
1411 1884 1479 1918 soli
1500 1884 1548 1918 illi

122 1959 186 1995 pro
213 1959 276 1983 sua
302 1958 469 1994 persona,
498 1947 559 1982 sed
587 1955 624 1982 ut
651 1946 760 1992 capiti
788 1946 899 1981 totius
929 1953 1075 1980 naturae
1097 1943 1312 1989 impositum
1332 1942 1409 1985 fuit,
1432 1952 1465 1977 et
1485 1943 1549 1977 du—

123 2018 281 2045 raturum
307 2019 451 2055 semper
477 2007 602 2043 fuisset
629 2008 664 2042 in
692 2007 756 2041 illo
784 2016 888 2048 statu,
916 2016 950 2041 et
995 2005 1240 2051 obligaturum
1276 2014 1415 2044 omnes,
1444 2012 1476 2037 et
1516 2003 1547 2036 in

122 2076 264 2103 tantum
288 2067 414 2102 habuit
440 2067 622 2114 propriam
651 2066 826 2101 rationem
856 2065 958 2111 legis.
979 2065 1090 2100 Cuius
1119 2064 1262 2108 signum
1284 2071 1345 2103 est,
1367 2063 1448 2108 quia
1469 2062 1550 2096 licet

123 2130 221 2165 Deus
247 2128 456 2175 imposuerit
484 2136 718 2174 praeceptum
744 2126 809 2161 soli
836 2126 956 2168 Adae,
988 2126 1196 2171 priusquam
1225 2123 1336 2157 Evam
1365 2122 1547 2165 formaret,

124 2190 256 2226 Genes.
286 2199 330 2233 2.,
358 2189 600 2224 nihilominus
627 2189 736 2224 etiam
763 2187 837 2222 Eva
866 2198 928 2233 per
956 2187 1045 2220 illud
1073 2185 1233 2231 obligata
1255 2183 1332 2226 fuit,
1353 2193 1388 2218 ut
1409 2192 1548 2218 constat

125 2261 166 2285 ex
193 2261 270 2296 cap.
299 2258 328 2294 3.
355 2250 403 2285 At
428 2260 514 2283 vero
542 2257 774 2295 praeceptum
803 2246 898 2295 quod
927 2248 1026 2282 Deus
1056 2246 1177 2292 posuit
1206 2243 1369 2278 Abrahae
1398 2242 1439 2277 tle
1479 2244 1548 2277 iin-

125 2308 299 2343 molando
325 2307 416 2349 filio,
443 2318 518 2342 non
544 2315 667 2354 potest
692 2307 760 2341 dici
800 2306 943 2352 proprie
984 2305 1051 2347 lex,
1079 2304 1138 2338 sed
1179 2311 1424 2349 praeceptum,
1454 2303 1550 2336 iuxta

126 2378 362 2403 communem
389 2366 560 2415 loquendi
586 2367 748 2403 modum.
767 2381 783 2400 »
812 2367 863 2401 Ita
892 2375 988 2400 recte
1007 2366 1147 2403 Suarcz,
1168 2363 1210 2397 de
1232 2363 1300 2408 leg.
1324 2363 1344 2397 l.
1369 2373 1395 2396 1.
1415 2373 1491 2407 cap.
1514 2360 1546 2396 6.

125 2439 224 2464 num.
250 2437 280 2474 9.
310 2429 413 2474 Quae
440 2436 478 2463 ut
504 2426 698 2473 intelligas,
726 2426 813 2461 illud
842 2425 1088 2465 recolendum,
1117 2423 1213 2470 quod
1242 2424 1312 2458 iam
1341 2422 1423 2457 alibi
1467 2432 1548 2456 mo-

125 2489 282 2533 nuimus,
307 2487 427 2535 legem
454 2487 584 2522 debere
611 2498 686 2522 esse
715 2497 931 2528 communem,
960 2497 1020 2520 seu
1048 2483 1251 2531 generaliter
1280 2481 1372 2517 ferri.
1401 2482 1493 2516 Hinc
1515 2482 1548 2515 in

126 2545 150 2582 1.
178 2547 268 2582 Iura.
297 2557 328 2582 2.
356 2546 391 2582 ff.
419 2546 461 2581 de
488 2546 645 2593 Legibus
672 2546 760 2581 haec
791 2545 972 2592 leguntur:
1005 2557 1021 2576 «
1047 2544 1123 2578 Iura
1145 2553 1218 2576 non
1237 2543 1272 2576 in
1293 2540 1454 2587 singulas
1474 2551 1550 2586 pcr-

125 2616 249 2649 sonas,
276 2606 337 2642 sed
363 2605 580 2653 generaliter
609 2604 884 2642 constituuntur.
904 2621 918 2635 ›-
