1734 2784
190 185 299 227 Nam
336 182 562 225 voluntatis
595 193 656 223 est
699 196 839 223 amare
887 180 1050 223 bonum
1100 178 1275 231 morale,
1325 178 1441 236 quod
1473 179 1512 222 ei
1555 178 1602 222 ab

190 253 404 297 intellectu
424 252 697 310 proponitur,
717 264 756 294 et
777 250 938 293 malum
962 249 1125 293 morale
1143 250 1337 293 aversari.
1353 250 1410 292 Hi
1432 249 1604 293 affectus

190 324 435 378 voluntatis,
468 323 502 364 si
535 321 880 365 vehementiores
913 322 997 364 sint
1018 357 1028 374 ,
1061 320 1294 364 redundare
1340 333 1522 378 possunt
1563 321 1606 363 in

190 395 444 437 sensitivum
478 394 731 450 appetitum,
767 393 808 434 in
841 408 978 449 eoque
1002 393 1130 435 etiam
1157 393 1375 449 passiones
1399 391 1607 435 determi-

193 480 290 507 nare
323 463 407 522 (1).
433 464 503 507 Sic
534 463 716 506 breviter
739 462 1081 505 adversariorum
1106 461 1417 505 obiectionibus
1441 461 1608 516 solutis,

197 551 271 578 eos
305 534 471 578 secundo
506 532 853 590 impugnabimus
887 546 1145 589 argumento
1178 532 1233 575 ad
1264 533 1476 576 hominem.

312 607 354 650 Si
387 607 592 647 nimirum
627 605 817 660 cognitio
852 604 1119 660 moralitatis,
1154 616 1199 647 ut
1223 603 1488 647 contendunt
1513 604 1610 661 ipsi,

193 691 374 737 nequeat
407 676 603 734 explicari
637 692 711 733 per
759 675 1038 731 intellectum,
1087 692 1139 719 ne
1188 675 1386 733 explicari
1434 675 1609 732 quidem

195 763 335 808 potest
370 764 442 806 per
477 763 665 800 sensum,
700 763 828 805 quem
862 748 942 804 ipsi
991 747 1228 800 adstruunt,
1276 745 1525 804 spiritalem.
1559 746 1611 788 Et

195 837 297 863 sane
331 820 577 877 quaerimus
611 818 659 861 ab
693 818 955 872 adversariis,
1004 818 1206 876 quidnam
1252 819 1304 861 sit
1345 833 1496 860 sensus
1543 816 1612 859 hic

195 891 408 949 spiritalis.
444 890 525 935 Vel
559 890 698 933 dicent
732 905 822 932 esse
856 889 1098 933 facultatem
1131 889 1422 947 appetitivam,
1454 887 1522 931 vel
1554 887 1612 930 fa-

198 961 396 1005 cultatem
432 961 799 1019 apprehensivam.
824 962 955 1017 Atqui
978 975 1066 1003 non
1089 973 1151 1003 est
1174 959 1347 1003 facultas
1370 959 1613 1017 appetitiva,

196 1035 297 1092 quia
330 1033 483 1076 dicitur
518 1049 609 1075 esse
642 1048 807 1089 sensuS,
831 1045 870 1075 et
903 1034 1078 1090 insuper
1102 1033 1198 1089 quia
1217 1032 1354 1088 agitur
1377 1030 1428 1074 de
1451 1045 1612 1087 cogno-

196 1104 350 1147 scenda
385 1105 558 1147 veritate
592 1104 762 1156 morali,
797 1104 915 1160 quod
948 1119 1035 1146 non
1086 1104 1265 1160 pertinet
1298 1102 1349 1146 ad
1397 1100 1613 1145 facultates

198 1176 460 1234 appetitivas.
496 1176 610 1231 Ergo
645 1187 707 1217 est
740 1174 911 1217 facultas
946 1175 1263 1231 apprehensiva.
1286 1181 1341 1217 At
1375 1174 1409 1215 si
1442 1171 1615 1215 facultas

196 1260 261 1291 est
301 1248 606 1303 cognoscitiva,
653 1248 899 1303 quaerimus
947 1262 1108 1302 rursus,
1156 1258 1301 1289 utrum
1349 1246 1402 1288 sit
1451 1259 1614 1301 organo

198 1333 412 1376 corporeo
446 1318 625 1375 alligata,
659 1333 709 1360 an
743 1317 790 1360 ab
824 1334 874 1360 eo
909 1317 1214 1375 independens,
1258 1317 1389 1374 Atqui
1432 1331 1520 1358 non
1552 1327 1615 1358 est

198 1405 361 1446 organo
397 1404 605 1446 corporeo
629 1388 806 1445 alligata,
827 1389 924 1446 quia
948 1388 1101 1432 dicitur
1126 1404 1216 1431 esse
1241 1387 1482 1445 spiritualis.
1501 1387 1616 1444 Ergo

198 1460 305 1502 nihil
356 1472 420 1502 est
453 1459 578 1516 aliud,
628 1475 755 1516 quam
800 1459 972 1502 facultas
1021 1459 1312 1516 cognoscitiva
1359 1457 1406 1500 ab
1454 1471 1617 1514 organo

200 1545 410 1587 corporeo
443 1530 668 1572 intrinsece
702 1529 1006 1587 independens,
1046 1529 1131 1573 Sed
1165 1528 1402 1572 intellectus
1449 1527 1509 1571 nil
1555 1540 1618 1571 est

199 1601 328 1654 aliud,
364 1616 491 1658 quam
525 1601 696 1644 facultas
743 1601 1053 1658 apprehensiva
1101 1600 1149 1643 ab
1199 1616 1362 1658 organo
1409 1614 1616 1657 corporeo

200 1673 428 1715 intrinsece
462 1672 766 1730 independens.
802 1674 915 1729 Ergo
950 1674 983 1715 si
1018 1674 1133 1715 iuxta
1154 1671 1430 1730 hypothesim
1463 1670 1616 1714 adver-

200 1743 411 1784 sariorum
448 1743 636 1799 cognitio
671 1743 921 1786 moralitatis
954 1756 1137 1801 nequeat
1170 1742 1367 1800 explicari
1416 1758 1514 1785 cum
1546 1742 1617 1784 in-

199 1812 386 1866 tellectu,
404 1830 456 1856 ne
475 1813 672 1872 explicari
695 1814 868 1871 quidem
891 1827 1031 1872 potest
1054 1830 1151 1857 cum
1184 1829 1309 1857 sensu
1338 1813 1527 1871 spiritali.

322 1886 450 1927 Hisce
467 1888 685 1929 sensismzts
705 1887 870 1929 moralis
887 1886 1105 1929 refellitur.
1125 1886 1243 1930 Nihil
1261 1898 1405 1928 tamen
1423 1884 1618 1941 impedit,

201 1956 437 2012 quominus
471 1955 522 1998 de
546 1972 660 1998 sensu
687 1958 846 2010 morali,
866 1973 993 2014 quem
1029 1973 1179 1999 omnes
1214 1956 1307 2014 plus
1342 1957 1483 1998 minus
1518 1971 1619 1998 evo-

201 2026 341 2068 lutum
375 2026 541 2082 habent,
576 2028 617 2068 in
653 2027 846 2070 familiari
880 2029 1129 2085 praesertim
1154 2042 1353 2071 sermone
1376 2027 1618 2084 loquamur,

202 2097 443 2140 dummodo
477 2114 564 2140 non
599 2099 843 2141 admittatur
877 2115 1053 2142 sensum
1098 2099 1210 2142 hunc
1251 2115 1340 2142 esse
1377 2097 1620 2141 facultatem

202 2167 325 2210 aliam
362 2184 405 2210 re
439 2168 679 2211 distinctam
729 2170 775 2212 ab
825 2172 919 2227 ipso
954 2171 1165 2213 intellectu
1216 2171 1413 2227 practico.
1465 2170 1619 2226 Ecquis

202 2240 315 2281 enim
342 2239 495 2282 modos
531 2240 733 2297 loquendi
768 2242 994 2284 translatos
1021 2241 1329 2299 reprehendere
1363 2240 1465 2283 velit
1497 2252 1620 2297 atque

299 2436 356 2479 (1)
386 2437 421 2469 Id
448 2437 601 2481 legimus
629 2439 792 2471 evenisse
819 2437 975 2482 pluribus
1004 2438 1352 2482 Szmctis‚qi1it:1nto
1376 2437 1522 2482 horrore
1542 2445 1621 2479 pec-

203 2500 323 2526 catum
350 2497 669 2540 prosequebantur,
699 2506 748 2537 ut,
777 2498 804 2528 si
834 2496 915 2541 quid
943 2505 1047 2540 turpe
1077 2497 1211 2529 dictum
1243 2495 1415 2537 audirent,
1435 2494 1518 2528 totis
1537 2505 1623 2527 con-

203 2553 455 2588 tremiscerent
483 2556 636 2598 artubus,
664 2556 910 2600 pallesccrcnt,
940 2563 1045 2601 atquc·
1074 2556 1184 2590 ctiam
1212 2556 1346 2589 viribus
1373 2554 1574 2588 deficerent.
