1734 2784
717 48 977 91 -241-

133 126 240 184 illae,
273 127 475 171 ordinatio
507 130 695 183 rationis,
720 129 874 174 debent
895 131 1028 189 accipi
1050 146 1138 174 non
1165 148 1293 175 sensu
1316 133 1550 193 exclusivo,

94 203 95 206 ’
135 197 209 242 sed
240 213 370 242 sensu
403 214 521 242 mere
553 199 800 246 affirmante.
824 202 870 246 Si
893 201 1104 246 exclusive
1127 204 1430 261 acciperentur,
1455 222 1550 251 sen-

135 284 207 313 sus
231 281 354 324 esset,
371 269 511 327 legem
543 271 730 328 pendere
752 288 774 315 a
795 273 884 316 sola
911 274 1142 331 superioris
1170 276 1332 320 ratione
1356 293 1431 321 seu
1457 295 1550 323 esse

135 341 260 384 unius
284 353 426 384 actum
460 341 652 385 rationis.
676 344 808 401 Atqui
830 359 918 387 non
952 346 1020 387 ita.
1045 345 1160 388 Cum
1193 347 1286 389 solo
1311 350 1424 391 enim
1452 363 1547 394 actu

134 413 325 469 rationis,
343 412 435 455 sine
453 425 546 455 actu
565 413 653 456 ullo
671 413 917 469 voluntatis,
936 415 1159 459 haberetur
1175 417 1463 464 ordinabilitas
1481 422 1547 464 vel

134 483 432 541 ordinanditas,
454 499 542 527 non
574 498 717 528 autem
750 486 964 543 ordinatio,
997 487 1221 531 haberetur
1253 489 1303 532 ad
1327 506 1550 535 summum

134 555 313 612 directio,
345 571 433 599 non
467 568 608 599 autem
642 557 825 613 obligatio
849 558 938 617 (1),
974 574 1050 602 nec
1073 559 1250 617 proinde
1272 560 1350 604 lex.
1381 563 1550 606 Debent

134 627 264 684 igitur
297 628 410 669 sumi
444 643 572 670 sensu
606 631 723 671 me're
756 630 906 686 aiente,
941 631 997 673 ita
1040 644 1085 673 ut
1128 647 1275 674 sensus
1309 634 1378 690 sit,
1410 637 1550 692 legem

135 713 227 740 esse
264 698 438 755 quidem
472 710 614 741 actum
647 700 836 753 rationis,
871 701 943 744 sed
977 701 1172 745 eamdem
1206 704 1332 746 etiam
1366 705 1553 762 pendere

135 784 157 811 a
187 768 423 826 voluntate,
454 770 495 812 in
529 771 640 813 cuius
671 773 818 814 virtute
866 773 974 815 ratio
1009 785 1154 816 movet
1199 790 1273 831 per
1320 776 1552 833 imperium

134 840 187 884 ad
226 841 477 884 exercitium
511 854 626 885 actus
668 842 753 901 (2).
801 844 898 886 Hoc
950 844 1063 887 idem
1118 845 1331 901 angelicus
1386 848 1553 891 Doctor

135 913 217 955 alio
251 913 294 954 in
325 911 421 955 loco
438 912 509 970 (3)
534 926 675 970 aperte
707 914 831 957 tradit
865 915 929 956 his
963 914 1114 958 verbis:
1146 918 1323 958 «omnis
1358 917 1423 960 lex
1446 935 1553 975 pro-

134 985 336 1029 ficiscitur
367 1001 389 1028 a
421 986 584 1028 ratione
632 998 671 1028 et
703 987 920 1029 voluntate
962 987 1232 1043 legislatoris,
1266 988 1333 1031 lex
1376 990 1552 1047 quidem

135 1056 277 1100 divina
309 1069 348 1100 et
372 1056 571 1100 naturalis
605 1074 627 1100 a
660 1058 895 1100 rationabili
930 1060 1009 1101 Dei
1043 1059 1274 1113 voluntate,
1308 1060 1373 1104 lex
1412 1074 1553 1105 autem

136 1129 321 1172 humana
369 1144 390 1171 a
433 1128 649 1171 voluntate
697 1128 885 1171 hominis
935 1131 1097 1173 ratione
1146 1131 1400 1187 regulata.»
1452 1134 1554 1175 Duo

137 1202 276 1257 itaque
309 1212 424 1242 actus
451 1213 711 1242 concurrunt
744 1199 793 1243 ad
816 1200 971 1257 legem:
996 1215 1110 1243 actus
1144 1201 1381 1245 intellectus
1412 1206 1553 1246 conci-

135 1272 288 1330 pientis
321 1284 362 1314 et
385 1271 608 1314 iudicantis
643 1271 703 1325 id,
733 1273 850 1330 quod
883 1273 933 1315 ad
956 1272 1050 1315 finis
1075 1275 1424 1318 consecutionem
1450 1276 1553 1319 utile

135 1355 199 1387 est
240 1342 306 1386 vel
339 1344 643 1395 necessarium,
680 1355 804 1401 atque
851 1356 968 1387 actus
1007 1344 1238 1388 voluntatis
1282 1346 1476 1403 eligentis
1513 1360 1554 1390 et

137 1415 438 1458 consentientis
474 1415 516 1456 in
548 1413 605 1471 id,
647 1413 764 1472 quod
810 1414 1040 1458 intellectui
1080 1416 1181 1458 utile
1215 1417 1356 1459 visum
1405 1430 1467 1460 est
1515 1431 1555 1461 et

135 1487 436 1531 necessarium:
475 1503 496 1529 a
527 1487 658 1544 priori
692 1500 784 1529 actu
832 1486 894 1530 lex
930 1487 1053 1530 habet
1087 1500 1132 1529 ut
1166 1489 1219 1530 sit
1257 1489 1470 1543 directim,
1506 1489 1555 1532 ab

137 1559 267 1603 altero
300 1560 443 1616 potius
478 1571 524 1601 ut
557 1560 611 1601 sit
644 1558 882 1616 obligativa.

258 1631 469 1683 Quaeres,
505 1645 601 1673 cum
637 1630 723 1673 duo
760 1642 1012 1689 concurrant
1037 1643 1172 1683 actus,
1199 1631 1375 1674 rationis
1410 1644 1449 1675 et
1471 1647 1555 1675 vo-

136 1701 326 1756 luntatis,
363 1717 539 1744 curnam
574 1717 606 1744 S.
640 1700 836 1743 Thomas
870 1717 1109 1757 expressam
1136 1701 1218 1744 hoc
1243 1702 1285 1744 in
1308 1701 1404 1745 loco
1431 1718 1557 1745 men-

138 1774 301 1816 tionem
337 1776 423 1816 non
458 1772 554 1815 facit
589 1774 668 1815 nisi
702 1784 818 1814 actus
853 1773 1057 1815 rationis?
1093 1773 1203 1816 Cum
1239 1774 1338 1815 satis
1363 1789 1558 1831 comper-

139 1857 232 1887 tum
266 1843 465 1887 omnibus
499 1845 566 1897 sit,
602 1856 742 1886 actum
776 1843 1005 1886 voluntatis
1040 1843 1089 1886 ad
1122 1844 1261 1900 legem
1291 1844 1559 1888 condendam

140 1916 315 1972 requiri,
335 1930 422 1959 non
455 1917 509 1958 sit
542 1928 682 1958 autem
708 1914 859 1957 eodem
886 1915 1018 1957 modo
1042 1915 1242 1958 omnibus
1266 1929 1556 1974 perspectum,

235 2078 290 2123 (1)
319 2076 373 2110 Ad
402 2088 476 2110 rem
505 2077 661 2115 Balmcs,
691 2077 761 2110 loc.
793 2077 862 2110 cit:
897 2092 912 2105 «
943 2075 1049 2111 Claro
1078 2088 1113 2109 cs
1142 2087 1208 2121 que
1236 2077 1288 2109 sin
1318 2086 1397 2110 acto
1428 2076 1469 2110 de
1496 2087 1560 2109 vo-

140 2138 264 2173 luntad
291 2148 339 2171 no
366 2137 437 2182 hay
463 2136 534 2182 ley:
564 2148 699 2182 porquc
727 2137 780 2169 los
808 2145 907 2169 actos
935 2136 976 2169 dc
1006 2136 1034 2168 1.ι
1064 2147 1147 2180 pura
1183 2147 1289 2169 tamn
1324 2137 1375 2169 sin
1405 2136 1436 2170 el
1465 2147 1558 2169 con-

142 2209 246 2232 curso
273 2196 376 2231 dela
414 2196 587 2231 voluntad
628 2208 692 2229 son
722 2196 983 2240 pensmniento,
1025 2206 1071 2227 no
1109 2195 1256 2237 mando,
1293 2195 1481 2233 ilumiuan,
1509 2205 1560 2227 no

141 2255 331 2302 impulsam.
360 2269 379 2289 »

237 2315 294 2359 (2)
320 2315 420 2349 Haec
445 2323 526 2348 sunt
553 2326 577 2348 s,
598 2314 764 2348 Thomac
784 2314 891 2347 verba
924 2314 992 2346 iam
1025 2324 1129 2357 super
1168 2313 1276 2347 allata
1306 2315 1339 2346 in
1370 2324 1453 2357 pag.
1483 2321 1556 2347 122.

141 2384 175 2410 et
202 2374 448 2410 definitionem
475 2374 643 2409 exhibent
674 2374 819 2420 ιἠιρενῐί.
836 2373 929 2408 Vide
950 2373 1057 2406 etiam
1085 2383 1109 2406 1.
1132 2382 1161 2405 2⁴
1183 2385 1213 2417 q.
1233 2382 1293 2417 90.
1315 2383 1346 2406 a.
1370 2384 1395 2406 1.
1427 2371 1469 2405 ad
1492 2379 1560 2414 3:¹²:

144 2447 163 2465 «
187 2434 294 2469 Ratio
319 2433 426 2469 habet
451 2434 525 2467 vim
550 2433 723 2467 movendi
751 2444 769 2466 a
798 2433 993 2467 voluntate.
1027 2446 1043 2461 ›>

236 2493 292 2539 (3)
321 2493 360 2528 In
393 2504 420 2527 1.
449 2503 478 2527 2.
507 2504 537 2538 q.
565 2502 621 2539 97.
648 2504 682 2526 a.
714 2501 740 2535 3.

1424 2535 1468 2570 16
