1734 2784
0 1900 9 2130 .—--w--—-.r
0 1848 7 1876 υἸ

15 2129 19 2131 ’
13 1984 25 1991 l

721 118 991 161 -453-

120 201 241 246 diato
268 199 422 243 habent
454 198 690 243 naturalem
723 198 993 242 honestatem
1041 197 1236 240 actionis.
1271 197 1465 239 [amvero
1501 208 1546 238 ut

121 274 167 316 in
202 270 566 330 praecedentibus,
602 271 658 313 ita
691 270 767 312 hac
800 271 842 312 in
875 269 986 312 thesi
1020 270 1187 326 agimus
1237 267 1288 311 de
1320 267 1546 310 virtutibus

122 341 407 394 naturalibus,
442 343 654 400 acquisitis
685 353 727 384 et
759 340 996 384 moralibus.

257 429 353 470 171.
387 414 768 457 DEMONSTRATIO.
803 414 854 456 Et
877 429 975 456 sane
999 411 1218 470 quodnam
1242 423 1303 454 est
1326 411 1549 469 proprium

127 500 167 530 et
191 485 496 529 immediatum
520 484 738 528 obiectum
773 485 925 527 harum
949 483 1169 527 moralium
1193 495 1233 526 et
1269 483 1549 525 hnnmmzrzmz

129 557 378 601 virtutum?
411 556 486 599 Est
520 556 678 599 scilicet
728 555 899 613 aliquod
943 571 1095 598 verum
1128 554 1195 597 vel
1237 553 1402 596 bonum
1441 568 1548 596 crea-

130 641 225 672 tum
259 640 300 671 et
332 626 515 670 finitum.
549 628 682 685 Atqui
716 626 967 669 huiusmodi
990 641 1141 669 verum
1174 624 1242 668 vel
1264 625 1445 676 bonum,
1470 623 1553 666 hoc

128 701 227 758 ipso
262 698 379 757 quod
414 698 493 741 tale
528 711 589 741 est
621 698 756 741 modo
789 697 911 740 finito
946 713 1019 740 seu
1053 696 1253 751 limitato,
1288 711 1376 738 non
1411 707 1473 737 est
1495 693 1552 737 af.-

128 769 338 814 firmabile
371 770 438 812 vel
470 769 647 813 amabile
681 771 761 812 nisi
795 768 1033 812 secundum
1068 781 1226 811 certam
1264 780 1304 810 et
1346 766 1551 809 determi-

130 854 276 885 natam
310 855 575 884 mensuram.
609 842 732 884 Hanc
765 855 1011 883 mensuram
1045 839 1079 881 si
1112 840 1207 897 quis
1257 830 1348 881 non⁸
1379 837 1553 893 attin-gat

128 926 194 957 est
226 914 408 956 vitiosus
442 929 518 971 per
551 913 782 965 defectum,
830 914 925 953 *mc-3
955 911 1179 967 ’ἕλλειψινς
1224 911 1258 953 si
1291 911 1385 968 quis
1426 924 1551 967 prae-

127 986 434 1044 tetgrediatur,
468 999 531 1029 est
564 986 742 1028 vitiosus
778 1000 852 1042 per
885 999 1128 1035 excessum,
1164 981 1254 1023 nyss
1288 980 1553 1037 ὑπερβολήν,

128 1056 277 1112 Quod
310 1056 425 1100 idem
460 1056 568 1100 solet
600 1058 642 1099 in
677 1055 878 1114 operibus
913 1056 1038 1098 etiam
1073 1054 1171 1096 artis
1205 1053 1464 1109 contingere.

249 1129 318 1172 Sic
334 1129 444 1171 inter
459 1127 803 1185 prodigalitatem
824 1140 863 1169 et
881 1127 1097 1168 avaritiam
1117 1137 1179 1167 est
1196 1124 1434 1175 liberalitas,
1449 1138 1555 1180 quae

127 1213 177 1243 ut
210 1199 329 1242 decet
360 1211 401 1241 et
425 1211 632 1257 quantum
659 1197 780 1241 decet
819 1197 1058 1254 impendit:
1099 1196 1424 1253 magnanimitas
1460 1209 1554 1236 me-

126 1271 198 1315 dia
222 1283 284 1314 est
317 1271 427 1313 inter
461 1268 702 1328 superbiam
743 1282 783 1312 et
817 1268 1225 1327 pusillanimitatem:
1267 1264 1556 1311 munificentia

136 1354 279 1386 autem
315 1354 378 1384 est
401 1340 606 1384 medietas
642 1341 749 1383 inter
774 1340 1107 1382 ostentationem
1132 1350 1171 1381 et
1196 1337 1438 1380 indecoram
1465 1350 1556 1394 parn

134 1413 380 1457 simoniam:
416 1411 673 1455 verecundia
706 1410 898 1454 medium
933 1422 1048 1453 tenet
1082 1409 1227 1452 locum
1262 1409 1368 1450 inter
1411 1408 1558 1464 impu-

133 1484 319 1528 dentiam
355 1495 395 1526 et
427 1482 732 1541 stupiditatem:
768 1481 979 1524 urbanitas
1014 1481 1123 1523 inter
1174 1478 1474 1522 scurrilitatem
1518 1490 1558 1520 et

130 1556 426 1600 rusticitatem:
460 1555 665 1597 veracitas
698 1554 808 1596 inter
841 1551 1227 1595 dissimulationem
1251 1562 1291 1593 et
1316 1550 1555 1592 iactantiam

130 1628 224 1670 sive
258 1626 543 1683 arrogantiam
569 1638 646 1668 etc.
670 1623 790 1668 Nihil
815 1623 864 1666 de
887 1622 1114 1666 virtutibus
1139 1622 1240 1679 ipsis
1277 1619 1556 1680 cardinalibus

127 1696 297 1741 addam:
333 1713 383 1739 ex
415 1697 464 1739 iis
498 1696 627 1748 enim,
656 1710 762 1753 quae
798 1696 838 1736 in
894 1692 1170 1751 praecedente
1211 1691 1320 1734 thesi
1358 1690 1556 1748 exposui,

131 1769 234 1811 satis
284 1767 432 1825 liquet,
482 1767 707 1825 quomodo
756 1782 827 1808 eae
877 1766 918 1808 in
968 1764 1111 1807 medio
1159 1764 1406 1806 consistant.
1450 1760 1557 1803 Inde

139 1852 281 1883 autem
314 1838 373 1893 fit,
408 1851 453 1881 ut
486 1839 585 1881 vitia
620 1837 829 1895 quaedam
864 1836 981 1879 facile
1028 1836 1233 1879 virtutem
1283 1833 1558 1876 mentiantur.

137 1911 254 1955 Hinc
287 1910 391 1953 illud
427 1909 618 1954 Othonis
647 1908 697 1952 de
720 1907 849 1952 Galba
884 1907 994 1965 apud
1029 1907 1234 1951 Tacitum
1267 1905 1350 1964 (Ι)
1393 1905 1559 1956 «Quae

140 1981 208 2025 alii
232 1981 400 2037 scelera,
425 1980 492 2023 hic
516 1979 703 2023 remedia
725 1992 866 2034 vocat,
889 1978 992 2021 dum
1026 1976 1139 2020 falsis
1163 1975 1411 2019 nominibus
1442 1990 1559 2017 seve-

136 2054 309 2097 ritatem
344 2068 422 2111 pro
456 2053 646 2105 saevitia,
683 2051 989 2109 parsimoniam
1023 2064 1102 2107 pro
1136 2048 1325 2099 avaritia,
1354 2045 1560 2104 supplicia

135 2137 180 2168 et
214 2124 497 2168 contumelias
531 2136 692 2166 vestras
726 2121 993 2180 disciplinam
1027 2119 1258 2178 appellat.»

258 2197 376 2240 Haec
424 2196 571 2239 omnia
617 2194 754 2238 verbis
804 2192 1109 2236 confirmantur
1158 2207 1188 2234 s.
1240 2190 1442 2233 Thomae
1475 2186 1559 2246 (2):

143 2268 379 2311 «Virtutes
414 2267 596 2310 morales
630 2279 670 2309 et
704 2264 1005 2309 intellectuales
1055 2275 1153 2306 sunt
1188 2263 1230 2305 in
1275 2260 1432 2313 medio,
1468 2260 1562 2303 licet

134 2338 259 2383 aliter
291 2351 331 2382 et
364 2338 494 2391 aliter,
527 2338 706 2380 virtutes
750 2349 894 2380 autem
938 2334 1204 2392 theologicae
1237 2348 1324 2376 non
1375 2344 1473 2375 sunt
1521 2331 1563 2374 in

238 2518 296 2562 (1)
324 2517 416 2552 Hist.
445 2517 469 2551 Ι.
502 2525 555 2561 37.

235 2577 287 2620 (2)
315 2576 384 2623 Qq.
414 2575 504 2622 disp.
533 2575 577 2610 de
603 2575 721 2610 virtut.
750 2574 784 2608 in
815 2586 949 2610 comm.
977 2586 1009 2621 q.
1042 2584 1068 2608 1.
1095 2586 1123 2609 a.
1156 2584 1208 2619 13.
