1734 2784
791 129 848 138 —
882 117 966 160 324
1002 129 1048 138 —

221 199 397 242 ulterius
430 198 567 241 adhuc
600 199 925 256 inquirendum,
961 200 1002 242 in
1036 214 1218 257 quanam
1262 200 1416 258 agendi
1448 203 1642 245 necessi-

221 284 302 313 tate
335 269 540 313 obiectiva
574 269 773 312 consistat
806 269 1025 327 obligatio.
1061 269 1286 324 Meffiodo,
1320 283 1365 314 ut
1399 272 1532 327 vides,
1566 272 1636 316 di·-

219 343 355 385 visiva
388 341 438 383 ad
471 338 764 383 definitionem
799 340 1072 398 obligationis
1119 341 1418 385 inveniendam
1461 344 1636 387 utimur.

339 413 463 456 Ratio
486 410 699 469 duplicem
734 427 998 470 cognoscere
1023 424 1164 470 potest
1187 413 1485 456 necessitatem
1509 429 1638 472 agen-

221 484 277 542 di,
309 483 431 527 aliam
464 483 767 541 hypotheticam,
801 483 927 527 aliam
960 483 1199 527 absolutam.
1252 484 1542 542 Hypothetica
1574 498 1639 529 est

219 554 300 608 illa,
333 569 438 612 quae
486 553 696 611 dependet
745 553 792 596 ab
826 555 962 611 aliqua
995 553 1122 598 libera
1153 554 1373 609 volitione,
1415 567 1457 598 et
1488 572 1510 598 a
1543 572 1637 600 mea

220 629 308 686 ipsa
354 626 572 669 voluntate
620 625 726 668 mihi
775 627 1028 683 imponitur,
1078 638 1120 668 ut
1165 638 1227 669 est
1260 643 1296 669 v.
1332 642 1371 684 g.
1407 629 1640 671 necessitas-

220 697 401 742 adeundi
434 695 617 749 scholas,
653 699 688 740 si
721 696 842 740 velim
877 696 1065 740 doctoris
1112 697 1299 740 lauream
1343 697 1533 756 adipisci,
1569 699 1636 743 vel

219 770 444 813 necessitas
479 767 789 811 conscendendi
825 768 982 821 navim,
1005 770 1039 811 si
1059 768 1178 811 velim
1212 770 1253 811 in
1277 768 1476 825 Angliam
1499 782 1636 814 trans-

218 842 356 894 iic-ere,
404 840 469 883 vel
504 840 637 883 domo
685 840 880 893 exeundi,
923 842 959 883 si
1005 840 1127 883 velim
1174 840 1385 898 templum
1434 842 1635 887 invisere:

218 911 409 954 absoluta
441 923 504 954 est
537 910 618 968 illa,
651 927 756 969 quae
789 927 810 953 a
842 910 970 953 libera
1011 910 1241 953 voluntatis
1285 910 1497 955 humanae
1540 912 1634 956 ele-

218 984 355 1026 ctione
388 994 450 1026 est
484 982 791 1040 independens.
841 982 972 1040 Atqui
1012 981 1216 1038 obligatio
1266 997 1353 1024 non
1387 994 1450 1025 est
1483 984 1638 1040 agendi

217 1055 443 1098 necessitas
475 1054 734 1112 hypothetica:
770 1053 981 1111 siquidem
1016 1052 1212 1095 voluntas
1257 1052 1313 1095 illi
1358 1052 1518 1107 subest,
1554 1056 1635 1097 etsi

217 1126 271 1168 sit
304 1127 340 1169 ei
374 1125 567 1180 molesta,
602 1125 717 1168 illam
752 1126 922 1183 patitur,
956 1125 1120 1167 etiamsi
1162 1123 1282 1167 nolit.
1318 1125 1430 1181 Ergo
1465 1137 1527 1168 est
1559 1126 1635 1169 (tb-

217 1198 362 1241 soluta.
398 1199 512 1240 Haec
545 1210 684 1240 autem
721 1198 803 1239 iam
838 1209 899 1239 est
935 1194 1143 1253 completa
1178 1195 1449 1252 obligationis
1483 1195 1635 1240 defini-

217 1269 292 1311 tio:
326 1267 528 1325 obligatio
578 1268 707 1324 igitur
756 1279 817 1310 est
865 1266 1016 1323 agendi
1063 1267 1290 1308 necessitas
1339 1265 1547 1310 obiectiva
1593 1280 1638 1311 et

217 1339 419 1383 absoluta.
453 1338 560 1382 Illud
592 1338 898 1381 tantummodo
923 1350 985 1380 est
1007 1336 1145 1380 adhuc
1169 1336 1482 1391 declarandum,
1507 1353 1635 1395 quae-

215 1426 312 1454 nam
347 1410 613 1453 conditiones
646 1411 916 1467 requirantur
947 1422 986 1452 et
1020 1407 1241 1462 sufficiant,
1275 1421 1321 1450 ut
1360 1408 1461 1452 haec
1504 1409 1636 1453 abso-

215 1482 301 1525 luta
332 1482 484 1538 agendi
518 1482 747 1524 necessitas
782 1497 803 1523 a
837 1480 999 1523 ratione
1034 1491 1331 1536 cognoscatur.

334 1555 393 1597 Ut
426 1552 615 1596 absoluta
650 1553 801 1610 agendi
835 1553 1064 1595 necessitas
1099 1568 1121 1594 a
1147 1552 1309 1594 ratione
1334 1564 1642 1608 cognoscatur,

215 1625 301 1669 duo
335 1625 436 1669 haec
469 1625 747 1682 requiruntur
779 1636 819 1667 et
844 1623 1073 1667 sufficiunt:
1092 1649 1147 1656 —
1176 1623 1217 1681 9.)
1251 1635 1296 1665 ut
1318 1638 1438 1666 mens
1465 1639 1634 1680 cogno-

212 1709 299 1739 scat
331 1697 398 1753 agi
431 1696 481 1739 de
514 1695 596 1738 fine
629 1695 822 1738 absolute
865 1695 1122 1747 necessario,
1173 1710 1303 1752 quem
1350 1693 1508 1736 scilicet
1551 1710 1636 1737 vo-

214 1767 351 1810 luntas
384 1783 470 1810 non
504 1780 644 1824 potest
676 1782 763 1810 non
811 1766 916 1809 velle
949 1791 1005 1798 —
1032 1765 1076 1824 β)
1109 1778 1240 1822 utque
1289 1765 1463 1822 insuper
1509 1779 1633 1808 mens

213 1850 443 1894 cognoscat
477 1838 541 1894 agi
578 1837 628 1881 de
661 1838 827 1880 actione
861 1837 1101 1880 necessario
1135 1851 1245 1878 nexu
1280 1835 1506 1878 coniuncta
1534 1850 1633 1877 cum

213 1910 281 1952 tali
315 1909 408 1952 fine.
443 1910 485 1953 Si
520 1926 641 1953 mens
675 1909 740 1952 vel
774 1925 861 1951 non
910 1908 1049 1951 videat
1097 1908 1163 1964 agi
1214 1906 1265 1950 de
1312 1905 1394 1950 fine
1439 1905 1637 1950 absolute

210 1983 464 2034 necessario,
499 1981 563 2025 vel
596 1982 672 2039 etsi
708 1981 757 2024 de
792 1980 861 2024 tali
894 1980 978 2024 fine
1012 1992 1175 2037 agatur,
1203 1994 1290 2022 non
1314 1991 1457 2021 tamen
1489 1977 1632 2021 videat

212 2053 421 2095 actionem
454 2068 563 2095 nexu
597 2052 834 2095 necessario
869 2052 1139 2094 coniunctam
1176 2065 1268 2093 esse
1302 2065 1398 2092 cum
1423 2048 1496 2091 illo
1528 2047 1633 2103 fine,

211 2124 432 2167 vinculum
464 2139 538 2166 seu
572 2124 798 2166 necessitas
831 2124 1096 2166 voluntatem
1135 2121 1397 2178 adstringens
1421 2120 1472 2163 ad
1495 2121 1630 2163 actio-

211 2210 311 2238 nem
345 2194 684 2252 ponendam,vel
714 2193 826 2237 nulla
859 2195 952 2247 erit,
971 2193 1035 2236 vel
1071 2205 1290 2245 certenon
1314 2193 1392 2235 erit
1416 2190 1628 2243 absoluta,

211 2264 285 2308 sed
317 2265 604 2323 hypothetica.
637 2266 769 2322 Atqui
816 2264 910 2307 finis
944 2264 1135 2307 absolute
1170 2263 1451 2319 necessarius,
1496 2278 1626 2320 quem

209 2336 404 2379 voluntas
437 2352 523 2379 non
557 2349 698 2394 potest
731 2351 817 2379 non
849 2335 971 2392 velle,
1004 2351 1091 2378 non
1125 2348 1186 2378 est
1220 2335 1300 2377 nisi
1334 2334 1428 2377 finis
1463 2333 1625 2391 simpli-

212 2408 313 2450 citer
344 2408 532 2452 ultimus:
567 2407 781 2465 siquidem
829 2408 992 2465 eoips0‚
1027 2406 1144 2464 quod
1193 2405 1286 2449 finis
1321 2405 1389 2448 hic
1432 2416 1496 2448 est
1527 2403 1629 2446 finis

210 2478 458 2535 simpliciter
491 2478 683 2535 ultimus,
734 2480 816 2520 iam
866 2478 934 2521 alii
966 2477 1071 2521 fines
1120 2490 1218 2521 sunt
1265 2488 1440 2535 propter
1482 2476 1627 2532 ipsum

1676 2702 1710 2784 3³:1⁶—
1692 2638 1705 2695 -ε
