1734 2784
686 80 745 94 «—
774 64 856 118 461
895 86 951 94 .-

109 161 294 206 Thesis
328 160 404 204 III.
439 185 491 191 ——
527 160 645 203 Finis
680 172 757 207 Qut
790 158 956 201 ultimus
989 156 1199 200 creationis
1242 162 1295 198 est
1338 170 1411 198 ex-

287 233 460 276 trinseca
492 232 657 274 divinae
689 229 878 273 bonitatis
906 229 1040 287 gloria
1067 237 1143 286 pro
1178 229 1302 270 varia
1349 242 1415 270 cu-

288 306 427 362 iusque
460 305 560 347 entis
593 303 822 361 aptitudine
845 310 1116 346 seiincztzira.
1183 335 1191 343 .
1256 335 1264 343 .
1331 335 1339 343 .
1405 333 1414 342 .
1484 301 1534 340 16

200 401 231 436 9.
259 388 570 424 Praenotiones.
596 406 642 412 —
669 387 788 421 Status
815 385 1048 432 quaestionis.
1068 404 1113 410 -
1133 384 1305 419 Definitio
1335 382 1419 428 glo-.

298 448 384 481 riae:
415 467 456 472 ·—
486 446 569 493 quid
603 445 719 492 gloria
755 445 948 480 intrinseca
976 463 1020 469 —
1057 444 1236 478 obiectiva
1263 462 1306 468 —-
1334 441 1413 476 for-

298 505 418 541 malis:
439 525 482 531 —
502 504 585 551 quid
611 505 726 551 gloria
754 506 952 539 extrinseca
971 523 1013 529 —-
1035 504 1213 538 obiectiva
1241 513 1302 536 seu
1336 500 1415 536 fun-

298 565 513 601 damentalis
540 585 584 591 —-
619 564 790 600 formalis.
867 591 1410 599 ..........
1488 561 1533 596 ib.

211 637 264 661 10.
289 626 608 660 Demonstratio.
636 644 680 654 -·-
708 626 804 660 Finis
831 626 996 659 omnium
1025 624 1228 657 divinorum
1263 634 1415 668 operum

300 695 352 721 est
381 684 628 720 manifestatio
645 696 706 719 seu
723 684 838 730 gloria
856 684 1053 719 extrinseca
1074 683 1214 717 divinae
1233 682 1415 716 bonitatis:

300 765 346 771 —-
372 745 551 780 obiectiva
578 753 731 787 tantum,
758 745 785 779 si
805 744 847 778 de
867 745 1037 778 creaturis
1056 743 1193 777 ratione
1213 742 1416 776 carentibus

300 825 344 832 —
372 805 552 840 obiectiva
592 812 625 839 et
662 804 893 850 potissimum
924 802 1086 837 formalis
1125 804 1153 836 si
1181 802 1223 836 de
1258 810 1417 835 creatura

299 865 469 900 rationali
507 874 633 910 agatur
637 888 1416 899 ..............
1495 860 1534 894 18

210 937 259 961 11.
290 926 500 961 Scholion.
521 944 563 950 —-
584 923 781 960 Solvuntur
801 923 1045 959 difficultates
1071 943 1103 946 ἢ
1128 922 1317 968 Appetitus
1337 920 1413 967 glo-

301 985 375 1020 riae
402 984 445 1019 de
470 995 508 1019 se
535 995 610 1018 non
638 984 802 1018 nominat
829 982 961 1028 aliquid
981 983 1177 1016 vitiosum:
1208 1001 1252 1008 —
1271 981 1415 1027 quando

302 1045 344 1079 sit
371 1044 533 1079 vitiosus.
564 1064 600 1069 -
631 1043 703 1078 Cur
728 1044 827 1077 Deus
855 1042 941 1076 velit
972 1042 1036 1076 sibi
1069 1042 1236 1087 gloriam.
1259 1062 1295 1066 —
1319 1042 1414 1075 Laus

300 1105 440 1139 entium
468 1102 751 1149 intelligentium
779 1102 914 1136 nullam
944 1103 1023 1136 Deo
1053 1101 1155 1136 affert
1182 1102 1415 1135 intrinsecam

302 1163 566 1210 perfectionem
633 1187 1415 1196 ..............
1491 1168 1534 1200 24

109 1236 289 1280 Thesis
321 1235 395 1278 IV.
428 1260 487 1266 ———
524 1234 659 1276 Homo
694 1241 748 1275 est
777 1232 893 1290 finis,
930 1234 994 1275 clii
1019 1232 1291 1284 irrationales,
1315 1246 1416 1288 qinon

289 1321 361 1349 nos
392 1308 671 1358 circumstant,
706 1313 928 1357 creaturae,
972 1305 1157 1361 proxime
1205 1312 1239 1345 et
1274 1304 1417 1345 imme-

291 1377 397 1420 diczte
431 1376 675 1433 diriguntur.
741 1410 749 1418 .
813 1409 821 1417 .
889 1410 896 1417 .
964 1410 971 1416 .
1038 1409 1044 1416 .
1113 1410 1120 1417 .
1187 1409 1194 1416 .
1260 1409 1268 1416 .
1334 1408 1342 1416 .
1410 1408 1416 1415 .
1484 1372 1536 1414 28

211 1469 262 1494 12.
289 1459 596 1494 Demonstratio
622 1478 668 1482 —
695 1469 736 1492 ex
763 1458 857 1492 thesi
884 1458 1123 1502 praecedente
1155 1458 1287 1490 eruitur
1319 1465 1416 1490 tarn-

304 1529 411 1565 quam
439 1518 686 1552 corollarium.
753 1543 1413 1552 ............
1487 1514 1531 1549 ib.

213 1575 269 1622 13:
291 1578 501 1614 Scholion.
531 1598 574 1604 —-
603 1579 698 1613 Inter
725 1579 887 1612 animum
914 1577 1115 1611 humanum
1144 1586 1178 1610 et
1219 1577 1338 1609 Deum
1366 1584 1417 1609 est

304 1639 493 1686 proportio
521 1639 668 1672 ordinis.
698 1659 740 1663 —
770 1639 937 1673 Humana
964 1648 1068 1671 mens
1096 1645 1145 1671 est
1178 1636 1315 1670 infinita
1343 1644 1418 1670 ter-

302 1699 490 1740 minative,
521 1706 596 1732 non
624 1710 712 1732 vero
743 1688 928 1732 entitatix've
935 1723 1417 1731 .........
1495 1705 1538 1739 30

111 1773 380 1816 ARTICULUS
415 1771 465 1813 Π.
503 1795 558 1802 —-
593 1770 654 1813 De
684 1758 861 1827 perfecto
894 1769 1065 1811 hominis
1089 1767 1347 1810 beatitudine.
1413 1802 1419 1808 .
1486 1778 1535 1820 31

211 1863 264 1896 14.
290 1853 413 1887 Nexus
439 1851 542 1885 huius
569 1851 714 1885 alterius
756 1850 894 1885 articuli
937 1861 1017 1884 cum
1045 1848 1294 1894 praecedente.
1349 1876 1354 1881 .
1409 1876 1414 1881 .
1491 1847 1538 1882 ib.

214 1922 265 1955 15.
290 1911 403 1946 Notio
432 1909 673 1944 beatitudinis:
714 1928 758 1934 —
785 1909 944 1942 absentia
972 1907 1070 1949 mali,
1101 1907 1284 1952 possessio
1320 1906 1417 1948 boni,

305 1970 478 2003 securitas
497 1968 538 2003 de
559 1977 727 2014 perpetua
747 1976 821 2001 tum
839 1967 923 2001 mali
939 1967 1096 2001 absentia
1118 1976 1194 2001 tum
1214 1965 1302 1999 boni
1323 1976 1424 2010 prae-

304 2029 429 2064 sentia.
457 2048 499 2053 —-
526 2028 666 2062 Divisio
687 2027 936 2062 beatitudinis:
964 2046 1007 2053 —
1030 2027 1066 2060 in
1085 2025 1283 2072 perfectam
1302 2034 1335 2059 et
1356 2025 1423 2058 im-

305 2087 501 2134 perfectam
531 2106 574 2112 —
602 2088 636 2120 in
664 2087 881 2121 obiectivam
910 2095 943 2121 et
972 2085 1177 2120 formalem.
1238 2113 1242 2117 .
1297 2113 1303 2119 .
1356 2114 1360 2118 .
1417 2111 1422 2118 .
1500 2091 1541 2126 32

213 2147 264 2182 16.
292 2147 537 2189 Quaestiones
564 2146 633 2180 hoc
663 2146 698 2179 in
726 2145 876 2179 articulo
905 2144 1103 2179 solvendae
1110 2169 1418 2179 ......
1498 2149 1540 2184 34

116 2217 297 2262 Thesis
332 2218 383 2260 V.
417 2241 474 2248 —
511 2215 744 2259 Consecutio
779 2213 1041 2258 beatitudinis
1075 2229 1155 2257 non
1190 2212 1303 2256 modo
1323 2220 1423 2270 pos-

291 2287 420 2332 sibilis
451 2296 526 2340 est,
560 2286 640 2339 sed,
686 2288 721 2329 si
766 2285 1011 2330 conditiones
1057 2300 1083 2327 a
1134 2285 1220 2328 Deo
1267 2284 1423 2341 positae

291 2359 474 2416 impletae
505 2357 555 2401 ah
590 2358 746 2401 homine
776 2358 1267 2414 snerint‚01mzinocerta.
1333 2388 1343 2398 .
1408 2388 1418 2397 .
1482 2352 1540 2396 ib.

214 2453 266 2488 17.
292 2442 610 2477 Demonstratio.
623 2461 662 2466 --
682 2441 805 2475 1.Esse
821 2441 856 2474 in
875 2439 1024 2473 homine
1044 2438 1243 2485 appetitum
1262 2435 1414 2471 beatitu-

304 2503 396 2537 dinis
423 2510 560 2536 constat
593 2521 628 2527 —
658 2512 699 2535 ex
726 2499 863 2535 interna
890 2499 1112 2544 experientia
1140 2519 1183 2523 —
1213 2509 1254 2532 cx
1281 2495 1422 2530 univer-
