1734 2784
744 94 1010 135 -300-

172 179 251 221 nisi
287 176 602 219 ordinatissima
635 189 674 218 et
707 175 938 219 iustissima
970 191 1062 218 esse
1101 188 1252 233 potest.
1288 178 1418 234 Atqui
1453 179 1487 221 si
1520 177 1586 222 le-

171 264 270 305 gem
305 247 535 290 naturalem
572 260 768 304 mutaret,
800 263 886 290 non
920 247 1029 291 foret
1063 248 1245 305 amplius
1270 248 1588 295 ordinatissima

175 333 213 361 et
248 320 490 362 iustissima.
526 319 640 375 Ergo
674 319 791 361 Deus
816 331 981 361 mutare
1004 320 1150 376 nequit
1174 318 1313 376 legem
1338 321 1585 366 naturalem.

174 394 380 437 Probatur
414 394 570 436 minor.
604 395 717 438 Nam
751 393 1071 437 ordinatissima
1094 407 1134 438 et
1155 396 1388 439 iustissima
1415 412 1502 440 non
1525 410 1587 441 est

177 465 371 507 voluntas
406 464 486 518 illa,
520 481 627 523 quae
659 465 747 507 vult
782 464 821 508 id
854 477 924 508 aut
957 464 1171 509 licentiam
1221 467 1288 510 dat
1322 467 1497 512 faciendi
1530 468 1587 526 id,

174 536 290 594 quod
324 549 385 579 est
419 536 470 579 de
502 552 546 579 se
579 536 753 580 malum.
790 538 920 594 Atqui
955 538 991 581 si
1024 537 1247 595 abrogaret
1270 552 1339 582 aut
1364 540 1588 597 derogaret

175 621 247 651 aut
293 607 555 665 dispensaret
604 609 645 650 in
683 607 775 663 lege
822 607 998 651 naturali
1047 609 1299 666 prohibente
1347 610 1411 654 vel
1458 612 1585 654 etiam

174 680 455 736 praecipiente
488 678 616 736 (quae
649 695 804 736 nempe
838 681 1042 738 praecipit
1075 697 1135 735 ea,
1169 698 1275 739 quae
1309 683 1363 725 ita
1405 695 1503 726 sunt
1537 684 1587 727 de

176 768 221 793 se
255 750 378 807 bona,
412 763 457 793 ut
505 766 649 793 earum
684 751 864 793 omissio
912 752 964 794 sit
1012 751 1156 811 mala),
1189 752 1314 796 vellet
1348 753 1388 797 id
1438 766 1508 797 aut
1539 753 1589 796 li-

179 823 358 864 centiam
408 822 523 864 daret
570 821 748 865 faciendi
801 821 871 875 id,
921 823 1037 879 quod
1088 836 1149 866 est
1199 824 1248 866 de
1298 840 1341 867 se
1390 825 1584 878 malum,

171 893 365 936 videlicet
398 893 462 936 vel
496 894 706 935 actionem
744 893 794 936 de
827 910 869 936 se
904 893 1054 936 malam
1104 895 1169 937 vel
1217 897 1501 939 omissionem
1536 897 1588 940 de

172 981 214 1007 se
249 964 413 1006 malam.
449 966 562 1020 Ergo
596 965 627 1005 si
662 964 883 1021 abrogaret
925 977 996 1007 aut
1029 964 1253 1022 derogaret
1303 979 1372 1009 aut
1417 967 1586 1025 dispen-

170 1049 279 1079 saret
314 1037 353 1077 in
385 1035 478 1092 lege
511 1035 704 1091 naturali,
738 1036 820 1077 iam
855 1036 995 1079 divina
1027 1036 1224 1079 voluntas
1259 1053 1348 1080 non
1372 1050 1482 1081 esset
1516 1054 1586 1081 or-

169 1108 446 1164 dinatissima,
479 1123 566 1149 non
600 1119 709 1150 esset
743 1108 975 1150 iustissima
1007 1107 1089 1166 (1).
1128 1135 1179 1139 —
1216 1110 1468 1166 Spectemus
1504 1111 1584 1168 2.⁰)

166 1179 452 1237 legislatorem
486 1179 740 1222 humanum.
774 1180 817 1222 Si
850 1180 939 1236 ipse
974 1178 1142 1222 divinus
1176 1180 1406 1236 legislator,
1432 1197 1579 1239 supre-

171 1266 266 1293 mus
299 1263 338 1293 et
370 1250 675 1308 independens,
711 1251 854 1307 nequit
900 1249 1041 1307 legem
1075 1251 1328 1308 naturalem,
1362 1253 1480 1295 cuius
1521 1265 1582 1295 est

176 1321 446 1364 immediatus
494 1334 653 1374 auctor,
686 1320 887 1377 abrogare
921 1320 986 1363 vel
1021 1322 1061 1363 in
1096 1337 1142 1364 ea
1176 1321 1379 1378 derogare
1413 1335 1483 1366 aut
1517 1323 1586 1366 di-

174 1552 205 1576 et
234 1553 295 1587 per
320 1541 386 1574 hoc
413 1552 476 1575 nec
504 1540 599 1574 idem
626 1550 677 1574 est
703 1540 870 1575 voluntas
910 1551 943 1576 et
983 1541 1159 1575 rectitudo
1190 1540 1399 1582 voluntatis3
1428 1542 1461 1575 in
1502 1541 1580 1576 Deo
1616 1554 1622 1557 ·

171 1611 289 1635 autem
318 1610 369 1634 est
396 1600 488 1634 idem
517 1600 715 1634 secundum
753 1611 828 1634 rem
855 1600 1058 1634 intellectus
1099 1610 1133 1635 et
1159 1601 1336 1634 voluntas:
1367 1609 1399 1634 et
1440 1609 1586 1647 propter

168 1660 238 1693 hoc
266 1664 309 1693 est
335 1658 420 1693 idem
447 1659 609 1693 rectitudo
634 1659 819 1693 voluntatis
845 1664 875 1693 et
901 1660 972 1706 ipsa
999 1660 1166 1693 voluntas.
1191 1676 1205 1687 u

261 1719 316 1764 (1)
346 1718 402 1753 Ad
429 1730 504 1752 rem
533 1730 559 1752 s.
586 1718 760 1759 Thomas,
792 1729 818 1752 1.
848 1728 877 1753 2.
905 1731 938 1765 q.
977 1729 1050 1753 100.
1077 1730 1107 1753 a.
1135 1719 1180 1753 8.:
1218 1734 1234 1749 ‹<
1249 1720 1347 1754 Sicut
1382 1720 1582 1764 Apostolus
1608 1728 1613 1732 ’

170 1779 267 1820 dicit,
285 1778 327 1812 11.
342 1778 437 1812 Tim.
454 1779 495 1811 H.
517 1787 579 1820 13„
600 1778 690 1811 Deus
708 1777 817 1822 fidelis
839 1783 1025 1824 pernmznet,
1053 1789 1176 1823 negare
1202 1781 1345 1824 seipsum
1372 1790 1439 1811 non
1467 1782 1584 1824 potest.

170 1838 326 1882 Negaret
345 1846 465 1871 autem
493 1837 666 1881 seipsum,
687 1837 713 1870 si
735 1836 900 1872 ordinem
927 1848 1012 1870 suae
1038 1837 1196 1871 iustitiae
1223 1835 1385 1879 auferret,
1405 1849 1487 1871 curn
1506 1837 1583 1882 ipse

167 1897 214 1931 sit
233 1908 294 1931 sua
314 1896 456 1931 iustitia.
478 1896 519 1930 Et
536 1896 615 1929 ideo
643 1897 677 1929 in
704 1896 773 1930 hoc
794 1896 890 1930 Deus
909 1896 1117 1941 dispensare
1137 1907 1211 1930 non
1232 1905 1364 1941 potest,
1387 1904 1423 1929 ut
1442 1896 1581 1930 homini

175 1956 279 1991 liceat
306 1968 379 1989 non
407 1955 569 1989 ordinate
596 1967 633 1989 se
659 1955 788 1989 habere
814 1955 857 1989 ad
884 1957 1003 1990 Deum
1029 1955 1085 1989 vel
1115 1967 1189 1989 non
1217 1956 1316 1989 subdi
1344 1955 1460 1989 ordini
1487 1956 1587 1990 iusti-

169 2016 240 2050 tiae
267 2015 342 2049 eius
369 2016 475 2050 etiam
503 2016 537 2048 in
563 2015 631 2057 his,
660 2015 860 2049 secundum
889 2026 979 2060 quae
1015 2014 1178 2049 homines
1217 2014 1260 2048 ad
1288 2015 1440 2048 invicem
1481 2014 1582 2048 ordi-

169 2084 341 2108 nantur.»
370 2074 411 2108 In
437 2083 632 2108 comment.
661 2074 695 2106 in
723 2073 870 2108 allatuin
900 2084 926 2107 5.
955 2072 1127 2118 Apostoli
1154 2067 1223 2107 loc.
1251 2073 1345 2107 idem
1365 2073 1504 2107 Doctor
1522 2085 1586 2106 an-

170 2134 303 2179 gelicus
329 2135 395 2168 sibi
423 2135 547 2168 obiicit
574 2142 607 2168 et
633 2133 738 2167 solvit
765 2132 855 2166 hanc
883 2131 1140 2167 difficultatem.
1171 2133 1296 2178 «Ergo
1323 2144 1396 2166 non
1425 2141 1476 2166 est
1504 2143 1583 2166 orn-

168 2194 350 2239 nipotens.
375 2194 606 2240 Respondeo,
634 2205 675 2227 ex
702 2193 770 2226 hoc
809 2202 861 2227 est
887 2193 1132 2237 omnipotens,
1162 2192 1255 2239 quod
1283 2193 1425 2238 seipsum
1458 2203 1584 2238 negare

169 2264 235 2287 non
256 2259 374 2299 potest.
399 2253 511 2287 Posse
538 2253 635 2287 enim
664 2252 813 2286 deficere
839 2252 956 2297 magis
975 2260 1027 2285 est
1044 2251 1222 2296 pertinens
1250 2251 1292 2284 ad
1314 2251 1579 2296 impotentiam,

172 2313 252 2358 quia
279 2313 374 2357 quod
402 2312 534 2358 aliquid
573 2311 713 2346 deficiat
739 2323 758 2345 a
781 2322 848 2344 suo
889 2321 976 2350 esse,
1004 2319 1057 2344 est
1099 2321 1160 2355 per
1186 2311 1406 2345 debilitatem
1445 2310 1584 2344 virtutis

170 2371 379 2415 propriae.»
410 2371 452 2405 Et
479 2381 563 2404 sane
590 2371 679 2404 sicut
706 2368 871 2403 militaris
898 2368 961 2402 viri
983 2370 1142 2413 potentia
1170 2378 1220 2403 est
1240 2370 1277 2402 in
1297 2380 1352 2411 eo,
1374 2377 1410 2403 ut
1429 2376 1581 2414 nequeat

169 2429 212 2462 ab
238 2428 342 2462 hoste
368 2428 474 2470 vinci3
503 2429 552 2462 sic
580 2428 648 2462 Dei
674 2428 818 2462 bonitas
852 2435 903 2462 est
934 2428 970 2461 in
1008 2426 1092 2469 hoc,
1121 2436 1158 2461 ut
1184 2436 1336 2473 nequeat
1377 2427 1536 2472 superari
1563 2438 1583 2460 a

170 2487 318 2528 malitia,
338 2489 406 2522 Dei
425 2488 601 2534 sapientia
628 2489 664 2521 in
682 2487 765 2530 hoc,
787 2496 824 2522 ut
848 2496 1003 2533 nequeat
1028 2489 1173 2522 subesse
1201 2488 1310 2522 errori
1329 2497 1387 2522 aut
1407 2488 1579 2533 ignoran-

168 2547 255 2588 tiae,
275 2547 342 2580 Dei
361 2545 531 2592 perfectio
549 2547 583 2580 in
610 2547 690 2588 hoc,
718 2555 755 2581 ut
782 2554 937 2591 nequeat
957 2547 1000 2580 ab
1020 2546 1090 2580 ulla
1117 2545 1388 2592 imperfectione
1415 2546 1580 2591 deprimi.

1692 128 1696 129 =
1677 49 1704 99 ἐς.
1679 0 1704 43 2-ss

1707 2554 1717 2565 ”
1712 2532 1715 2542 ““
1708 2411 1734 2520 mab-11.
1715 2387 1730 2400 5-
1723 2368 1734 2375 -.
1717 2328 1729 2350 ν’
