1734 2784
762 106 1028 161 -293-

184 198 325 255 legem
361 200 523 257 (priore
558 200 650 256 lege
692 212 890 243 manente
937 216 1106 259 semper
1154 202 1332 258 integra,
1376 203 1486 246 sicut
1517 203 1597 246 luit

186 270 286 328 lata)
321 271 454 325 magis
490 271 531 312 in
565 272 801 328 particulari
835 271 1156 315 determinatur:
1191 271 1292 315 haec
1325 285 1466 316 autem
1495 281 1600 332 pro-

180 343 268 398 prie
301 357 387 384 non
421 356 483 384 est
518 343 714 394 mutatio,
748 359 824 385 nec
858 342 1060 386 relaxatio
1095 343 1215 400 legis,
1250 343 1323 387 sed
1356 345 1599 402 potius.est

182 413 367 469 perfectio
401 415 606 456 extensi-m
639 412 709 471 (1)
743 415 895 471 prioris
944 413 1062 470 legis,
1112 415 1289 472 eiusque
1334 407 1605 459 confirmatio·

188 495 228 525 et
262 484 593 526 munimentum.
646 503 665 524 α
699 485 749 526 Et
782 485 854 540 sic,
903 485 1037 541 inquit
1070 501 1102 528 s.
1138 485 1334 529 Thomas
1367 486 1451 545 (2),
1495 485 1599 529 nihil

188 553 402 610 prohibet,
436 554 573 609 legem
608 555 841 597 naturalem
878 557 1045 599 mutari:
1081 556 1211 599 multa
1243 558 1358 600 enim
1391 572 1518 616 supra
1541 557 1603 600 le-

188 640 285 681 gem
339 625 571 668 naturalem
626 625 895 682 ¹superaddita
942 640 1040 670 sunt
1087 627 1137 670 ad
1185 628 1416 671 humanam
1465 629 1596 672 vitam

190 696 305 738 utilia
340 709 423 738 tam
472 713 546 753 per
588 696 725 753 legem
776 698 974 751 divinam,
1022 715 1149 756 quam
1199 701 1324 742 etiam
1370 715 1442 757 per
1484 698 1597 757 leges

189 766 451 810 humanas.»
493 768 579 810 Lex
613 784 767 826 nempe
801 769 998 811 naturalis
1042 769 1162 828 (cum
1197 772 1249 812 sit
1277 772 1414 828 primm
1460 769 1526 813 lex
1557 787 1603 814 ac

190 839 367 895 proinde
412 841 562 895 magis³
608 856 735 896 quam
781 853 939 883 ceterae
985 841 1111 898 lege3‚
1156 841 1426 900 universalis)
1473 841 1603 885 multa
1648 835 1651 837 Α

191 910 402 967 prohibet,
426 911 490 953 vel
513 913 715 968 praecipit
740 913 780 954 in
814 912 1013 967 generali,
1049 930 1085 956 V.
1115 930 1153 969 g.
1189 913 1372 970 aliquem
1397 912 1512 956 diem
1535 912 1600 955 vel
1698 957 1705 962 ,

190 996 360 1039 tempus
394 983 565 1040 aliquod
600 1000 692 1026 esse
726 984 961 1041 specialiter
1008 986 1103 1027 Deo
1138 984 1490 1038 consecrandum,
1524 986 1605 1027 tri-
1645 1007 1649 1010 ·
1692 988 1693 991 ’

191 1054 289 1097 buta
336 1071 426 1097 esse
475 1055 692 1108 solvenda,
738 1055 939 1099 maleficia
977 1072 1067 1099 esse
1112 1056 1325 1113 punienda
1374 1069 1469 1112 etc.‚
1518 1071 1605 1099 non

195 1138 336 1168 autem
372 1126 625 1169 determinat
661 1128 701 1168 in
724 1127 965 1184 particulari
990 1140 1151 1170 certum
1181 1127 1294 1170 diem
1318 1129 1404 1170 sive
1436 1139 1606 1185 tempus

195 1197 341 1240 divino
376 1197 504 1240 cultui
539 1198 773 1255 specialiter
805 1198 1138 1251 attribuendum,
1173 1213 1328 1241 certam
1363 1199 1606 1256 qual-itatem

193 1280 233 1310 et
267 1269 543 1325 quantitatem
580 1269 739 1326 tributi>
773 1285 931 1327 poenae
967 1283 1041 1313 etc.
1078 1272 1270 1312 Iamvero
1304 1271 1412 1312 hanc
1444 1269 1604 1313 indivi-

196 1339 323 1383 duam
359 1339 760 1383 determinationem
794 1342 940 1383 statuit
970 1342 1034 1384 vel
1069 1342 1157 1398 ipse
1180 1343 1297 1384 Deus
1331 1342 1513 1398 positiva
1534 1357 1605 1384 re-

193 1411 419 1464 velatione,
455 1411 517 1454 vel
554 1413 680 1454 etiam
730 1413 923 1470 princeps
972 1412 1185 1455 humanus
1235 1428 1307 1470 per
1351 1425 1605 1470 potestatem

195 1485 232 1526 ei
267 1484 315 1526 ad
349 1484 389 1526 id
424 1483 574 1526 factam
610 1484 657 1526 ab
691 1486 779 1542 ipsa
812 1484 903 1540 lege
945 1484 1136 1528 naturali.
1182 1484 1316 1537 Quod
1365 1500 1463 1527 cum
1496 1484 1606 1538 facit,

195 1571 281 1598 non
316 1568 450 1598 mutat
483 1569 552 1598 aut
586 1556 712 1599 solvit
744 1556 881 1612 legem
918 1556 1165 1612 naturalem,
1190 1557 1263 1599 sed
1286 1556 1433 1614 implet
1460 1557 1604 1614 potius

195 1639 235 1669 et
267 1627 422 1669 firmat.

313 1698 455 1741 Altera
489 1711 550 1740 est
578 1700 737 1756 proprie
771 1700 951 1741 mutatio
975 1698 1096 1756 legis,
1121 1711 1160 1741 et
1185 1715 1328 1741 rursus
1352 1698 1439 1742 fieri
1462 1710 1604 1756 potest

196 1769 433 1827 dupliciter:
466 1795 522 1802 —-
562 1770 638 1827 1.⁰)
671 1770 721 1812 ab
756 1772 965 1813 intrinseco
1000 1771 1024 1813 i.
1060 1787 1093 1813 e.
1122 1786 1196 1827 per
1221 1769 1476 1812 desitionem
1499 1766 1604 1826 legis

196 1857 245 1883 ex
279 1857 321 1884 se
358 1840 609 1894 deficientis,
645 1841 760 1898 quod
794 1839 1017 1898 contingit,
1051 1857 1147 1884 cum
1180 1841 1245 1883 lex
1277 1857 1326 1883 ex
1359 1839 1608 1895 rationabili,

196 1912 392 1969 prudenti
426 1925 464 1954 et
498 1912 548 1955 ad
584 1927 813 1955 commune
846 1912 1007 1954 bonum
1057 1911 1148 1954 utili
1193 1911 1331 1955 evadit
1379 1913 1606 1954 irrationa-

195 1981 287 2025 bilis
322 1995 361 2025 et
394 1984 519 2025 noxia
551 1983 638 2040 (3),
675 1997 799 2040 atque
834 1983 931 2025 hinc
965 1984 1088 2025 etiam
1124 1983 1212 2025 sine
1246 1983 1512 2025 revocatione
1535 1997 1604 2023 su·
1640 2002 1643 2003 ⁷

293 2175 349 2219 (1)
378 2175 428 2208 Ita
454 2174 612 2220 loquitur
638 2175 779 2215 Suarez,
811 2173 879 2207 loc.
909 2175 966 2207 cit.
995 2185 1023 2206 c.
1056 2181 1109 2215 13.
1140 2173 1183 2206 ab
1211 2174 1285 2207 init.
1684 2218 1688 2220 Y

291 2235 346 2280 (2)
378 2235 414 2267 In
446 2245 473 2267 1.
503 2243 533 2266 2.
559 2245 589 2278 q.
617 2242 671 2277 9⁷1.
701 2245 730 2266 a.
763 2242 789 2274 ς.
816 2232 908 2266 Vide
938 2233 1045 2266 etiam
1073 2231 1328 2277 Ulpianumffl.
1350 2231 1406 2264 Ius
1434 2230 1550 2271 civile,
1570 2229 1606 2264 ff.
1640 2258 1649 2267 γ,

197 2292 239 2326 de
268 2282 351 2326 lust.
380 2291 412 2326 et
440 2293 523 2326 iure.

293 2352 348 2395 (3)
376 2351 553 2396 Exemplo
581 2352 623 2384 sit
651 2351 705 2384 lex
732 2350 884 2395 positiva
912 2349 1098 2384 seditionis
1125 2358 1288 2394 tempore
1313 2348 1394 2390 lata,
1413 2347 1607 2393 prohibens

197 2421 241 2443 ne
270 2411 345 2455 quis
372 2421 470 2443 arma
497 2419 605 2455 gerat.
634 2410 731 2450 Haec
759 2409 815 2443 lex
832 2420 873 2442 ex
902 2410 989 2442 iusta
1010 2417 1043 2442 et
1062 2408 1264 2442 rationabili
1284 2416 1414 2452 potest,
1440 2415 1608 2441 manente
1652 2432 1654 2436 ,

197 2468 310 2501 adhuc
350 2468 538 2509 seditione,
566 2468 713 2502 evadere
740 2469 868 2502 iniusta
909 2477 941 2501 et
977 2467 1239 2509 irrationabilis,
1267 2478 1296 2500 e.
1316 2478 1350 2512 g.
1369 2477 1412 2500 ex
1441 2477 1485 2500 eo
1512 2465 1608 2511 quod

199 2536 356 2572 potestas
382 2527 495 2561 'civilis
536 2526 594 2561 fiat
621 2527 736 2572 impar
762 2527 806 2560 ad
837 2526 1023 2561 facultates
1049 2527 1229 2572 vitamque
1256 2526 1451 2571 proborum
1478 2525 1608 2558 civium
1668 2523 1671 2533 ³

201 2595 320 2621 contra
351 2587 535 2631 inzpro‘uos
564 2586 746 2620 tuendam.
