1734 2784
701 94 969 148 —367-....

110 204 210 234 nam
242 203 289 232 ac
321 189 539 232 miseriam
573 200 824 246 perpetuam
858 198 1074 230 creaturae
1107 185 1340 231 rationalis
1368 211 1426 220 —
1461 188 1550 233 Re-

109 259 323 320 spondet).
357 261 513 304 Dist....
560 258 669 303 velle
717 258 1015 303 antecedenter
1048 257 1098 301 ad
1146 258 1383 316 praevisam
1438 257 1544 316 legis

107 332 388 377 'violationem
421 343 462 374 et
495 331 659 374 ratione
703 331 838 388 ipsius
885 345 1047 388 poenae
1095 345 1220 385 conc„
1257 345 1345 374 non
1379 331 1549 374 ratione

106 403 248 463 *ipsius
281 417 460 462 poenae,
493 401 569 446 sed
602 403 768 445 ratione
802 401 964 445 ordinis
998 402 1269 460 restituendi,
1301 415 1341 446 et
1386 417 1550 446 conse-

107 486 292 534 quenter
324 472 377 517 ad
410 474 648 532 praevisam
681 472 960 516 violationem
994 472 1158 517 ordinis
1192 489 1298 531 nego.
1348 475 1446 517 Hoc
1479 485 1544 518 est

106 545 342 590 >discrimen
376 545 484 588 inter
517 544 761 602 praemium
795 556 837 587 et
888 559 1088 601 poenam,
1122 544 1239 602 quod
1288 561 1388 588 cum
1437 544 1541 589 illud

104 618 163 661 sit
192 615 365 660 volibile
397 617 526 660 etiam
561 617 724 659 ratione
759 616 842 670 sui,
881 615 983 658 haec
1015 630 1102 658 non
1136 616 1191 659 sit
1222 615 1409 659 volibilis
1456 617 1540 660 nisi

102 688 274 733 ratione
309 687 481 731 alterius
528 687 555 731 i.
606 703 640 731 e.
691 685 856 729 ordinis
905 685 1051 730 violati
1100 686 1418 744 redintegrandi
1454 687 1541 746 (1).

100 774 136 802 ·«
154 759 232 803 Est
266 756 606 815 concedendum,
639 758 750 801 aits.
786 757 982 800 Thomas
1016 756 1104 816 (2),
1135 756 1252 816 quod
1277 773 1440 816 poenae
1475 759 1543 802 in-

99 829 301 875 ‘feruntur
334 845 356 872 a
388 830 499 886 Deo,
523 844 612 872 non
639 837 803 887 propter
836 844 874 872 se
911 828 1043 887 (idest
1078 841 1254 887 propter
1286 830 1398 887 ipsas
1432 845 1540 887 poe-

98 900 202 957 nas)
236 902 357 960 quasi
390 902 510 944 Deus
544 901 586 943 in
620 901 723 958 ipsis
772 899 1020 953 delectetur,
1071 900 1145 943 sed
1189 908 1358 958 propter
1406 900 1538 956 aliud,

104 973 263 1017 scilicet
295 984 470 1031 propter
504 970 702 1015 ordinem
736 971 1052 1028 imponendum
1099 972 1320 1029 creaturis,
1354 972 1396 1015 in
1448 988 1537 1031 quo

104 1043 268 1088 bonum
303 1043 489 1086 universi
524 1043 778 1086 consistit.»
819 1043 872 1085 Et
904 1042 987 1085 alio
1022 1043 1064 1085 in
1098 1041 1195 1085 loco
1230 1042 1315 1101 (3):
1371 1061 1394 1084 «
1417 1044 1538 1087 Deus

98 1130 191 1160 non
226 1115 458 1159 delectatur
490 1115 533 1157 in
569 1115 717 1172 poenis
752 1127 928 1172 propter
963 1115 1091 1172 ipsas,
1124 1113 1199 1157 sed
1235 1114 1468 1159 delectatur
1492 1117 1535 1158 in

103 1185 256 1231 ordine
290 1201 391 1229 suae
424 1186 628 1242 iustitiae,
651 1201 759 1243 quae
793 1185 875 1228 hoc
909 1186 1139 1243 requirit.»
1179 1186 1293 1229 Hinc
1318 1187 1438 1230 Deus
1463 1186 1536 1230 de-

100 1259 236 1302 cernit
268 1257 444 1316 quidem
478 1256 672 1313 infligere
708 1272 908 1314 poenam,
940 1271 1030 1300 non
1066 1269 1209 1300 tamen
1254 1256 1297 1300 id
1341 1257 1530 1301 decernit

96 1329 387 1382 antecedenter,
422 1327 496 1372 sed
529 1337 809 1386 consequenter
843 1327 895 1371 ad
929 1329 1168 1385 praevisam
1193 1328 1356 1372 ordinis
1392 1328 1531 1372 viola-

99 1401 281 1444 tionem.

191 1607 248 1652 (1)
276 1607 316 1640 In
344 1618 413 1653 quo
441 1606 508 1641 sita
534 1606 577 1641 sit
603 1606 691 1641 haec
718 1605 841 1641 violati
871 1606 1007 1641 ordinis
1036 1606 1308 1653 redintegratio,
1331 1606 1404 1641 iam
1435 1607 1528 1641 dixi·

94 1678 176 1702 mus
202 1667 237 1700 in
265 1666 452 1701 solutione
478 1665 724 1712 praecedentis
752 1666 983 1701 obiectionis:
1006 1666 1094 1702 utile
1121 1676 1244 1701 tamen
1273 1668 1338 1701 erit
1358 1666 1449 1701 haec
1469 1666 1528 1701 ad-

84 1726 176 1761 ›dere
204 1736 246 1759 ex
274 1736 299 1760 s.
328 1724 490 1767 Thoma‚
536 1735 562 1759 1.
592 1734 622 1759 2.
652 1737 683 1771 q.
711 1724 765 1768 87.
794 1737 824 1759 a.
856 1736 897 1759 1.:
941 1740 958 1756 α
979 1725 1072 1760 Cum
1112 1734 1303 1771 peccatum
1341 1726 1384 1760 sit
1427 1733 1527 1760 actus

93 1785 331 1827 inordinatus,
358 1782 593 1818 manifestum
621 1793 683 1826 est,
703 1783 799 1829 quod
827 1785 1044 1831 quicumque
1065 1792 1204 1831 peccat,
1224 1793 1350 1819 contra
1369 1784 1524 1832 aliquem

91 1842 260 1878 ordinem
287 1843 374 1887 agit,
401 1850 434 1877 et
460 1842 542 1876 ideo
571 1842 612 1876 ab
642 1843 719 1887 ipso
748 1841 874 1876 ordine
893 1853 1120 1889 consequens
1147 1852 1197 1878 est
1226 1843 1321 1889 quod
1343 1842 1523 1889 deprima-

82 1912 159 1945 -tur,
188 1913 269 1948 quae
296 1901 430 1948 quidem
458 1900 619 1947 depressio
642 1909 753 1948 poena
787 1906 844 1937 est.
873 1902 979 1937 Unde
1020 1902 1218 1937 secundum
1251 1912 1322 1938 tres
1361 1903 1520 1946 ordines,

91 1962 221 2008 quibus
253 1960 416 1996 subditur
441 1960 600 1995 humana
627 1960 808 2001 voluntas,
837 1961 967 2008 triplici
992 1973 1111 2008 poena
1151 1970 1270 2008 potest
1297 1962 1412 1998 homo
1451 1975 1520 2008 pu-

91 2020 172 2056 niri.
200 2020 316 2056 Primo
343 2019 489 2066 quidem
516 2019 612 2054 enirn
649 2018 813 2054 subditur
837 2020 995 2055 humana
1034 2029 1159 2056 natura
1200 2021 1316 2056 ordini
1356 2022 1522 2067 propriae

90 2079 252 2114 rationis.
279 2079 425 2114 Secundo
453 2079 569 2113 ordini
598 2079 782 2114 exterioris
809 2079 972 2113 hominis
999 2079 1243 2126 gubernantis,
1270 2079 1327 2115 vel
1355 2080 1521 2126 spiritua-

89 2138 169 2173 liter
196 2137 253 2172 vel
279 2137 541 2184 temporaliter,
562 2137 709 2184 politice
736 2150 798 2172 seu
825 2139 1078 2173 oeconomice.
1111 2139 1224 2173 Tertio
1252 2138 1414 2174 subditur
1441 2139 1519 2173 uni-

88 2198 219 2233 versali
245 2197 363 2232 ordini
391 2197 503 2231 divini
530 2198 730 2244 regiminis.
760 2198 923 2239 Quilibet
951 2207 1071 2233 autem
1097 2198 1228 2232 horum
1256 2198 1425 2233 ordinum
1454 2210 1518 2244 per

88 2264 278 2303 peccatum
304 2257 530 2302 pervertitur,
562 2256 647 2290 dum
676 2256 745 2299 ille,
773 2257 833 2302 qui
860 2265 995 2303 peccat,
1022 2257 1095 2303 agit
1123 2265 1156 2292 et
1183 2266 1307 2291 contra
1334 2257 1514 2292 rationem

88 2323 124 2350 et
151 2323 276 2349 contra
299 2315 419 2361 legem
445 2315 642 2350 humanam
665 2325 698 2350 et
727 2324 849 2350 contra
871 2316 988 2361 legem
1017 2317 1189 2351 divinam.
1208 2316 1314 2351 Unde
1336 2316 1515 2362 triplicem

87 2384 245 2420 poenam
275 2374 433 2417 incurrit,
465 2386 574 2409 unam
602 2375 746 2421 quidem
775 2388 793 2410 a
821 2375 955 2421 seipso,
984 2387 1074 2422 quae
1101 2385 1153 2410 est
1182 2376 1427 2411 conscientiae
1454 2387 1512 2410 re-

88 2444 240 2475 morsus,
268 2432 378 2467 aliam
404 2444 489 2469 vero
517 2434 560 2468 ab
587 2433 750 2475 homine,
778 2435 918 2469 tertiam
948 2447 1032 2469 vero
1061 2447 1078 2469 a
1106 2436 1235 2470 Deo.»

185 2493 242 2537 (2)
272 2493 399 2528 Contr.
427 2492 535 2528 Gent.
567 2494 590 2527 1.
622 2494 680 2527 III.
710 2505 736 2528 c.
769 2504 844 2537 144.

181 2552 236 2596 (3)
265 2552 304 2586 In
336 2563 363 2586 1.
393 2563 423 2586 2.
452 2564 483 2599 q.
511 2552 566 2596 87.
595 2564 626 2588 a.
660 2564 688 2598 3.
717 2553 759 2587 ad
790 2560 843 2588 2¹¹²
