1734 2784
187 220 254 276 sit,
288 221 456 277 veritas,
491 219 674 264 adhibita
709 220 935 264 sufficienti
985 220 1136 264 morali
1187 221 1420 279 diligentia,
1466 223 1606 281 detegi

185 306 273 334 non
307 291 445 349 potuit
480 291 822 350 (1).Vincibilis
857 305 918 335 est
952 308 1013 346 ea,
1049 307 1170 350 quae,
1220 292 1406 337 adhibita
1454 294 1604 338 morali

187 361 421 419 diligentia,
458 364 597 420 potuit
632 363 795 421 depelli.
831 364 967 407 Porro
993 364 1235 421 ignorantia
1258 363 1466 408 vincibilis
1501 365 1604 409 sub-

186 434 389 478 dividitur
437 436 479 478 in
512 435 745 494 affectatam
795 447 834 479 ct
884 435 1237 495 non-affectatam.
1289 437 1361 480 Est
1404 436 1604 491 affectata,

188 522 285 549 cum
319 507 499 550 omissio
535 506 707 550 moralis
743 506 986 564 diligentiae
1031 507 1080 551 ad
1123 509 1407 566 ignorantiam
1456 508 1603 567 depel-

186 578 353 622 lendam
389 579 524 621 oritur
557 595 607 622 ex
641 595 707 635 eo,
742 578 858 637 quod
893 581 986 637 quis
1011 579 1061 623 de
1086 579 1291 623 industria
1314 580 1603 638 ignorantiam

187 651 229 693 in
263 665 307 692 se
338 650 457 703 velit,
509 663 553 693 ut
585 649 757 693 liberius
801 663 894 708 agat
943 650 1107 709 sibique
1155 650 1321 708 plenius
1369 650 1604 708 indulgeat,

187 723 342 765 timens
376 737 428 765 ne
461 722 569 765 forte
603 722 708 766 clara
753 723 939 766 veritatis
990 723 1236 781 cognitione
1286 722 1522 766 retrahatur
1555 721 1604 765 ab

190 794 357 851 agendo
392 794 447 848 id,
483 794 598 852 quod
642 809 756 838 nunc
804 795 985 838 omnino
1027 794 1131 839 vult.
1180 795 1253 838 Est
1286 794 1605 849 non-affectata,

191 866 224 907 si
259 866 439 908 omissio
473 865 650 910 moralis
686 866 926 924 diligentiae
975 867 1137 910 oriatur
1185 882 1235 910 ex
1267 881 1384 910 mera
1431 865 1604 910 desidia.

189 938 353 982 Rursus
379 949 520 980 autem
544 939 782 996 ignorantia
804 937 1013 982 vincibilis
1047 937 1344 981 non-affectata
1376 949 1438 981 est
1470 936 1604 981 modo

189 1023 328 1052 crassa
363 1025 435 1052 seu
470 1011 632 1067 supina,
667 1009 801 1054 modo
835 1010 1066 1069 simpliciter
1098 1008 1321 1067 vincibilis,
1344 1021 1471 1068 prout
1495 1008 1607 1053 nulla

190 1080 256 1123 vel
290 1080 373 1124 fere
408 1080 521 1124 nulla
553 1080 775 1126 adhibetur
809 1081 1036 1139 diligentia,
1072 1093 1141 1124 aut
1175 1081 1311 1139 aliqua
1338 1080 1511 1138 quidem
1545 1079 1606 1124 di-

187 1152 362 1209 ligentia
397 1151 632 1207 adhibetur,
662 1153 735 1197 sed
774 1169 861 1197 non
895 1169 955 1211 ea,
988 1168 1094 1212 quae
1128 1152 1345 1196 moraliter
1378 1152 1607 1210 requiritur

189 1235 229 1266 et
276 1222 442 1267 sufficit.
480 1250 537 1257 —
576 1226 784 1278 Quaeres,
819 1224 1092 1283 quandonam
1125 1224 1220 1282 quis
1255 1236 1474 1269 censeatur
1505 1239 1606 1267 mo-

189 1294 317 1338 ralem
357 1294 621 1353 diligentiam
664 1296 736 1355 (2)
773 1295 1052 1339 adhibuisse?
1087 1296 1202 1340 Cum
1237 1311 1329 1339 eam
1364 1310 1508 1338 curam
1557 1293 1605 1337 ad

188 1367 475 1423 ignorantiam
509 1367 803 1426 depellendam
836 1367 1045 1421 adhibuit,
1066 1383 1195 1426 quam
1225 1381 1429 1426 personae
1452 1365 1607 1424 probae

188 1453 233 1480 ac
266 1437 495 1495 prudentes
530 1439 681 1482 similis
717 1451 847 1482 status
889 1454 963 1482 seu
1015 1438 1272 1482 conditionis
1315 1438 1357 1481 in
1400 1435 1608 1480 similibus

188 1509 395 1554 adiunctis
420 1511 556 1556 solent
590 1511 787 1556 adhibere
820 1511 902 1571 (3).

285 1663 338 1707 (1)
366 1663 399 1698 S.
427 1663 637 1709 Alphonsus
665 1662 850 1708 explicans
877 1663 999 1698 locum
1027 1675 1052 1698 s.
1081 1662 1261 1705 Thornae,
1296 1660 1453 1708 quodlib.
1481 1661 1512 1695 8.
1543 1668 1606 1694 art.

193 1730 255 1763 15„
282 1720 369 1755 haec
396 1721 523 1756 habet:
555 1736 570 1751 «
599 1722 715 1756 Etiam
743 1722 777 1755 in
798 1732 880 1756 casu
900 1733 969 1768 quo
991 1721 1067 1768 quis
1086 1729 1321 1767 praeceptum
1342 1720 1430 1755 scire
1449 1728 1604 1761 tenetur,

188 1782 216 1815 si
244 1780 331 1816 illud
357 1782 445 1816 scire
474 1781 607 1827 nequit,
634 1781 838 1828 ignorantia
878 1781 953 1815 eius
993 1783 1057 1816 erit
1097 1780 1324 1815 invincibilis⁴
1353 1795 1369 1811 »
1401 1782 1523 1816 Homo
1552 1791 1604 1826 ap.

190 1850 294 1876 tract.
324 1842 348 1877 l.
374 1852 403 1876 e.
430 1842 491 1874 ΠΙ.
519 1840 570 1876 Cf.
599 1842 741 1884 SuareZ,
767 1842 788 1876 l.
816 1853 845 1875 c.
873 1850 959 1876 sect.
990 1841 1016 1876 Ι.
1043 1853 1077 1875 n.
1108 1851 1162 1876 20,

285 1901 341 1945 (2)
371 1900 617 1946 Quandonam
645 1901 721 1948 quis
756 1901 953 1936 adhibuerit
990 1901 1217 1947 diligentiam
1258 1901 1510 1944 sufficientem,
1536 1901 1605 1935 hoc

190 1960 449 1995 dimetiendum
477 1969 510 1995 et
538 1960 805 1996 diiudicandum
834 1971 885 1996 est
913 1972 985 1995 non
1015 1959 1056 1995 eit
1085 1969 1262 2006 potestate
1290 1960 1450 2006 physica,
1478 1960 1540 1995 sed
1563 1972 1605 1995 ex

190 2030 369 2067 potestate
398 2022 537 2056 morali.
565 2022 622 2056 Ad
649 2033 724 2056 rem
761 2021 939 2064 Ballerini,
978 2033 1054 2068 syn.
1096 2021 1138 2056 de
1165 2031 1234 2057 act.
1274 2022 1375 2057 hum.
1403 2033 1502 2056 num.
1528 2031 1603 2057 21.:

193 2097 209 2113 ‹<
236 2080 293 2117 Ad
319 2081 493 2115 moralem
522 2081 747 2126 diligentiam
773 2093 848 2116 non
875 2081 1073 2129 requiritur,
1113 2092 1148 2117 ut
1177 2082 1295 2118 media
1336 2082 1461 2117 onmia
1487 2082 1604 2128 possi-

189 2143 275 2178 bilia
302 2142 546 2184 adhibeantur,
576 2142 670 2188 quod
706 2153 796 2176 onus
840 2151 931 2177 esset
976 2141 1230 2188 importabile:
1262 2141 1323 2176 sed
1359 2142 1504 2188 quidam
1539 2139 1608 2175 sus-

191 2203 262 2238 ficit
301 2201 509 2248 diligentiae
549 2201 704 2244 modus,
748 2214 822 2236 non
851 2201 1117 2244 mathematice,
1145 2202 1205 2236 sed
1235 2202 1363 2237 morali
1386 2200 1520 2235 iudicio
1548 2201 1605 2235 de-

192 2261 370 2296 finiendus
396 2269 499 2307 atque
529 2261 708 2295 humanae
736 2261 939 2296 conditioni
965 2261 1273 2303 accommodatus,
1302 2271 1407 2307 quem
1435 2260 1605 2294 nimirum

191 2321 381 2367 prudentes
409 2330 440 2355 et
469 2321 503 2353 in
530 2321 632 2355 rebus
660 2321 731 2354 suis
764 2320 931 2355 adhibere
971 2329 1004 2354 et
1040 2321 1082 2354 ab
1122 2320 1201 2354 aliis
1239 2320 1383 2366 exigere
1423 2331 1464 2353 ex
1503 2319 1605 2365 aequi

191 2381 348 2428 bonique
376 2391 502 2415 norma
532 2391 596 2425 pro
639 2381 687 2414 rei
726 2380 902 2423 gravitate
942 2389 974 2414 et
1017 2391 1080 2425 pro
1123 2385 1359 2425 personarum
1399 2379 1609 2414 conditione

196 2441 325 2475 solent.
354 2454 372 2474 »

288 2500 343 2544 (3)
373 2499 546 2536 Becanus,
573 2499 615 2533 de
643 2508 711 2534 act.
751 2499 850 2533 hum.
877 2511 911 2545 q.
940 2498 984 2533 X.
1023 2509 1122 2531 num.
1152 2496 1206 2542 36.
1233 2497 1295 2539 ait,
1326 2506 1396 2531 tres
1422 2496 1488 2530 has
1513 2496 1603 2530 divi-

195 2560 310 2593 siones
348 2559 585 2605 ignorantiae,
616 2559 651 2592 in
691 2557 897 2592 vincibilem
937 2566 969 2591 et
1014 2556 1272 2598 invincibilem,
1299 2555 1542 2590 voluntariam
1572 2564 1605 2589 et

195 2618 485 2661 involuntariam,
515 2618 731 2665 culpabilem
761 2626 793 2651 et
822 2616 1090 2662 inculpabilem,
1124 2615 1181 2648 vix
1209 2613 1360 2648 differre.
