1734 2784
775 107 1038 149 -320-

201 190 316 247 quod
352 189 671 246 proposuimus,
700 188 836 231 Debet
861 201 999 232 autem
1027 189 1121 241 hoc,
1147 188 1196 231 de
1231 205 1317 246 quo
1351 187 1630 248 quaerimus,

200 260 471 317 principium,
506 274 648 302 verum
695 274 785 301 esse
819 272 857 302 et
892 260 1074 302 maxime
1107 259 1382 317 adaequatum
1429 277 1473 305 ac
1515 271 1614 320 per—

199 333 391 388 spicuum.
442 331 509 373 Sic
541 347 578 373 v.
615 346 654 385 g.
688 329 838 372 falsum
890 343 951 373 est
985 329 1155 373 effatum
1192 329 1434 375 Thomasii:
1476 351 1496 374 «
1528 333 1610 376 Fa-

198 400 343 443 cienda
377 416 484 455 esse,
520 416 626 457 quae
658 401 787 443 vitam
824 400 1010 444 hominis
1060 400 1243 444 reddunt
1293 403 1478 445 maxime
1513 403 1612 446 diu-

198 485 366 515 turnam
405 486 443 516 et
478 472 783 527 felicissimam,
834 472 1001 515 vitanda
1049 473 1204 530 pariter
1254 473 1304 514 iis
1339 475 1550 531 opposita.
1583 491 1604 515 »

199 544 531 601 Inadaequatum
565 555 627 587 est
660 543 830 586 effatum
866 543 1143 587 Pufendorfii:
1185 563 1203 584 «
1237 545 1433 599 Homini,
1474 562 1612 604 quan—

198 628 289 658 tum
324 617 363 657 in
398 616 491 672 ipso
525 628 600 667 est,
636 614 853 658 colendam
904 631 995 658 esse
1046 628 1085 658 et
1130 614 1379 658 servandam
1430 618 1612 660 societa—

199 699 299 730 tem.
334 704 353 727 »
394 688 547 730 Finetti
581 702 625 729 ac
658 686 783 729 multi
835 688 941 729 iuter
986 687 1244 729 recentiores
1296 699 1485 731 statuunt
1532 688 1613 731 hoc

199 757 386 801 effatum:
427 776 446 798 «
478 758 695 802 Naturalis
730 757 838 800 ordo
873 757 1102 800 servandus
1139 770 1212 801 est.
1248 775 1266 797 n
1308 758 1392 802 Sed
1432 759 1514 802 hoc
1545 759 1611 803 ef-

198 829 331 872 fatum
365 830 545 872 omnino
581 829 686 872 redit
719 828 768 871 ad
804 828 904 872 illud
943 846 974 872 s,
1008 828 1226 882 Thomae,
1254 842 1297 872 ut
1321 829 1435 873 idem
1458 826 1630 874 Finetti·ro

198 900 360 943 fatetur:
403 919 421 941 «
455 901 516 943 Ex
559 912 700 944 mente
735 917 765 943 s.
801 900 1019 952 Tliomae‚
1070 899 1251 954 bonum,
1298 901 1413 958 quod
1453 914 1513 945 est
1547 901 1611 944 fa-

199 973 395 1016 ciendum
445 985 484 1015 et
529 972 896 1030 prosequendum,
951 986 1013 1015 est
1061 972 1223 1015 bonum
1272 972 1520 1016 ordinatmn:
1569 986 1614 1017 ut

197 1045 371 1101 perinde
405 1045 458 1088 sit
491 1044 629 1088 dicere
666 1044 748 1087 hoc
780 1060 907 1087 sensu
942 1044 1104 1086 bonum
1139 1059 1231 1086 esse
1272 1043 1532 1096 faciendum,
1566 1059 1612 1087 ac

196 1114 391 1159 ordinem
426 1131 517 1158 esse
550 1114 820 1158 servandum.
855 1132 873 1154 >>
913 1114 1093 1158 Videtur
1128 1126 1269 1157 autem
1303 1130 1390 1157 non
1414 1114 1610 1157 receden-

196 1187 299 1230 dum
332 1187 380 1230 ab
414 1186 536 1230 effato
572 1203 602 1229 s.
640 1186 855 1242 Thomae,
890 1185 1005 1244 quod
1047 1202 1143 1228 cum
1178 1186 1451 1229 verissimum
1485 1187 1538 1229 sit
1569 1198 1609 1230 et

195 1259 315 1316 plane
347 1258 644 1315 adaequatum,
681 1258 864 1300 maximi
900 1259 1072 1314 insuper
1106 1257 1288 1300 claritate
1323 1269 1362 1299 et
1397 1257 1608 1315 simplici-

193 1342 275 1373 tate
309 1342 501 1387 praestat.

317 1416 410 1456 114.
446 1402 689 1445 ScHoL1ON.
724 1401 902 1457 Egimus
937 1399 987 1442 de
1020 1400 1368 1456 immutabilitate,
1387 1401 1608 1458 perspicui-

194 1480 284 1529 tate,
333 1474 483 1515 imitate
531 1471 634 1528 legis
687 1471 902 1514 naturalis.
958 1472 1018 1514 Ut
1070 1470 1262 1514 brevitati
1317 1471 1607 1528 consulamus,

194 1560 324 1600 pauca
355 1555 521 1587 tantum
545 1543 596 1586 de
619 1543 706 1586 aliis
730 1543 834 1599 legis
860 1543 985 1585 huius
1009 1541 1181 1585 dotibus
1206 1542 1430 1600 addemus,
1450 1544 1606 1601 quippe

191 1631 297 1673 quae
329 1615 446 1659 facile
479 1632 528 1659 ex
561 1615 682 1658 dictis
716 1614 1025 1671 intelliguntur.
1054 1639 1110 1646 -
1133 1615 1205 1657 Est
1242 1628 1340 1657 vera
1371 1613 1449 1658 lex:
1483 1615 1607 1658 vide-

189 1687 286 1730 licet
318 1702 405 1730 non
437 1700 602 1729 tantum
636 1698 698 1729 est
733 1685 955 1728 indicativa
986 1684 1090 1728 boni
1134 1697 1174 1728 et
1206 1684 1323 1737 mali,
1372 1684 1446 1728 sed
1478 1685 1605 1728 etiam

191 1759 454 1816 praeceptiva
495 1758 596 1801 boni
638 1770 677 1800 et
710 1756 968 1815 prohibitiva
998 1755 1112 1799 mali.
1148 1781 1205 1788 —
1238 1757 1312 1798 Est
1345 1757 1410 1799 lex
1443 1756 1603 1799 divina:

190 1845 343 1886 nempe
376 1847 395 1872 a
430 1831 525 1873 Deo
568 1842 787 1886 tamquam
835 1840 1007 1872 auctore
1058 1827 1303 1871 immediate
1353 1826 1605 1885 procedens.

192 1928 243 1932 —
264 1902 336 1943 Est
358 1900 423 1944 lex
456 1902 692 1944 necessaria:
726 1901 930 1942 nimirum
967 1897 1210 1955 dependens
1236 1914 1257 1940 a
1279 1898 1497 1941 voluntate
1520 1899 1603 1941 Dei

189 1973 438 2024 necessaria,
473 1987 578 2029 quae
612 1970 805 2014 voluntas
839 1970 1086 2025 necessaria,
1132 1984 1253 2012 secus
1288 1984 1333 2012 ac
1366 1968 1507 2024 libera,
1539 1980 1604 2012 est

189 2044 432 2087 naturaliter
465 2042 779 2099 cognoscibilis.
814 2067 870 2074 -
902 2042 974 2084 Est
1007 2040 1072 2083 lex
1107 2040 1365 2083 universalis:
1392 2052 1453 2082 est
1486 2040 1603 2082 enim

189 2116 423 2172 proprietas
472 2116 607 2172 ipsam
656 2128 921 2170 consequens
969 2125 1160 2155 naturam
1210 2124 1249 2155 et
1289 2123 1606 2169 consequenter

189 2186 334 2243 dirigit
365 2199 489 2244 atque
523 2185 677 2242 obligat
712 2201 862 2228 omnes
911 2196 1126 2241 quotquot
1175 2183 1405 2225 humanam
1447 2182 1601 2225 habent

187 2271 379 2300 naturam
415 2259 722 2314 cuiuscumque
755 2257 895 2313 gentis
929 2256 993 2298 vel
1019 2256 1219 2308 nationis,
1238 2255 1383 2297 aetatis
1407 2254 1473 2297 vei
1497 2269 1599 2296 con·

189 2329 360 2372 ditionis
379 2330 476 2385 sint,
496 2327 647 2386 quibus
672 2327 870 2371 omnibus
895 2326 1042 2370 saltem
1062 2325 1202 2384 quoad
1221 2325 1485 2382 generaliora
1508 2325 1602 2367 eius

189 2413 424 2456 praecepta,
457 2412 520 2442 est
553 2399 650 2442 satis
687 2399 855 2455 cognita
888 2397 969 2456 (1).
1006 2397 1132 2440 Unde
1166 2395 1390 2439 manifesto
1430 2406 1600 2452 apparet

281 2560 337 2605 (1)
365 2561 460 2594 Bene
487 2560 532 2593 ait
572 2559 715 2600 Suarez,
752 2559 794 2592 de
834 2558 903 2604 leg.
931 2557 954 2591 1.
987 2568 1014 2592 1.
1043 2568 1122 2603 cap.
1159 2555 1189 2591 6.
1218 2566 1320 2590 num.
1367 2554 1435 2590 18.:
1470 2554 1607 2588 «Haec.
