<?xml version="1.0" encoding="UTF-8"?>
<!DOCTYPE html PUBLIC "-//W3C//DTD XHTML 1.0 Transitional//EN"
    "http://www.w3.org/TR/xhtml1/DTD/xhtml1-transitional.dtd">
<html xmlns="http://www.w3.org/1999/xhtml" xml:lang="en" lang="en">
 <head>
  <title>
</title>
<meta http-equiv="Content-Type" content="text/html;charset=utf-8" />
  <meta name='ocr-system' content='tesseract 3.04.00' />
  <meta name='ocr-capabilities' content='ocr_page ocr_carea ocr_par ocr_line ocrx_word'/>
</head>
<body>
  <div class='ocr_page' id='page_1' title='image "./institutionesphi01ferr_0048.png"; bbox 0 0 1734 2784; ppageno 0'>
   <div class='ocr_carea' id='block_1_1' title="bbox 762 101 996 144">
    <p class='ocr_par' dir='ltr' id='par_1_1' title="bbox 762 101 996 144">
     <span class='ocr_line' id='line_1_1' title="bbox 762 101 996 144; baseline -0.004 -10"><span class='ocrx_word' id='word_1_1' title='bbox 762 101 996 144; x_wconf 76' lang='lat'><strong>-28-</strong></span> 
     </span>
    </p>
   </div>
   <div class='ocr_carea' id='block_1_2' title="bbox 164 191 1594 889">
    <p class='ocr_par' dir='ltr' id='par_1_2' title="bbox 164 191 1594 889">
     <span class='ocr_line' id='line_1_2' title="bbox 164 191 1580 251; baseline -0.002 -13"><span class='ocrx_word' id='word_1_2' title='bbox 164 195 282 238; x_wconf 71' lang='lat' dir='ltr'>‘videt</span> <span class='ocrx_word' id='word_1_3' title='bbox 315 210 379 237; x_wconf 84' lang='lat' dir='ltr'>res</span> <span class='ocrx_word' id='word_1_4' title='bbox 413 209 562 237; x_wconf 82' lang='lat' dir='ltr'>omnes</span> <span class='ocrx_word' id='word_1_5' title='bbox 598 207 769 246; x_wconf 79' lang='lat' dir='ltr'>creatas,</span> <span class='ocrx_word' id='word_1_6' title='bbox 803 193 960 251; x_wconf 86' lang='lat' dir='ltr'>aliquid</span> <span class='ocrx_word' id='word_1_7' title='bbox 995 192 1104 235; x_wconf 85' lang='lat' dir='ltr'>reale</span> <span class='ocrx_word' id='word_1_8' title='bbox 1139 205 1208 236; x_wconf 82' lang='lat' dir='ltr'>aut</span> <span class='ocrx_word' id='word_1_9' title='bbox 1241 191 1400 249; x_wconf 88' lang='lat' dir='ltr'>aliquid</span> <span class='ocrx_word' id='word_1_10' title='bbox 1436 192 1580 250; x_wconf 74' lang='lat' dir='ltr'>perfe-</span> 
     </span>
     <span class='ocr_line' id='line_1_3' title="bbox 178 262 1590 321; baseline -0.001 -13"><span class='ocrx_word' id='word_1_11' title='bbox 178 266 330 308; x_wconf 78' lang='lat' dir='ltr'>ctionis</span> <span class='ocrx_word' id='word_1_12' title='bbox 365 264 477 307; x_wconf 75' lang='lat' dir='ltr'>addit</span> <span class='ocrx_word' id='word_1_13' title='bbox 510 265 691 321; x_wconf 81' lang='lat' dir='ltr'><strong>simplici</strong></span> <span class='ocrx_word' id='word_1_14' title='bbox 726 264 1038 320; x_wconf 77' lang='lat' dir='ltr'>intelligentiae.</span> <span class='ocrx_word' id='word_1_15' title='bbox 1073 264 1194 307; x_wconf 84' lang='lat' dir='ltr'>Sicut</span> <span class='ocrx_word' id='word_1_16' title='bbox 1242 263 1358 305; x_wconf 87' lang='lat' dir='ltr'>enim</span> <span class='ocrx_word' id='word_1_17' title='bbox 1409 262 1590 319; x_wconf 85' lang='lat' dir='ltr'>simplex</span> 
     </span>
     <span class='ocr_line' id='line_1_4' title="bbox 175 333 1589 393; baseline -0.001 -15"><span class='ocrx_word' id='word_1_18' title='bbox 175 336 450 392; x_wconf 76' lang='lat' dir='ltr'>intelligentia</span> <span class='ocrx_word' id='word_1_19' title='bbox 479 335 750 393; x_wconf 82' lang='lat' dir='ltr'>possibilium</span> <span class='ocrx_word' id='word_1_20' title='bbox 784 334 829 377; x_wconf 80' lang='lat' dir='ltr'>fit</span> <span class='ocrx_word' id='word_1_21' title='bbox 863 336 970 378; x_wconf 82' lang='lat' dir='ltr'>visio</span> <span class='ocrx_word' id='word_1_22' title='bbox 1019 335 1314 386; x_wconf 78' lang='lat' dir='ltr'>existentium,</span> <span class='ocrx_word' id='word_1_23' title='bbox 1365 333 1448 376; x_wconf 89' lang='lat' dir='ltr'>hoc</span> <span class='ocrx_word' id='word_1_24' title='bbox 1493 334 1589 391; x_wconf 84' lang='lat' dir='ltr'>ipso</span> 
     </span>
     <span class='ocr_line' id='line_1_5' title="bbox 177 403 1593 465; baseline -0.001 -15"><span class='ocrx_word' id='word_1_25' title='bbox 177 405 294 465; x_wconf 86' lang='lat' dir='ltr'>quod</span> <span class='ocrx_word' id='word_1_26' title='bbox 328 422 392 450; x_wconf 87' lang='lat' dir='ltr'>res</span> <span class='ocrx_word' id='word_1_27' title='bbox 427 408 625 463; x_wconf 77' lang='lat' dir='ltr'>existunt,</span> <span class='ocrx_word' id='word_1_28' title='bbox 649 406 806 464; x_wconf 85' lang='lat' dir='ltr'>absque</span> <span class='ocrx_word' id='word_1_29' title='bbox 840 405 922 448; x_wconf 88' lang='lat' dir='ltr'>ulla</span> <span class='ocrx_word' id='word_1_30' title='bbox 954 405 1227 464; x_wconf 88' lang='lat' dir='ltr'>perfectionis</span> <span class='ocrx_word' id='word_1_31' title='bbox 1262 405 1507 447; x_wconf 82' lang='lat' dir='ltr'>accessione</span> <span class='ocrx_word' id='word_1_32' title='bbox 1542 403 1593 448; x_wconf 88' lang='lat' dir='ltr'>ad</span> 
     </span>
     <span class='ocr_line' id='line_1_6' title="bbox 176 475 1590 535; baseline -0.001 -15"><span class='ocrx_word' id='word_1_33' title='bbox 176 479 470 535; x_wconf 79' lang='lat' dir='ltr'>cognitionem</span> <span class='ocrx_word' id='word_1_34' title='bbox 506 477 705 529; x_wconf 84' lang='lat' dir='ltr'>divinam;</span> <span class='ocrx_word' id='word_1_35' title='bbox 740 478 795 519; x_wconf 81' lang='lat' dir='ltr'>ita</span> <span class='ocrx_word' id='word_1_36' title='bbox 827 476 1046 533; x_wconf 77' lang='lat' dir='ltr'>gaudium,</span> <span class='ocrx_word' id='word_1_37' title='bbox 1090 491 1176 533; x_wconf 91' lang='lat' dir='ltr'>quo</span> <span class='ocrx_word' id='word_1_38' title='bbox 1210 475 1300 532; x_wconf 89' lang='lat' dir='ltr'>ipse</span> <span class='ocrx_word' id='word_1_39' title='bbox 1334 475 1382 518; x_wconf 87' lang='lat' dir='ltr'>ab</span> <span class='ocrx_word' id='word_1_40' title='bbox 1416 487 1590 518; x_wconf 88' lang='lat' dir='ltr'>aeterno</span> 
     </span>
     <span class='ocr_line' id='line_1_7' title="bbox 175 548 1594 605; baseline -0.001 -14"><span class='ocrx_word' id='word_1_41' title='bbox 175 548 332 605; x_wconf 76' lang='lat' dir='ltr'>gaudet</span> <span class='ocrx_word' id='word_1_42' title='bbox 367 549 416 592; x_wconf 86' lang='lat' dir='ltr'>de</span> <span class='ocrx_word' id='word_1_43' title='bbox 450 550 608 605; x_wconf 85' lang='lat' dir='ltr'>seipso,</span> <span class='ocrx_word' id='word_1_44' title='bbox 640 564 799 605; x_wconf 85' lang='lat' dir='ltr'>suaque</span> <span class='ocrx_word' id='word_1_45' title='bbox 832 548 1146 605; x_wconf 85' lang='lat' dir='ltr'>omnipotentia</span> <span class='ocrx_word' id='word_1_46' title='bbox 1194 559 1235 590; x_wconf 88' lang='lat' dir='ltr'>et</span> <span class='ocrx_word' id='word_1_47' title='bbox 1284 548 1520 604; x_wconf 81' lang='lat' dir='ltr'>sapientia,</span> <span class='ocrx_word' id='word_1_48' title='bbox 1553 559 1594 590; x_wconf 90' lang='lat' dir='ltr'>et</span> 
     </span>
     <span class='ocr_line' id='line_1_8' title="bbox 165 616 1589 676; baseline -0.002 -13"><span class='ocrx_word' id='word_1_49' title='bbox 165 619 226 664; x_wconf 81' lang='lat' dir='ltr'>-de</span> <span class='ocrx_word' id='word_1_50' title='bbox 260 619 458 662; x_wconf 84' lang='lat' dir='ltr'>omnibus</span> <span class='ocrx_word' id='word_1_51' title='bbox 492 619 613 662; x_wconf 87' lang='lat' dir='ltr'>rebus</span> <span class='ocrx_word' id='word_1_52' title='bbox 648 617 935 676; x_wconf 86' lang='lat' dir='ltr'>possibilibus,</span> <span class='ocrx_word' id='word_1_53' title='bbox 971 633 1074 676; x_wconf 86' lang='lat' dir='ltr'>quas</span> <span class='ocrx_word' id='word_1_54' title='bbox 1108 617 1221 662; x_wconf 84' lang='lat' dir='ltr'>videt</span> <span class='ocrx_word' id='word_1_55' title='bbox 1254 619 1297 661; x_wconf 88' lang='lat' dir='ltr'>in</span> <span class='ocrx_word' id='word_1_56' title='bbox 1331 616 1398 662; x_wconf 89' lang='lat' dir='ltr'>illa</span> <span class='ocrx_word' id='word_1_57' title='bbox 1444 619 1589 661; x_wconf 88' lang='lat' dir='ltr'>conti-</span> 
     </span>
     <span class='ocr_line' id='line_1_9' title="bbox 170 688 1589 748; baseline -0.001 -15"><span class='ocrx_word' id='word_1_58' title='bbox 170 692 285 748; x_wconf 79' lang='lat' dir='ltr'>neri,</span> <span class='ocrx_word' id='word_1_59' title='bbox 308 691 548 734; x_wconf 81' lang='lat' dir='ltr'>extenditur</span> <span class='ocrx_word' id='word_1_60' title='bbox 580 690 628 733; x_wconf 83' lang='lat' dir='ltr'>ad</span> <span class='ocrx_word' id='word_1_61' title='bbox 653 706 718 733; x_wconf 87' lang='lat' dir='ltr'>res</span> <span class='ocrx_word' id='word_1_62' title='bbox 742 702 897 734; x_wconf 76' lang='lat' dir='ltr'>creatas</span> <span class='ocrx_word' id='word_1_63' title='bbox 930 702 970 732; x_wconf 87' lang='lat' dir='ltr'>et</span> <span class='ocrx_word' id='word_1_64' title='bbox 1002 688 1113 732; x_wconf 87' lang='lat' dir='ltr'>bona</span> <span class='ocrx_word' id='word_1_65' title='bbox 1144 704 1286 746; x_wconf 83' lang='lat' dir='ltr'>opera,</span> <span class='ocrx_word' id='word_1_66' title='bbox 1318 704 1426 746; x_wconf 83' lang='lat' dir='ltr'>quae</span> <span class='ocrx_word' id='word_1_67' title='bbox 1449 689 1589 746; x_wconf 82' lang='lat' dir='ltr'>reipsa</span> 
     </span>
     <span class='ocr_line' id='line_1_10' title="bbox 179 759 1588 820; baseline -0.001 -15"><span class='ocrx_word' id='word_1_68' title='bbox 179 765 220 807; x_wconf 85' lang='lat' dir='ltr'>in</span> <span class='ocrx_word' id='word_1_69' title='bbox 253 776 445 820; x_wconf 84' lang='lat' dir='ltr'>tempore</span> <span class='ocrx_word' id='word_1_70' title='bbox 477 762 601 814; x_wconf 85' lang='lat' dir='ltr'>fiunt,</span> <span class='ocrx_word' id='word_1_71' title='bbox 636 763 690 805; x_wconf 80' lang='lat' dir='ltr'>ita</span> <span class='ocrx_word' id='word_1_72' title='bbox 722 774 769 804; x_wconf 91' lang='lat' dir='ltr'>ut</span> <span class='ocrx_word' id='word_1_73' title='bbox 801 761 964 805; x_wconf 88' lang='lat' dir='ltr'>dicatur</span> <span class='ocrx_word' id='word_1_74' title='bbox 997 761 1047 804; x_wconf 90' lang='lat' dir='ltr'>de</span> <span class='ocrx_word' id='word_1_75' title='bbox 1080 761 1159 804; x_wconf 85' lang='lat' dir='ltr'>illis</span> <span class='ocrx_word' id='word_1_76' title='bbox 1195 760 1381 818; x_wconf 84' lang='lat' dir='ltr'>gaudere</span> <span class='ocrx_word' id='word_1_77' title='bbox 1430 759 1588 818; x_wconf 86' lang='lat' dir='ltr'>absque</span> 
     </span>
     <span class='ocr_line' id='line_1_11' title="bbox 180 832 1131 889; baseline -0.002 -12"><span class='ocrx_word' id='word_1_78' title='bbox 180 834 263 877; x_wconf 87' lang='lat' dir='ltr'>ulla</span> <span class='ocrx_word' id='word_1_79' title='bbox 294 835 533 877; x_wconf 72' lang='lat' dir='ltr'>accessione</span> <span class='ocrx_word' id='word_1_80' title='bbox 567 833 741 876; x_wconf 87' lang='lat' dir='ltr'>alicuius</span> <span class='ocrx_word' id='word_1_81' title='bbox 778 832 1054 889; x_wconf 84' lang='lat' dir='ltr'>perfectionis</span> <span class='ocrx_word' id='word_1_82' title='bbox 1089 850 1131 875; x_wconf 85' lang='lat'>».</span> 
     </span>
    </p>
   </div>
   <div class='ocr_carea' id='block_1_3' title="bbox 743 964 1023 1008">
    <p class='ocr_par' dir='ltr' id='par_1_3' title="bbox 743 964 1023 1008">
     <span class='ocr_line' id='line_1_12' title="bbox 743 964 1023 1008; baseline -0.004 -1"><span class='ocrx_word' id='word_1_83' title='bbox 743 964 910 1007; x_wconf 73' lang='lat' dir='ltr'>Tnsssrs</span> <span class='ocrx_word' id='word_1_84' title='bbox 945 964 1023 1008; x_wconf 89' lang='lat' dir='ltr'>IV.</span> 
     </span>
    </p>
   </div>
   <div class='ocr_carea' id='block_1_4' title="bbox 170 1056 1596 1333">
    <p class='ocr_par' dir='ltr' id='par_1_4' title="bbox 170 1056 1596 1333">
     <span class='ocr_line' id='line_1_13' title="bbox 170 1056 1596 1117; baseline -0.005 -11"><span class='ocrx_word' id='word_1_85' title='bbox 170 1062 242 1106; x_wconf 71' lang='lat' dir='ltr'>,Ex</span> <span class='ocrx_word' id='word_1_86' title='bbox 273 1061 387 1104; x_wconf 78' lang='lat' dir='ltr'>dictis</span> <span class='ocrx_word' id='word_1_87' title='bbox 419 1061 674 1117; x_wconf 77' lang='lat' dir='ltr'>consequitur</span> <span class='ocrx_word' id='word_1_88' title='bbox 707 1068 863 1101; x_wconf 69' lang='lat' dir='ltr'>tantum</span> <span class='ocrx_word' id='word_1_89' title='bbox 895 1058 1039 1110; x_wconf 77' lang='lat' dir='ltr'>abesse,</span> <span class='ocrx_word' id='word_1_90' title='bbox 1075 1067 1120 1100; x_wconf 78' lang='lat' dir='ltr'>ut</span> <span class='ocrx_word' id='word_1_91' title='bbox 1151 1066 1341 1101; x_wconf 72' lang='lat' dir='ltr'>creatura</span> <span class='ocrx_word' id='word_1_92' title='bbox 1374 1056 1460 1099; x_wconf 81' lang='lat' dir='ltr'>ulla</span> <span class='ocrx_word' id='word_1_93' title='bbox 1482 1057 1596 1100; x_wconf 82' lang='lat' dir='ltr'>irra-</span> 
     </span>
     <span class='ocr_line' id='line_1_14' title="bbox 297 1129 1593 1189; baseline -0.004 -14"><span class='ocrx_word' id='word_1_94' title='bbox 297 1132 460 1175; x_wconf 76' lang='lat' dir='ltr'>tionalis</span> <span class='ocrx_word' id='word_1_95' title='bbox 496 1133 545 1175; x_wconf 71' lang='lat' dir='ltr'>sit</span> <span class='ocrx_word' id='word_1_96' title='bbox 567 1131 684 1189; x_wconf 76' lang='lat' dir='ltr'>finis,</span> <span class='ocrx_word' id='word_1_97' title='bbox 721 1131 786 1174; x_wconf 74' lang='lat' dir='ltr'>cni</span> <span class='ocrx_word' id='word_1_98' title='bbox 828 1131 941 1173; x_wconf 81' lang='lat' dir='ltr'>homo</span> <span class='ocrx_word' id='word_1_99' title='bbox 990 1129 1220 1181; x_wconf 77' lang='lat' dir='ltr'>ordinatur,</span> <span class='ocrx_word' id='word_1_100' title='bbox 1258 1137 1299 1170; x_wconf 81' lang='lat' dir='ltr'>ut</span> <span class='ocrx_word' id='word_1_101' title='bbox 1332 1145 1348 1171; x_wconf 77' lang='lat' dir='ltr'>c</span> <span class='ocrx_word' id='word_1_102' title='bbox 1391 1130 1593 1171; x_wconf 81' lang='lat' dir='ltr'>contrario</span> 
     </span>
     <span class='ocr_line' id='line_1_15' title="bbox 295 1202 1596 1261; baseline -0.003 -15"><span class='ocrx_word' id='word_1_103' title='bbox 295 1205 408 1247; x_wconf 75' lang='lat' dir='ltr'>Immo</span> <span class='ocrx_word' id='word_1_104' title='bbox 440 1205 491 1246; x_wconf 84' lang='lat' dir='ltr'>sit</span> <span class='ocrx_word' id='word_1_105' title='bbox 516 1203 632 1261; x_wconf 79' lang='lat' dir='ltr'>finis,</span> <span class='ocrx_word' id='word_1_106' title='bbox 667 1204 730 1246; x_wconf 73' lang='lat' dir='ltr'>cni</span> <span class='ocrx_word' id='word_1_107' title='bbox 765 1203 1040 1254; x_wconf 78' lang='lat' dir='ltr'>irrationales,</span> <span class='ocrx_word' id='word_1_108' title='bbox 1075 1215 1175 1259; x_wconf 71' lang='lat' dir='ltr'>qnae</span> <span class='ocrx_word' id='word_1_109' title='bbox 1211 1216 1281 1244; x_wconf 79' lang='lat' dir='ltr'>nos</span> <span class='ocrx_word' id='word_1_110' title='bbox 1314 1202 1596 1252; x_wconf 79' lang='lat' dir='ltr'>circumstant,</span> 
     </span>
     <span class='ocr_line' id='line_1_16' title="bbox 300 1272 1338 1333; baseline -0.003 -14"><span class='ocrx_word' id='word_1_111' title='bbox 300 1285 520 1332; x_wconf 71' lang='lat' dir='ltr'>creaturae,</span> <span class='ocrx_word' id='word_1_112' title='bbox 546 1276 728 1333; x_wconf 67' lang='lat' dir='ltr'>proxime</span> <span class='ocrx_word' id='word_1_113' title='bbox 761 1283 796 1317; x_wconf 78' lang='lat' dir='ltr'>et</span> <span class='ocrx_word' id='word_1_114' title='bbox 830 1272 1057 1316; x_wconf 67' lang='lat' dir='ltr'>immed-iate</span> <span class='ocrx_word' id='word_1_115' title='bbox 1088 1272 1338 1330; x_wconf 75' lang='lat' dir='ltr'>diriguntur.</span> 
     </span>
    </p>
   </div>
   <div class='ocr_carea' id='block_1_5' title="bbox 175 1400 1605 2313">
    <p class='ocr_par' dir='ltr' id='par_1_5' title="bbox 176 1400 1598 1876">
     <span class='ocr_line' id='line_1_17' title="bbox 304 1400 1594 1460; baseline -0.003 -11"><span class='ocrx_word' id='word_1_116' title='bbox 304 1421 368 1451; x_wconf 84' lang='lat'>12.</span> <span class='ocrx_word' id='word_1_117' title='bbox 403 1407 786 1450; x_wconf 77' lang='lat' dir='ltr'>DEMONSTRATIO.</span> <span class='ocrx_word' id='word_1_118' title='bbox 812 1403 920 1447; x_wconf 89' lang='lat' dir='ltr'>Illud</span> <span class='ocrx_word' id='word_1_119' title='bbox 954 1416 1081 1448; x_wconf 77' lang='lat' dir='ltr'>restat</span> <span class='ocrx_word' id='word_1_120' title='bbox 1114 1400 1434 1460; x_wconf 84' lang='lat' dir='ltr'>inquirendum,</span> <span class='ocrx_word' id='word_1_121' title='bbox 1469 1416 1520 1444; x_wconf 81' lang='lat' dir='ltr'>an</span> <span class='ocrx_word' id='word_1_122' title='bbox 1553 1413 1594 1445; x_wconf 89' lang='lat' dir='ltr'>et</span> 
     </span>
     <span class='ocr_line' id='line_1_18' title="bbox 176 1472 1597 1536; baseline -0.005 -14"><span class='ocrx_word' id='word_1_123' title='bbox 176 1479 409 1536; x_wconf 70' lang='lat' dir='ltr'>rquomodo</span> <span class='ocrx_word' id='word_1_124' title='bbox 443 1478 493 1521; x_wconf 85' lang='lat' dir='ltr'>ad</span> <span class='ocrx_word' id='word_1_125' title='bbox 527 1478 751 1521; x_wconf 89' lang='lat' dir='ltr'>hominem</span> <span class='ocrx_word' id='word_1_126' title='bbox 785 1476 1019 1520; x_wconf 84' lang='lat' dir='ltr'>referantur</span> <span class='ocrx_word' id='word_1_127' title='bbox 1054 1475 1253 1532; x_wconf 86' lang='lat' dir='ltr'>reliquae,</span> <span class='ocrx_word' id='word_1_128' title='bbox 1290 1489 1396 1531; x_wconf 85' lang='lat' dir='ltr'>quae</span> <span class='ocrx_word' id='word_1_129' title='bbox 1445 1472 1597 1516; x_wconf 88' lang='lat' dir='ltr'>mundi</span> 
     </span>
     <span class='ocr_line' id='line_1_19' title="bbox 182 1542 1592 1606; baseline -0.005 -13"><span class='ocrx_word' id='word_1_130' title='bbox 182 1549 341 1593; x_wconf 81' lang='lat' dir='ltr'>ambitu</span> <span class='ocrx_word' id='word_1_131' title='bbox 376 1550 663 1606; x_wconf 86' lang='lat' dir='ltr'>continentur,</span> <span class='ocrx_word' id='word_1_132' title='bbox 697 1561 922 1591; x_wconf 78' lang='lat' dir='ltr'>creaturae.</span> <span class='ocrx_word' id='word_1_133' title='bbox 973 1549 1124 1605; x_wconf 85' lang='lat' dir='ltr'>Neque</span> <span class='ocrx_word' id='word_1_134' title='bbox 1157 1546 1273 1589; x_wconf 86' lang='lat' dir='ltr'>enim</span> <span class='ocrx_word' id='word_1_135' title='bbox 1307 1545 1502 1602; x_wconf 83' lang='lat' dir='ltr'>quaestio</span> <span class='ocrx_word' id='word_1_136' title='bbox 1541 1542 1592 1587; x_wconf 89' lang='lat' dir='ltr'>de</span> 
     </span>
     <span class='ocr_line' id='line_1_20' title="bbox 179 1618 1597 1678; baseline -0.006 -13"><span class='ocrx_word' id='word_1_137' title='bbox 179 1621 268 1665; x_wconf 82' lang='lat' dir='ltr'>fine</span> <span class='ocrx_word' id='word_1_138' title='bbox 301 1620 491 1664; x_wconf 88' lang='lat' dir='ltr'>hominis</span> <span class='ocrx_word' id='word_1_139' title='bbox 524 1637 545 1664; x_wconf 83' lang='lat' dir='ltr'>a</span> <span class='ocrx_word' id='word_1_140' title='bbox 578 1621 828 1678; x_wconf 80' lang='lat' dir='ltr'>quaestione</span> <span class='ocrx_word' id='word_1_141' title='bbox 861 1619 912 1662; x_wconf 84' lang='lat' dir='ltr'>de</span> <span class='ocrx_word' id='word_1_142' title='bbox 943 1618 1026 1662; x_wconf 90' lang='lat' dir='ltr'>fine</span> <span class='ocrx_word' id='word_1_143' title='bbox 1059 1618 1234 1661; x_wconf 87' lang='lat' dir='ltr'>aliarum</span> <span class='ocrx_word' id='word_1_144' title='bbox 1269 1631 1412 1659; x_wconf 86' lang='lat' dir='ltr'>rerum</span> <span class='ocrx_word' id='word_1_145' title='bbox 1455 1625 1597 1672; x_wconf 87' lang='lat' dir='ltr'>potest</span> 
     </span>
     <span class='ocr_line' id='line_1_21' title="bbox 176 1685 1598 1748; baseline -0.006 -13"><span class='ocrx_word' id='word_1_146' title='bbox 176 1692 364 1748; x_wconf 85' lang='lat' dir='ltr'>seiungi.</span> <span class='ocrx_word' id='word_1_147' title='bbox 398 1692 562 1734; x_wconf 89' lang='lat' dir='ltr'>Verum</span> <span class='ocrx_word' id='word_1_148' title='bbox 595 1691 819 1748; x_wconf 86' lang='lat' dir='ltr'>responsio</span> <span class='ocrx_word' id='word_1_149' title='bbox 853 1689 951 1733; x_wconf 90' lang='lat' dir='ltr'>huic</span> <span class='ocrx_word' id='word_1_150' title='bbox 984 1688 1223 1747; x_wconf 87' lang='lat' dir='ltr'>quaestioni</span> <span class='ocrx_word' id='word_1_151' title='bbox 1258 1687 1341 1729; x_wconf 88' lang='lat' dir='ltr'>iam</span> <span class='ocrx_word' id='word_1_152' title='bbox 1365 1697 1427 1730; x_wconf 88' lang='lat' dir='ltr'>est</span> <span class='ocrx_word' id='word_1_153' title='bbox 1461 1685 1598 1728; x_wconf 89' lang='lat' dir='ltr'>mani-</span> 
     </span>
     <span class='ocr_line' id='line_1_22' title="bbox 188 1755 1596 1820; baseline -0.005 -15"><span class='ocrx_word' id='word_1_154' title='bbox 188 1762 291 1805; x_wconf 83' lang='lat' dir='ltr'>festa</span> <span class='ocrx_word' id='word_1_155' title='bbox 323 1778 372 1805; x_wconf 81' lang='lat' dir='ltr'>ex</span> <span class='ocrx_word' id='word_1_156' title='bbox 403 1761 677 1820; x_wconf 83' lang='lat' dir='ltr'>praecedente</span> <span class='ocrx_word' id='word_1_157' title='bbox 710 1760 838 1814; x_wconf 85' lang='lat' dir='ltr'>thesi,</span> <span class='ocrx_word' id='word_1_158' title='bbox 873 1760 992 1803; x_wconf 89' lang='lat' dir='ltr'>cuius</span> <span class='ocrx_word' id='word_1_159' title='bbox 1027 1771 1171 1817; x_wconf 82' lang='lat' dir='ltr'>quarta</span> <span class='ocrx_word' id='word_1_160' title='bbox 1203 1757 1304 1800; x_wconf 85' lang='lat' dir='ltr'>haec</span> <span class='ocrx_word' id='word_1_161' title='bbox 1353 1755 1596 1814; x_wconf 90' lang='lat' dir='ltr'>propositio</span> 
     </span>
     <span class='ocr_line' id='line_1_23' title="bbox 182 1829 1594 1876; baseline -0.005 0"><span class='ocrx_word' id='word_1_162' title='bbox 182 1848 277 1876; x_wconf 41' lang='lat' dir='ltr'>‘non</span> <span class='ocrx_word' id='word_1_163' title='bbox 300 1846 362 1876; x_wconf 89' lang='lat' dir='ltr'>est</span> <span class='ocrx_word' id='word_1_164' title='bbox 383 1834 465 1876; x_wconf 89' lang='lat' dir='ltr'>nisi</span> <span class='ocrx_word' id='word_1_165' title='bbox 489 1832 661 1876; x_wconf 85' lang='lat' dir='ltr'>evidens</span> <span class='ocrx_word' id='word_1_166' title='bbox 685 1831 972 1875; x_wconf 83' lang='lat' dir='ltr'>corollarium.</span> <span class='ocrx_word' id='word_1_167' title='bbox 991 1831 1127 1873; x_wconf 81' lang='lat' dir='ltr'>Pauca</span> <span class='ocrx_word' id='word_1_168' title='bbox 1149 1829 1330 1873; x_wconf 87' lang='lat' dir='ltr'>breviter</span> <span class='ocrx_word' id='word_1_169' title='bbox 1348 1829 1594 1871; x_wconf 90' lang='lat' dir='ltr'>innuemus.</span> 
     </span>
    </p>

    <p class='ocr_par' dir='ltr' id='par_1_6' title="bbox 175 1898 1605 2313">
     <span class='ocr_line' id='line_1_24' title="bbox 307 1898 1600 1961; baseline -0.006 -14"><span class='ocrx_word' id='word_1_170' title='bbox 307 1906 405 1948; x_wconf 90' lang='lat' dir='ltr'>Duo</span> <span class='ocrx_word' id='word_1_171' title='bbox 439 1904 542 1947; x_wconf 86' lang='lat' dir='ltr'>haec</span> <span class='ocrx_word' id='word_1_172' title='bbox 574 1905 616 1946; x_wconf 90' lang='lat' dir='ltr'>in</span> <span class='ocrx_word' id='word_1_173' title='bbox 641 1903 915 1961; x_wconf 82' lang='lat' dir='ltr'>praecedente</span> <span class='ocrx_word' id='word_1_174' title='bbox 947 1901 1057 1945; x_wconf 86' lang='lat' dir='ltr'>thesi</span> <span class='ocrx_word' id='word_1_175' title='bbox 1091 1900 1493 1945; x_wconf 86' lang='lat' dir='ltr'>demonstravimus:</span> <span class='ocrx_word' id='word_1_176' title='bbox 1518 1898 1600 1940; x_wconf 93' lang='lat' dir='ltr'>ho-</span> 
     </span>
     <span class='ocr_line' id='line_1_25' title="bbox 182 1970 1595 2031; baseline -0.005 -13"><span class='ocrx_word' id='word_1_177' title='bbox 182 1976 349 2018; x_wconf 80' lang='lat' dir='ltr'>minem</span> <span class='ocrx_word' id='word_1_178' title='bbox 383 1975 568 2018; x_wconf 80' lang='lat' dir='ltr'>ordinari</span> <span class='ocrx_word' id='word_1_179' title='bbox 602 1974 651 2018; x_wconf 83' lang='lat' dir='ltr'>ad</span> <span class='ocrx_word' id='word_1_180' title='bbox 686 1972 1037 2031; x_wconf 86' lang='lat' dir='ltr'>cognoscendum</span> <span class='ocrx_word' id='word_1_181' title='bbox 1070 1984 1110 2016; x_wconf 86' lang='lat' dir='ltr'>et</span> <span class='ocrx_word' id='word_1_182' title='bbox 1144 1970 1374 2015; x_wconf 81' lang='lat' dir='ltr'>amandum</span> <span class='ocrx_word' id='word_1_183' title='bbox 1422 1971 1595 2012; x_wconf 85' lang='lat' dir='ltr'>Deum:</span> 
     </span>
     <span class='ocr_line' id='line_1_26' title="bbox 184 2039 1604 2090; baseline -0.003 -2"><span class='ocrx_word' id='word_1_184' title='bbox 184 2060 415 2090; x_wconf 79' lang='lat' dir='ltr'>creaturam</span> <span class='ocrx_word' id='word_1_185' title='bbox 449 2062 550 2090; x_wconf 82' lang='lat' dir='ltr'>vero</span> <span class='ocrx_word' id='word_1_186' title='bbox 585 2046 869 2089; x_wconf 83' lang='lat' dir='ltr'>irrationalem</span> <span class='ocrx_word' id='word_1_187' title='bbox 904 2044 1053 2088; x_wconf 89' lang='lat' dir='ltr'>ultime</span> <span class='ocrx_word' id='word_1_188' title='bbox 1098 2044 1286 2087; x_wconf 82' lang='lat' dir='ltr'>ordinari</span> <span class='ocrx_word' id='word_1_189' title='bbox 1321 2041 1372 2085; x_wconf 86' lang='lat' dir='ltr'>ad</span> <span class='ocrx_word' id='word_1_190' title='bbox 1421 2039 1604 2084; x_wconf 86' lang='lat' dir='ltr'>manife-</span> 
     </span>
     <span class='ocr_line' id='line_1_27' title="bbox 175 2111 1602 2174; baseline -0.004 -14"><span class='ocrx_word' id='word_1_191' title='bbox 175 2117 351 2161; x_wconf 77' lang='lat' dir='ltr'>standas</span> <span class='ocrx_word' id='word_1_192' title='bbox 385 2117 550 2160; x_wconf 87' lang='lat' dir='ltr'>homini</span> <span class='ocrx_word' id='word_1_193' title='bbox 585 2117 746 2161; x_wconf 86' lang='lat' dir='ltr'>divinas</span> <span class='ocrx_word' id='word_1_194' title='bbox 781 2115 1083 2174; x_wconf 86' lang='lat' dir='ltr'>perfectiones,</span> <span class='ocrx_word' id='word_1_195' title='bbox 1109 2130 1296 2172; x_wconf 89' lang='lat' dir='ltr'>eumque</span> <span class='ocrx_word' id='word_1_196' title='bbox 1329 2111 1602 2157; x_wconf 81' lang='lat' dir='ltr'>excitandum</span> 
     </span>
     <span class='ocr_line' id='line_1_28' title="bbox 185 2183 1605 2245; baseline -0.004 -13"><span class='ocrx_word' id='word_1_197' title='bbox 185 2188 235 2232; x_wconf 86' lang='lat' dir='ltr'>ad</span> <span class='ocrx_word' id='word_1_198' title='bbox 269 2189 563 2245; x_wconf 82' lang='lat' dir='ltr'>cognitionem</span> <span class='ocrx_word' id='word_1_199' title='bbox 597 2200 636 2232; x_wconf 90' lang='lat' dir='ltr'>et</span> <span class='ocrx_word' id='word_1_200' title='bbox 669 2203 861 2231; x_wconf 86' lang='lat' dir='ltr'>amorem</span> <span class='ocrx_word' id='word_1_201' title='bbox 905 2188 1000 2231; x_wconf 89' lang='lat' dir='ltr'>Dei.</span> <span class='ocrx_word' id='word_1_202' title='bbox 1035 2188 1149 2244; x_wconf 83' lang='lat' dir='ltr'>Ergo</span> <span class='ocrx_word' id='word_1_203' title='bbox 1200 2186 1335 2229; x_wconf 88' lang='lat' dir='ltr'>homo</span> <span class='ocrx_word' id='word_1_204' title='bbox 1385 2183 1605 2228; x_wconf 87' lang='lat' dir='ltr'>ordinatur</span> 
     </span>
     <span class='ocr_line' id='line_1_29' title="bbox 187 2254 1599 2313; baseline -0.005 -9"><span class='ocrx_word' id='word_1_205' title='bbox 187 2259 245 2304; x_wconf 82' lang='lat' dir='ltr'>ad</span> <span class='ocrx_word' id='word_1_206' title='bbox 279 2261 423 2304; x_wconf 89' lang='lat' dir='ltr'>Deum</span> <span class='ocrx_word' id='word_1_207' title='bbox 470 2260 712 2313; x_wconf 70' lang='lat' dir='ltr'>immediafc,</span> <span class='ocrx_word' id='word_1_208' title='bbox 746 2272 933 2302; x_wconf 84' lang='lat' dir='ltr'>creatura</span> <span class='ocrx_word' id='word_1_209' title='bbox 978 2274 1080 2301; x_wconf 84' lang='lat' dir='ltr'>vero</span> <span class='ocrx_word' id='word_1_210' title='bbox 1130 2255 1384 2300; x_wconf 82' lang='lat' dir='ltr'>irrationalis</span> <span class='ocrx_word' id='word_1_211' title='bbox 1429 2254 1599 2298; x_wconf 70' lang='lat' dir='ltr'>mediate</span> 
     </span>
    </p>
   </div>
   <div class='ocr_carea' id='block_1_6' title="bbox 186 2393 432 2399">
    <p class='ocr_par' dir='ltr' id='par_1_7' title="bbox 186 2393 432 2399">
     <span class='ocr_line' id='line_1_30' title="bbox 186 2393 432 2399; baseline 0 0"><span class='ocrx_word' id='word_1_212' title='bbox 186 2393 432 2399; x_wconf 95' lang='lat' dir='ltr'> </span> 
     </span>
    </p>
   </div>
   <div class='ocr_carea' id='block_1_7' title="bbox 182 2449 1605 2620">
    <p class='ocr_par' dir='ltr' id='par_1_8' title="bbox 182 2449 1605 2620">
     <span class='ocr_line' id='line_1_31' title="bbox 190 2449 1600 2502; baseline -0.005 -12"><span class='ocrx_word' id='word_1_213' title='bbox 190 2464 335 2502; x_wconf 84' lang='lat' dir='ltr'>propter</span> <span class='ocrx_word' id='word_1_214' title='bbox 371 2456 452 2497; x_wconf 90' lang='lat' dir='ltr'>hoc,</span> <span class='ocrx_word' id='word_1_215' title='bbox 479 2455 575 2501; x_wconf 89' lang='lat' dir='ltr'>quod</span> <span class='ocrx_word' id='word_1_216' title='bbox 612 2455 648 2488; x_wconf 84' lang='lat' dir='ltr'>in</span> <span class='ocrx_word' id='word_1_217' title='bbox 675 2465 718 2489; x_wconf 90' lang='lat' dir='ltr'>eo</span> <span class='ocrx_word' id='word_1_218' title='bbox 746 2453 791 2488; x_wconf 86' lang='lat' dir='ltr'>sit</span> <span class='ocrx_word' id='word_1_219' title='bbox 829 2454 1031 2488; x_wconf 78' lang='lat' dir='ltr'>commotio</span> <span class='ocrx_word' id='word_1_220' title='bbox 1058 2453 1140 2494; x_wconf 87' lang='lat' dir='ltr'>irae,</span> <span class='ocrx_word' id='word_1_221' title='bbox 1169 2451 1230 2486; x_wconf 90' lang='lat' dir='ltr'>sed</span> <span class='ocrx_word' id='word_1_222' title='bbox 1258 2450 1339 2497; x_wconf 85' lang='lat' dir='ltr'>quia</span> <span class='ocrx_word' id='word_1_223' title='bbox 1366 2450 1409 2485; x_wconf 86' lang='lat' dir='ltr'>ad</span> <span class='ocrx_word' id='word_1_224' title='bbox 1448 2449 1600 2484; x_wconf 87' lang='lat' dir='ltr'>modum</span> 
     </span>
     <span class='ocr_line' id='line_1_32' title="bbox 182 2510 1605 2561; baseline -0.005 -12"><span class='ocrx_word' id='word_1_225' title='bbox 182 2515 264 2549; x_wconf 68' lang='lat' dir='ltr'>&#39;irati</span> <span class='ocrx_word' id='word_1_226' title='bbox 292 2526 328 2549; x_wconf 87' lang='lat' dir='ltr'>se</span> <span class='ocrx_word' id='word_1_227' title='bbox 353 2514 460 2550; x_wconf 86' lang='lat' dir='ltr'>habet</span> <span class='ocrx_word' id='word_1_228' title='bbox 487 2523 658 2561; x_wconf 84' lang='lat' dir='ltr'>quantum</span> <span class='ocrx_word' id='word_1_229' title='bbox 678 2512 720 2547; x_wconf 88' lang='lat' dir='ltr'>ad</span> <span class='ocrx_word' id='word_1_230' title='bbox 740 2512 938 2558; x_wconf 80' lang='lat' dir='ltr'>punitionis</span> <span class='ocrx_word' id='word_1_231' title='bbox 957 2510 1136 2546; x_wconf 80' lang='lat' dir='ltr'>effectum.</span> <span class='ocrx_word' id='word_1_232' title='bbox 1154 2526 1169 2543; x_wconf 89' lang='lat'>»</span> <span class='ocrx_word' id='word_1_233' title='bbox 1193 2512 1244 2546; x_wconf 88' lang='lat' dir='ltr'>Ita</span> <span class='ocrx_word' id='word_1_234' title='bbox 1263 2522 1290 2545; x_wconf 91' lang='lat' dir='ltr'>s.</span> <span class='ocrx_word' id='word_1_235' title='bbox 1308 2511 1484 2552; x_wconf 79' lang='lat' dir='ltr'>Thomas,</span> <span class='ocrx_word' id='word_1_236' title='bbox 1503 2519 1605 2544; x_wconf 88' lang='lat' dir='ltr'>com·</span> 
     </span>
     <span class='ocr_line' id='line_1_33' title="bbox 183 2571 1011 2620; baseline -0.006 -8"><span class='ocrx_word' id='word_1_237' title='bbox 183 2584 299 2612; x_wconf 73' lang='lat' dir='ltr'>ment.</span> <span class='ocrx_word' id='word_1_238' title='bbox 327 2575 363 2608; x_wconf 86' lang='lat' dir='ltr'>in</span> <span class='ocrx_word' id='word_1_239' title='bbox 390 2586 442 2620; x_wconf 89' lang='lat' dir='ltr'>ep.</span> <span class='ocrx_word' id='word_1_240' title='bbox 470 2574 513 2608; x_wconf 85' lang='lat' dir='ltr'>ad</span> <span class='ocrx_word' id='word_1_241' title='bbox 540 2575 644 2609; x_wconf 82' lang='lat' dir='ltr'>Rom.</span> <span class='ocrx_word' id='word_1_242' title='bbox 673 2584 749 2618; x_wconf 83' lang='lat' dir='ltr'>cap.</span> <span class='ocrx_word' id='word_1_243' title='bbox 777 2572 837 2606; x_wconf 79' lang='lat' dir='ltr'>XI.</span> <span class='ocrx_word' id='word_1_244' title='bbox 866 2571 949 2606; x_wconf 85' lang='lat' dir='ltr'>lect.</span> <span class='ocrx_word' id='word_1_245' title='bbox 976 2581 1011 2614; x_wconf 83' lang='lat'>4.</span> 
     </span>
    </p>
   </div>
  </div>
 </body>
</html>
