1734 2784
808 112 1075 142 -120—

237 194 477 237 sibilitateni
514 195 832 238 consecutionis
867 194 986 248 boni,
1021 193 1137 251 quod
1173 192 1434 236 desideratur
1464 193 1652 252 quidem,

235 266 306 308 sed
341 281 426 308 non
460 266 717 324 expectatur,
753 282 838 309 non
875 280 1080 324 speratur.
1121 265 1279 308 Timor
1311 264 1382 322 (1)
1424 277 1485 308 est
1518 268 1648 324 trepi-

235 337 346 380 datio
381 338 508 379 animi
559 337 612 380 ob
647 338 807 380 malum
851 336 981 396 (reale
1029 337 1094 380 vel
1143 336 1465 395 imaginarium)
1509 338 1649 380 immi-

232 423 349 450 nens.
387 409 583 451 Tristitia
631 421 693 451 est
727 408 968 452 amaritudo
1018 408 1082 451 vel
1127 406 1393 465 displicentia
1445 424 1494 451 ex
1538 407 1648 452 malo

236 481 445 535 praesenti
479 479 562 537 (2).

351 552 432 594 Hic
466 564 606 594 autem
642 553 718 594 tria
752 551 801 594 de
837 551 1057 609 praedictis
1097 550 1254 594 actibus
1290 564 1388 594 sunt
1422 551 1648 608 diligenter

237 621 636 680 adnotanda—If)
657 622 862 665 Praedicti
881 635 996 666 actus
1016 636 1277 679 exercentur,
1297 636 1342 665 ut
1362 623 1646 667 consideranti

231 691 347 735 facile
370 693 540 749 patebit,
564 708 649 735 non
680 693 960 736 solummodo
995 695 1102 736 circa
1135 693 1297 737 bonum
1330 692 1451 736 finale
1484 710 1556 737 seu
1595 693 1648 735 fi-

230 779 343 820 nem,
379 767 449 807 sed
475 765 600 806 etiam
626 766 733 807 circa
756 764 918 808 bonum
944 765 1045 808 utile
1069 781 1141 808 seu
1167 765 1331 808 media:
1357 766 1416 808 sic
1435 781 1469 808 e.
1494 781 1532 822 g.
1554 782 1647 822 spe-

229 851 370 877 ramus
406 836 575 893 copiam
611 835 675 878 vel
709 837 912 879 timemus
946 837 1135 894 inopiam
1170 836 1414 880 mediorum
1448 852 1525 894 pro
1549 836 1645 880 finis

228 906 403 949 alicuius
439 906 635 950 nonduin
672 907 799 950 habiti
834 909 1137 951 consecutione
1161 908 1225 951 vel
1250 909 1332 951 iam
1358 908 1520 951 obtenti
1547 924 1646 951 con-

227 979 482 1022 servatione.
517 1004 573 1012 —
609 979 689 1037 2.⁰)
721 982 858 1022 Amor
892 993 931 1023 et
965 979 1115 1022 odium
1159 992 1339 1037 possunt
1388 979 1644 1023 considerari

227 1050 461 1107 dupliciter.
504 1070 523 1091 «
556 1051 710 1103 Primo,
746 1051 871 1094 verba
905 1051 1034 1094 affero
1074 1052 1224 1094 Becani
1248 1050 1333 1109 (3),
1358 1066 1430 1108 per
1463 1050 1644 1094 modum

224 1121 410 1179 simplicis
445 1123 775 1180 coinplacentiae
811 1136 850 1166 et
889 1122 1195 1181 displicentiae,
1231 1135 1271 1166 et
1304 1124 1362 1165 sic
1394 1136 1492 1165 sunt
1530 1134 1644 1165 actus

223 1193 388 1236 realiter
436 1193 621 1236 distincti
671 1211 691 1236 a
748 1193 974 1251 desiderio,
1022 1194 1193 1251 gaudio,
1236 1195 1410 1247 timore,
1462 1194 1643 1237 tristitia.

221 1264 334 1307 Nam
368 1264 471 1307 alter
503 1278 695 1307 versatur
736 1266 845 1308 circa
879 1265 1040 1308 bonum
1074 1265 1282 1322 absolute,
1315 1264 1494 1308 alterum
1538 1265 1644 1308 circa

223 1335 381 1377 malum
417 1335 622 1393 absolute,
657 1336 941 1380 abstrahendo
975 1352 995 1378 a
1030 1337 1265 1394 praesentia
1290 1349 1329 1379 et
1354 1336 1551 1380 absentia.
1577 1336 1642 1379 Se-

226 1407 369 1463 cundo,
393 1423 467 1464 per
488 1407 669 1451 modum
704 1409 865 1465 efficacis
900 1407 1231 1466 complacentiae
1266 1421 1305 1451 et
1339 1407 1639 1466 displicentiae.

224 1478 274 1520 Et
300 1479 357 1520 sic
381 1494 500 1522 amor
524 1479 799 1522 essentialiter
823 1479 1052 1523 includitur
1085 1481 1126 1522 in
1151 1479 1360 1523 desiderio
1395 1492 1434 1522 et
1458 1479 1638 1537 gaudio,

220 1548 373 1592 odium
398 1551 439 1592 in
474 1551 631 1594 timore
664 1563 703 1593 et
736 1551 918 1593 tristitia.
953 1551 1068 1594 Nam
1119 1549 1376 1594 desiderium
1411 1565 1473 1594 est
1507 1564 1640 1608 actus,

219 1635 304 1676 quo
328 1619 549 1664 efficaciter
583 1621 785 1664 volumus
811 1620 987 1679 bonum,
1006 1621 1122 1680 quod
1147 1621 1295 1665 absens
1321 1635 1409 1666 est:
1433 1623 1639 1680 gaudium

218 1702 280 1733 est
313 1704 446 1743 actus,
481 1708 567 1749 quo
601 1691 821 1735 efficaciter
845 1693 1046 1736 volumus
1082 1692 1259 1747 bonum,
1294 1693 1411 1751 qnod
1435 1710 1634 1751 praesens

217 1775 291 1803 est.
328 1763 531 1806 Similiter
565 1764 696 1806 timor
731 1776 792 1806 est
820 1776 951 1821 actus,
976 1779 1061 1822 quo
1087 1763 1308 1807 efficaciter
1332 1764 1631 1808 abominamur

216 1832 376 1876 malum
411 1834 589 1877 absens:
626 1836 806 1888 tristitia,
840 1850 926 1892 quo
960 1850 1174 1892 praesens.
1209 1852 1228 1875 »
1270 1861 1326 1869 —
1352 1836 1435 1894 3.⁰)
1468 1835 1636 1894 Duplex

216 1901 492 1961 distinguitur
525 1921 659 1958 amor,
694 1905 795 1948 alter
829 1907 1181 1964 concupiscentiae,
1201 1906 1302 1949 alter
1335 1922 1436 1950 vero
1471 1906 1639 1950 benevo-

216 1973 355 2018 lentiae
387 1975 469 2033 (4).
504 1979 640 2020 Amor
674 1978 1051 2035 concupiscentiae
1100 1991 1161 2021 est
1204 1993 1324 2021 amor
1368 1978 1482 2032 boni,
1521 1978 1636 2036 quod

309 2161 366 2205 (Ι)
397 2162 452 2195 De
483 2160 616 2195 timore
642 2161 729 2195 haec
757 2161 864 2196 habet
890 2174 916 2195 s.
959 2161 1194 2207 Augustinus,
1223 2160 1282 2195 lib.
1310 2161 1361 2196 82.
1403 2163 1472 2206 Qq.
1501 2174 1533 2208 q.
1565 2172 1633 2206 33.:

215 2220 349 2254 «Nulli
376 2220 522 2254 dubium
551 2230 603 2255 est
644 2233 716 2254 non
744 2221 851 2255 aliam
890 2221 1074 2255 metuendi
1102 2232 1177 2255 esse
1218 2232 1372 2261 causam,
1401 2221 1469 2255 nisi
1507 2233 1552 2255 ne
1589 2221 1634 2262 id,

212 2279 307 2325 quod
334 2290 506 2322 amamus,
534 2289 593 2314 aut
621 2280 793 2325 adeptum
823 2280 1040 2321 amittamus,
1061 2289 1119 2314 aut
1147 2291 1221 2314 non
1250 2279 1491 2324 adipiscamur
1516 2290 1634 2325 spera-

211 2347 298 2373 tum.
317 2354 334 2372 ))

305 2399 361 2443 (2)
388 2398 481 2432 Vide
509 2398 690 2441 Palmizzri,
721 2398 941 2444 Anthropol.
969 2410 1046 2444 cap.
1076 2399 1137 2432 lV.
1164 2398 1256 2434 thes,
1286 2399 1453 2434 XXXIX.

303 2459 359 2501 (ς)
386 2457 440 2491 De
467 2466 530 2492 act.
558 2457 658 2491 hum.
684 2469 757 2502 cap.
788 2458 849 2492 ΙΙΙ.
879 2469 912 2502 q.
945 2468 971 2491 1.
999 2469 1099 2492 nuni.
1134 2465 1162 2498 5.

304 2517 359 2560 (4)
389 2530 404 2547 υ
422 2517 521 2551 Sicut
548 2515 792 2561 Philosophus
820 2516 905 2550 dicit
934 2518 969 2550 in
998 2527 1027 2550 2.
1057 2517 1219 2559 Rhetor.,
1249 2528 1368 2551 amare
1394 2525 1446 2550 est
1463 2516 1548 2550 vella
1567 2515 1632 2549 ‹ili-

209 2575 263 2609 cai
288 2575 420 2609 bouum.
453 2576 511 2611 Sic
539 2587 625 2621 ergo
657 2586 779 2610 motus
799 2576 935 2610 amoris
963 2576 997 2609 in
1018 2576 1087 2610 duo
1107 2576 1235 2618 tendit,
1258 2586 1305 2609 sc.
1326 2575 1360 2609 in
1380 2576 1527 2615 bonum,
1547 2573 1631 2619 quod
