1734 2784
754 111 1018 164 -248-

701 311 867 353 TuEsts
902 312 1068 355 XXIX.

196 423 415 480 Mztlliplex
448 432 502 465 est
534 430 674 480 status,
708 425 747 466 ill
781 440 855 481 quo
888 425 952 467 lex
982 425 1152 482 quaevis
1180 433 1308 483 potest
1330 425 1590 469 considerari:

297 496 509 551 praecipite
544 510 636 537 vero
671 497 842 552 spectari
868 505 997 553 potest
1041 496 1259 540 secundum
1290 512 1340 550 se,
1375 506 1420 539 ut
1452 505 1506 540 est
1551 499 1593 540 in

309 566 492 622 Principe
527 580 612 608 eain
637 567 805 623 serente,
838 576 881 609 iit
914 575 966 609 est
1001 568 1040 609 in
1074 566 1231 610 subdito
1264 582 1352 610 eam
1373 569 1594 626 recipiente,

302 645 343 678 itt
378 645 429 679 est
464 639 503 679 in
540 637 683 680 tabida
714 638 776 680 vel
808 638 931 682 codice
962 654 1049 681 etim
1076 647 1333 696 proponente.

306 763 372 803 92.
408 751 723 793 DECLARATIO.
749 752 865 794 Haec
897 753 1074 794 assertio
1106 767 1192 795 non
1225 752 1389 808 indiget
1410 752 1491 794 nisi
1515 764 1595 795 ter-

190 821 409 863 minorum
445 821 736 865 declaratione:
771 835 833 866 est
865 836 1007 866 tamen
1040 824 1183 879 magni
1217 824 1425 866 momenti
1450 823 1500 866 ad
1534 839 1597 866 re-

183 903 291 933 ctam
327 894 597 949 sequentium
632 895 931 951 quaestionum
965 894 1240 938 solutionem.

307 964 395 1005 Lex
428 978 612 1021 spectata
643 966 860 1009 secundnm
892 982 947 1018 se,
983 979 1045 1009 est
1079 965 1295 1024 quoddam
1335 965 1596 1009 enunciabile

191 1036 442 1091 practicum,
478 1053 515 1079 v.
551 1053 590 1093 g.
626 1036 787 1079 furtum
821 1051 883 1080 est
915 1038 1148 1082 vitandum:
1183 1038 1390 1095 quaedam
1425 1050 1488 1080 est
1525 1052 1596 1080 re-

186 1105 285 1163 gula
319 1107 384 1149 vel
418 1122 631 1163 mensura,
665 1124 770 1165 quae
804 1125 881 1151 nos
915 1109 1059 1166 dirigit
1092 1122 1131 1152 et
1164 1108 1323 1166 obligat
1355 1108 1402 1152 ad
1437 1108 1597 1166 aliquid

184 1178 398 1235 agendum
434 1178 497 1221 vel
545 1179 846 1222 omittendum.
895 1181 990 1223 Nos
1023 1182 1174 1237 dirigit,
1208 1182 1316 1223 sicut
1366 1181 1594 1238 exemplar,

187 1250 306 1307 quod
339 1250 487 1293 artifex
522 1252 727 1303 intuetur,
755 1252 899 1307 dirigit
933 1252 1051 1294 illum
1077 1253 1118 1294 in
1143 1251 1372 1308 operando:
1398 1267 1476 1294 nos
1500 1251 1596 1293 ohli-

181 1330 263 1377 gal‚
299 1335 505 1378 quatenus
540 1335 601 1364 est
635 1324 843 1365 terminus
876 1322 1162 1379 obligationis,
1197 1338 1270 1365 seu
1306 1321 1362 1373 id,
1397 1321 1447 1364 ad
1481 1322 1596 1380 quod

184 1393 453 1450 sequendum
502 1394 742 1450 obligamur
776 1395 817 1436 in
850 1396 1007 1437 nostris
1053 1393 1304 1436 actionibus.
1338 1418 1394 1425 —-
1429 1394 1596 1435 Huius—

183 1465 302 1508 modi
336 1481 467 1522 porro
501 1466 644 1522 regula
677 1468 816 1509 existit
847 1468 976 1510 active
1011 1468 1052 1508 in
1088 1475 1213 1508 mente
1246 1466 1456 1521 Principis,
1494 1473 1598 1522 pas—

191 1540 276 1580 sive
309 1539 349 1581 in
386 1538 583 1581 intellectu
619 1538 796 1589 Subdiu,
830 1538 1088 1595 significative
1120 1540 1161 1580 rin
1195 1538 1321 1580 codice
1351 1536 1411 1578 vel
1443 1535 1595 1579 tabula.

189 1609 240 1651 In
264 1622 406 1652 mente
431 1610 638 1666 Principis
663 1611 802 1652 existit
819 1612 981 1667 proprie
1004 1620 1043 1651 et
1061 1609 1355 1666 principaliter,
1379 1620 1597 1664 tamquam

193 1682 235 1722 in
272 1694 542 1724 mensurante
591 1697 663 1723 seu
713 1681 942 1738 regulame:
976 1680 1076 1723 haec
1124 1692 1185 1722 est
1224 1679 1290 1722 lex
1324 1680 1511 1736 inspecta
1557 1678 1598 1719 in

194 1764 305 1793 statu
339 1754 532 1795 inferiori.
567 1753 615 1794 In
649 1752 861 1795 intellectu
895 1750 1225 1794 subditi'existit
1263 1751 1389 1792 etiam
1418 1751 1598 1806 proprie,

187 1822 261 1865 sed
296 1823 491 1879 derivate,
522 1836 741 1881 tamquam
776 1824 816 1865 in
850 1835 1096 1866 mensurato
1129 1834 1169 1864 et
1207 1821 1412 1877 regulam,
1446 1821 1487 1862 in
1520 1835 1598 1862 co-

192 1892 284 1936 dice
319 1907 459 1935 autem
493 1895 635 1936 existit
678 1896 891 1951 iiizproprie
924 1906 1141 1950 tamquam
1189 1893 1231 1933 in
1264 1892 1401 1947 signo,
1436 1891 1479 1932 in
1513 1905 1598 1947 quo

194 1964 499 2007 manifestatur:
536 1965 635 2008 haec
667 1978 728 2007 est
763 1965 826 2007 lex
859 1973 1037 2016 externa,
1072 1976 1116 2006 ut
1148 1979 1273 2020 supra
1306 1976 1404 2004 cum
1439 1962 1596 2005 Suare—

191 2036 254 2077 sio
288 2035 582 2092 loquebamur,
606 2052 679 2078 seu
704 2038 891 2093 inspecta
925 2037 965 2077 in
1000 2048 1126 2088 statu,
1152 2049 1280 2091 quem
1316 2049 1361 2076 ea
1385 2032 1507 2075 habet
1535 2048 1598 2075 ex-

188 2115 252 2149 tro
289 2108 555 2163 legislatorem
587 2107 669 2164 (1).

292 2308 348 2350 (Ι)
379 2320 396 2337 «
414 2306 506 2340 Cum
533 2305 600 2346 lex,
628 2305 674 2338 ait
701 2315 727 2337 s.
755 2303 842 2344 Th„
876 2313 903 2335 1.
934 2313 964 2336 2.
993 2314 1025 2347 q.
1054 2312 1112 2347 90.
1140 2312 1170 2335 a.
1205 2311 1243 2335 1..
1272 2300 1316 2333 sit
1341 2298 1462 2343 regula
1490 2308 1599 2343 quae-

192 2367 275 2400 dam
303 2375 337 2400 et
363 2377 543 2407 mensura,
574 2365 699 2398 dicitur
726 2362 911 2407 dupliciter
937 2373 1012 2395 esse
1040 2364 1074 2396 in
1103 2360 1235 2405 aliquo.
1260 2356 1345 2394 Uno
1371 2356 1482 2391 modo
1512 2356 1601 2389 sicut

192 2427 229 2459 in
257 2435 488 2459 mensurante
516 2433 548 2458 et
575 2423 794 2468 regularite...
820 2422 904 2456 Alio
931 2421 1041 2455 modo
1069 2420 1160 2454 sicut
1186 2420 1222 2452 in
1248 2424 1454 2451 mensurato
1481 2423 1514 2449 et
1545 2425 1600 2447 re-

199 2485 336 2530 gulato.
357 2501 372 2515 »
403 2484 460 2520 Cf.
490 2486 671 2519 Becauum
698 2483 720 2517 1.
747 2494 843 2528 saep.
865 2482 922 2516 cit.
941 2483 1082 2523 Suarez,
1108 2480 1151 2514 de
1178 2479 1250 2525 leg.
1278 2477 1302 2511 l.
1328 2488 1356 2511 1.
1382 2488 1412 2510 c.
1440 2485 1472 2517 4.
1499 2486 1535 2509 n.
1557 2484 1601 2516 4,

194 2545 246 2578 sic
275 2544 445 2590 loquitur:
476 2556 493 2574 «
511 2544 584 2578 Lex
610 2544 646 2576 in
673 2542 803 2588 triplici
829 2550 922 2576 statu
947 2541 1003 2575 vel
1030 2539 1191 2573 subiecto
1217 2544 1335 2583 potest
1369 2533 1599 2568 considerari:

188 2604 313 2649 primo
342 2605 376 2637 in
404 2606 480 2651 ipso
509 2604 749 2649 legislatore...
776 2601 934 2637 secundo
961 2602 996 2635 in
1023 2599 1184 2641 subditis,
1210 2597 1337 2644 quibus
1362 2594 1419 2628 lex
1444 2592 1602 2638 imponi-
