1734 2784
777 106 1034 159 —362...

206 213 351 243 contra
384 215 510 257 quem
546 199 845 242 committitur.
894 197 1171 241 Manifestum
1219 208 1282 240 est
1329 196 1458 250 enim,
1501 193 1619 253 quod

205 284 363 328 quanto
398 271 534 312 maior
567 285 750 327 persona
782 282 861 324 est,
897 281 1045 312 contra
1081 282 1208 326 quam
1258 278 1468 325 peccatur,
1500 278 1618 310 tanto

204 354 422 398 peccatum
457 353 519 383 est
551 341 736 397 gravius,
770 340 878 383 sicut
910 341 982 397 qui
1016 338 1084 382 dat
1115 337 1277 396 alapam
1301 336 1425 380 militi
1447 337 1619 395 gravius

203 423 437 468 reputatur,
470 427 597 469 quam
631 412 666 454 si
690 411 804 455 daret
838 411 1014 467 rustico,
1038 422 1077 453 et
1112 408 1249 452 adhuc
1283 407 1421 451 multo
1445 408 1623 465 gravius

202 483 235 524 si
270 483 449 540 principi
486 483 549 526 vel
584 483 688 539 regi.
737 483 787 525 Et
820 483 880 525 sic
929 496 1027 525 cum
1060 482 1178 524 Deus
1227 480 1282 522 sit
1315 477 1476 522 infinite
1524 493 1620 521 ma-

199 569 324 610 gnus,
358 553 518 597 offensa
550 566 696 597 contra
729 555 872 611 ipsum
907 554 1139 597 commissa
1181 564 1244 596 est
1295 548 1623 608 quodammodo

199 624 373 668 infinita:
407 625 519 668 unde
552 637 591 668 et
614 624 848 682 aliqualiter
882 639 1020 682 poena
1042 623 1202 666 infinita
1235 624 1271 666 ei
1302 621 1488 666 debetur.
1513 620 1618 665 Non

197 709 338 739 autem
373 709 514 754 potest
547 712 638 739 esse
661 712 798 755 poena
821 695 982 740 infinita
1016 697 1222 751 intensive,
1248 695 1346 753 quia
1368 693 1473 737 nihil
1497 707 1616 735 crea-

196 781 287 811 tum
338 770 397 811 sic
431 768 643 811 infinitum
694 784 785 811 esse
818 780 972 826 potest.
1022 767 1149 812 Unde
1197 766 1464 824 relinquitur,
1498 761 1616 822 quod

195 852 368 895 peccato
403 841 573 883 mortali
609 839 786 883 debetur
818 855 955 897 poena
989 838 1150 882 infinita
1183 838 1453 881 duratione.»

312 913 638 954 ARGUMENTUM
671 912 724 955 II.
752 912 904 954 Poenae
926 919 1109 954 aeternae
1132 925 1223 954 eum
1244 911 1324 952 sint
1347 911 1492 961 iustae,
1516 913 1614 950 sunt

193 983 354 1040 insuper
386 985 629 1026 necessariae
664 983 719 1026 ad
750 984 976 1026 humanam
1009 982 1263 1026 voluntatem
1291 981 1334 1024 in
1370 979 1490 1036 officio
1523 993 1613 1022 con-

192 1053 410 1098 tinendam.
445 1079 502 1087 —
535 1055 705 1098 Etenim
739 1055 774 1096 si
807 1065 1052 1111 spectentur
1100 1052 1287 1096 hominis
1336 1064 1498 1104 natura,
1531 1065 1611 1092 ve-

191 1123 405 1168 hementia
429 1126 696 1183 passionum,
722 1124 938 1169 bonorum
966 1123 1232 1167 sensibilium
1264 1123 1494 1176 illecebrae,
1517 1121 1613 1165 vir-—

188 1196 288 1238 tutis
323 1196 560 1252 difficultas,
598 1196 753 1255 patebit
786 1212 943 1255 poenas
966 1195 1096 1240 finem
1129 1195 1342 1239 habituras
1367 1210 1454 1238 non
1484 1209 1612 1252 prae-

188 1265 284 1309 bere
319 1279 591 1310 momentum
625 1267 838 1310 sufficiens
872 1267 923 1311 ad
954 1267 1153 1310 homines
1187 1268 1230 1310 in
1273 1266 1378 1324 legis
1413 1263 1607 1308 custodia

187 1353 358 1395 semper
391 1351 431 1381 et
465 1339 507 1381 in
541 1338 797 1396 quibuslibet
830 1338 1037 1382 adiunctis
1072 1337 1370 1381 continendos.
1407 1335 1544 1390 Quod
1565 1347 1606 1379 et

185 1408 295 1452 facto
331 1410 411 1467 ipsi
446 1425 525 1452 suo
558 1410 760 1467 flagitiosi
794 1412 952 1469 quique
987 1411 1187 1454 homines
1237 1409 1484 1465 ostendunt,
1518 1407 1607 1466 qui,

186 1492 231 1523 ut
266 1479 462 1524 licentius
495 1482 653 1538 vivant,
687 1481 769 1525 hoc
803 1483 985 1525 maxime
1020 1482 1277 1540 percupiunt
1311 1496 1356 1524 ac
1388 1495 1475 1523 non
1509 1493 1607 1522 raro

182 1550 260 1594 sibi
309 1552 564 1610 persuadere
614 1566 833 1611 conantur,
867 1570 1025 1611 poenas
1074 1569 1229 1611 nempe
1280 1552 1446 1596 futurae
1492 1552 1605 1595 vitae

181 1620 311 1665 finem
346 1622 557 1666 habituras
592 1640 685 1667 esse
718 1637 759 1667 et
791 1626 951 1668 animas
985 1626 1219 1682 impiorum
1254 1639 1275 1666 a
1298 1625 1394 1667 Deo
1428 1621 1600 1666 tandem

180 1693 230 1736 ad
264 1694 493 1751 perfectam
526 1694 768 1739 beatitatem
802 1695 1085 1740 admittendas
1120 1712 1212 1739 esse
1245 1696 1330 1754 (1).

177 1887 253 1921 buit
280 1887 311 1921 ei
340 1888 445 1933 plene
471 1900 573 1923 suam
602 1890 830 1925 infinitatem.
857 1892 956 1926 Sicut
994 1892 1090 1925 enim
1129 1893 1227 1926 Deus
1253 1893 1329 1926 sine
1367 1891 1439 1926 fine
1479 1897 1602 1937 potest

175 1944 370 1991 perfectius
397 1949 517 1990 amari,
545 1949 592 1982 ita
620 1950 728 1984 etiam
756 1961 818 1995 per
846 1960 1035 1996 peccatum
1063 1961 1179 1997 potest
1207 1953 1282 1986 sine
1310 1951 1380 1986 fine
1411 1951 1525 1997 magis
1564 1958 1600 1985 et

175 2005 289 2051 magis
316 2009 502 2041 contemni
530 2016 562 2042 et
589 2008 674 2042 odio
693 2008 826 2043 haberi.
855 2010 934 2044 Hoc
953 2011 1031 2055 ipso
1060 2020 1192 2053 autem,
1215 2011 1311 2057 quod
1330 2009 1495 2045 absolute
1514 2020 1597 2044 cen-

173 2071 269 2096 setur
294 2066 493 2108 contemni,
515 2074 614 2101 actus
633 2068 813 2102 contrahit
831 2069 1025 2114 quamdam
1045 2069 1258 2105 infinitatem
1278 2069 1450 2111 malitiae,
1468 2075 1595 2114 utpote

172 2122 366 2167 superioris
392 2124 539 2167 ordinis,
567 2135 727 2170 respectu
756 2128 921 2162 omnium
947 2129 1128 2163 bonorum
1157 2138 1256 2164 etc.»
1286 2129 1378 2163 Vide
1396 2128 1505 2163 etiam
1524 2129 1590 2163 Pa-

171 2182 270 2222 tuzzi,
301 2181 345 2215 de
372 2181 435 2217 fut.
464 2183 550 2229 imp.
578 2193 672 2219 statu
700 2185 722 2219 l.
749 2186 809 2220 ΙΙΙ.
838 2197 866 2220 c.
894 2195 950 2229 25.

266 2240 319 2284 (1)
348 2240 401 2275 Cf.
430 2253 454 2276 s.
485 2242 681 2287 Thomam‚
710 2256 740 2279 2.
769 2256 799 2280 2.
828 2259 859 2292 q.
893 2247 967 2285 108,
995 2259 1024 2282 a.
1055 2256 1096 2291 3.:
1130 2249 1214 2282 item
1251 2247 1468 2294 Tongiorgi,
1495 2248 1589 2291 Psy-

171 2296 264 2331 chol.
280 2310 311 2332 n.
333 2309 409 2342 254.
424 2301 553 2337 Iuverit
572 2302 658 2337 haec
678 2305 783 2339 etiam
803 2304 932 2339 addere
951 2318 992 2340 ex
1007 2306 1189 2349 Lucretio,
1207 2306 1251 2341 de
1269 2315 1340 2341 nat.
1358 2318 1424 2341 rer.
1449 2317 1476 2340 1.
1500 2304 1590 2340 108.:

480 2384 572 2418 Nam
601 2385 628 2418 si
657 2395 790 2421 certam
818 2387 929 2422 finem
956 2400 1032 2424 esse
1059 2389 1220 2425 viderent

407 2431 675 2467 Aerumnarum
703 2434 884 2477 homines,
913 2436 1031 2482 aliqua
1058 2437 1197 2472 ratione
1224 2437 1385 2473 valerent

406 2477 658 2523 Religionibus
685 2489 790 2528 atque
816 2483 925 2516 minis
951 2483 1124 2519 obsistere
1152 2493 1288 2519 vatum.

402 2524 507 2558 Nunc
536 2527 629 2560 ratio
656 2528 754 2562 nulla
783 2538 847 2571 est,
875 2531 1032 2565 restandi
1060 2530 1158 2566 nulla
1185 2532 1348 2574 facultas,

402 2571 576 2606 Aeternas
604 2575 774 2619 quoniam
802 2588 939 2621 poenas
966 2578 1000 2612 in
1028 2588 1145 2614 morte
1172 2579 1390 2616 timendum.
