1734 2784
788 108 1049 150 -124-

206 190 361 233 hendo.
396 191 542 232 Potest
575 205 747 247 quoque
781 191 990 247 imperare
1039 192 1243 248 appetitui
1288 192 1498 236 sensitivo
1532 193 1622 252 (1),

206 263 325 305 cuius
359 263 496 304 varios
531 273 676 304 motus
709 261 815 305 solet
850 273 942 304 tum
991 263 1169 306 excitare
1219 274 1310 306 tum
1362 263 1626 322 aliquatenus

206 334 435 390 reprimere
469 345 592 390 atque
626 332 854 390 impedire:
892 331 1003 376 unde
1049 333 1184 376 oritur
1222 333 1440 378 distinctio
1468 335 1627 379 horum

205 417 405 447 motuum
439 405 481 446 in
515 413 799 462 conscqncnlcs
848 416 887 446 et
919 404 1180 448 antecedentes
1223 418 1364 448 actum
1396 406 1626 451 voluntatis

206 492 281 519 seu
316 477 358 517 in
400 475 669 518 voluntarios
720 488 758 518 et
803 490 889 517 non
931 475 1210 518 voluntarios.
1236 477 1383 520 Potest
1416 490 1630 535 praeterea

208 549 438 607 imperium
475 563 668 591 exercere
702 548 743 589 in
779 563 930 590 sensus
965 559 1182 600 externos,
1218 564 1326 605 quos
1374 565 1472 593 sane
1505 566 1628 609 expe-

207 621 342 662 rimur
376 635 467 662 esse
502 620 625 661 nutui
660 619 891 661 voluntatis
928 618 1048 662 valde
1097 618 1334 663 subiectos:
1378 636 1454 664 nec
1487 621 1629 665 solum

207 691 364 734 directe
399 703 438 734 et
473 691 686 747 organice,
721 706 870 733 verum
905 691 1031 733 etiam
1073 690 1278 734 indirecte
1312 703 1352 734 et
1385 692 1629 736 mechanice

212 775 353 820 potest
387 764 427 804 in
463 779 535 805 eos
570 778 694 819 agere
728 761 990 819 eosdemque
1024 761 1099 804 sibi
1152 761 1396 806 obedientes
1441 763 1628 807 reddere.

211 835 358 877 Potest
383 833 553 877 tandem
579 835 810 891 imperium
834 833 985 876 habere
1020 833 1209 891 illudque
1245 833 1451 877 directum
1477 835 1519 876 in
1542 836 1628 878 vim

208 907 464 963 motricem‚
513 919 557 949 ut
600 923 649 949 ex
698 906 806 949 facto
856 907 950 964 ipso
1000 918 1163 948 constat
1213 923 1247 949 e.
1296 923 1338 963 g.
1383 919 1629 950 sanctornm

210 979 466 1035 Martyrum>
499 979 571 1035 qui
620 995 668 1020 ex
711 977 928 1020 voluntate
977 978 1109 1034 gratia
1157 978 1237 1020 Dei
1272 977 1448 1021 mirifice
1492 978 1632 1022 adiuta

211 1066 255 1092 ac
291 1049 487 1093 roborata
523 1049 805 1093 acerbissimis
855 1048 1043 1092 membra
1088 1050 1340 1092 cruciatibus
1374 1049 1487 1093 ultro
1521 1049 1629 1093 offe-

210 1121 369 1165 rebant.

326 1193 511 1237 Adverte
546 1208 689 1238 tamen
725 1194 806 1237 hoc
840 1193 1072 1237 voluntatis
1107 1194 1337 1252 imperium
1387 1193 1498 1237 haud
1539 1210 1631 1237 esse

210 1267 335 1310 relate
369 1266 420 1309 ad
455 1282 606 1309 omnes
641 1267 851 1324 potentias
887 1282 929 1309 ac
954 1267 1064 1309 vires
1099 1265 1195 1318 tale,
1233 1278 1278 1308 ut
1325 1282 1394 1309 eae
1423 1279 1631 1323 nequeant

210 1341 404 1383 resistere
440 1338 666 1396 aliquando
701 1354 745 1380 ac
780 1339 917 1381 reniti.
945 1339 1204 1391 «Animus,
1240 1339 1375 1395 inquit
1422 1339 1632 1381 Aristote-

210 1411 268 1454 les
299 1411 384 1470 (2),
408 1413 449 1454 in
485 1427 638 1468 corpus
673 1411 900 1469 imperium
939 1410 1054 1453 herile
1080 1409 1257 1467 obtinet,
1275 1425 1398 1452 mens
1424 1421 1563 1452 autem
1590 1410 1631 1453 in

210 1484 445 1540 appetitum
480 1483 595 1526 civile
621 1495 658 1525 et
684 1484 835 1539 regium
860 1499 898 1526 >).
922 1483 1046 1535 Quae
1070 1481 1195 1525 verba
1229 1483 1289 1525 sic
1316 1481 1492 1539 explicat
1517 1481 1633 1539 Sylv.

211 1555 398 1597 Maurus:
440 1573 459 1594 α
482 1554 637 1597 Anima
661 1567 825 1597 exercet
849 1553 1092 1597 dominium
1118 1553 1363 1611 despotscmn
1395 1554 1439 1595 in
1463 1568 1632 1610 corpus,

212 1642 308 1668 cum
344 1639 513 1670 moveat
547 1642 701 1684 corpus
736 1626 784 1669 ad
819 1640 970 1669 nutum
997 1638 1036 1669 et
1069 1639 1196 1684 prout
1222 1626 1425 1669 voluerit:
1462 1638 1500 1668 at
1525 1625 1631 1668 ratio

211 1711 376 1741 exercet
411 1700 452 1741 in
486 1701 721 1756 appetitum
757 1699 1010 1743 sensitivum
1049 1697 1289 1741 dominium
1339 1712 1425 1740 non
1457 1695 1632 1754 quidem

307 1863 357 1906 (Ι)
386 1862 442 1897 Ad
469 1874 545 1896 rem
573 1861 788 1908 Tongiorgi,
818 1860 984 1906 Psychol.
1014 1861 1036 1895 1.
1065 1861 1125 1896 ΙΙΙ.
1156 1872 1183 1894 c.
1213 1860 1273 1895 IX,
1300 1869 1401 1893 num.
1431 1857 1524 1902 706.:
1558 1870 1574 1890 «
1594 1859 1633 1892 In

212 1924 360 1957 homine
386 1923 563 1968 appetitus
591 1923 780 1957 sensitivus
823 1921 1047 1956 intellectivo
1077 1920 1247 1963 subditur,
1276 1919 1457 1953 mediante
1485 1918 1633 1952 ratione.

211 1983 316 2017 Ratio
345 1983 441 2016 enim
468 1982 771 2028 imaginationem
801 1993 950 2016 movere
977 1993 1016 2015 ac
1048 1981 1201 2027 dirigere
1234 1988 1364 2026 potest.
1394 1988 1426 2013 et
1454 1990 1517 2024 per
1555 1988 1634 2012 eam

212 2042 411 2088 appetitum
439 2042 610 2087 instigare
640 2042 694 2076 vel
724 2053 896 2076 coercere
916 2055 932 2073 >³

308 2102 534 2145 (2)Politic
567 2102 592 2136 Ι.
623 2113 697 2146 cap
721 2103 776 2135 ΙΙ.;
801 2114 817 2136 η
850 2115 886 2134 uz
894 2115 909 2133 ν
939 2113 1005 2147 sup
1033 2101 1130 2147 ·ὢ]χ·ὴ
1155 2114 1192 2134 το
1196 2102 1213 2132 3
1256 2101 1412 2146 comat-03
1446 2097 1531 2144 α’ρχε
1537 2110 1547 2130 ι
1580 2097 1619 2130 ὼε

216 2174 281 2194 σῖτ’
274 2174 382 2197 scaz-rs)
410 2160 580 2207 ,thysi-175
609 2161 647 2194 J:-
677 2174 713 2194 ur,
718 2163 753 2199 ὗς
780 2164 835 2199 τίς
865 2160 922 2205 dp}
968 2174 1009 2198 -);
1041 2159 1219 2195 nostrin-hv
1251 2156 1307 2191 κᾎι
1334 2157 1535 2203 Cito-thuim).
1563 2157 1638 2192 NO-

214 2222 312 2254 mine
339 2229 458 2254 autem
488 2220 627 2266 imperii
655 2221 767 2254 herili
812 2231 874 2254 seu
902 2176 1059 2266 despotia
1097 2217 1267 2265 intelligit
1299 2216 1397 2261 illud,
1425 2228 1495 2264 quo
1530 2216 1636 2251 herus

215 2281 433 2326 plincipatur
459 2280 659 2326 mancipiis,
687 2292 776 2326 quae
810 2279 948 2314 nullam
975 2280 1107 2314 habent
1135 2278 1321 2313 resistendi
1350 2277 1569 2320 facultatem,
1596 2288 1634 2310 ac

213 2341 241 2374 si
269 2348 386 2374 essent
413 2340 661 2379 instrumenta,
692 2351 779 2386 quae
819 2339 957 2373 nullam
987 2339 1113 2373 artifici
1153 2338 1392 2372 resistentiam
1431 2344 1632 2381 opponunt-

212 2399 370 2432 Nomine
398 2410 482 2432 vero
513 2399 649 2443 imperii
675 2399 809 2443 politici
829 2409 895 2432 sen
916 2398 1003 2443 regii
1035 2397 1203 2442 intelligit
1231 2395 1327 2438 illud,
1348 2407 1417 2442 quo
1436 2395 1569 2429 liberae
1588 2395 1636 2428 ci-

214 2458 334 2493 vitatis
362 2470 420 2492 rex
447 2468 587 2503 praeest
614 2459 760 2501 civibus,
792 2459 848 2505 qui
877 2459 939 2492 etsi
971 2469 1093 2503 parere
1133 2465 1335 2498 teneantur,
1366 2456 1484 2502 aliquo
1511 2462 1634 2489 tamen

217 2519 326 2552 modo
356 2518 562 2553 facultatem
590 2518 773 2554 resistendi
799 2518 931 2552 habent
962 2527 993 2552 et
1022 2517 1196 2552 lmudraro
1226 2516 1404 2551 resistunt.
1433 2514 1487 2549 Cf.
1527 2513 1632 2548 Ton-

215 2578 344 2623 giorgi,
375 2579 442 2612 loc.
470 2590 582 2624 nuper
608 2579 665 2612 cit.
