<?xml version="1.0" encoding="UTF-8"?>
<!DOCTYPE html PUBLIC "-//W3C//DTD XHTML 1.0 Transitional//EN"
    "http://www.w3.org/TR/xhtml1/DTD/xhtml1-transitional.dtd">
<html xmlns="http://www.w3.org/1999/xhtml" xml:lang="en" lang="en">
 <head>
  <title>
</title>
<meta http-equiv="Content-Type" content="text/html;charset=utf-8" />
  <meta name='ocr-system' content='tesseract 3.04.00' />
  <meta name='ocr-capabilities' content='ocr_page ocr_carea ocr_par ocr_line ocrx_word'/>
</head>
<body>
  <div class='ocr_page' id='page_1' title='image "./institutionesphi01ferr_0248.png"; bbox 0 0 1734 2784; ppageno 0'>
   <div class='ocr_carea' id='block_1_1' title="bbox 786 119 1055 160">
    <p class='ocr_par' dir='ltr' id='par_1_1' title="bbox 786 119 1055 160">
     <span class='ocr_line' id='line_1_1' title="bbox 786 119 1055 160; baseline 0 0"><span class='ocrx_word' id='word_1_1' title='bbox 786 119 1055 160; x_wconf 84' lang='lat'><strong>—228—</strong></span> 
     </span>
    </p>
   </div>
   <div class='ocr_carea' id='block_1_2' title="bbox 206 202 1635 1838">
    <p class='ocr_par' dir='ltr' id='par_1_2' title="bbox 207 202 1630 344">
     <span class='ocr_line' id='line_1_2' title="bbox 324 202 1630 270; baseline -0.002 -11"><span class='ocrx_word' id='word_1_2' title='bbox 324 216 377 260; x_wconf 91' lang='grc' dir='ltr'>ΙΙ,</span> <span class='ocrx_word' id='word_1_3' title='bbox 410 215 613 259; x_wconf 76' lang='lat' dir='ltr'>Actiones</span> <span class='ocrx_word' id='word_1_4' title='bbox 648 211 831 256; x_wconf 84' lang='lat' dir='ltr'>morales</span> <span class='ocrx_word' id='word_1_5' title='bbox 873 224 972 255; x_wconf 90' lang='lat' dir='ltr'>sunt</span> <span class='ocrx_word' id='word_1_6' title='bbox 1006 202 1175 270; x_wconf 86' lang='lat' dir='ltr'>capaces</span> <span class='ocrx_word' id='word_1_7' title='bbox 1210 212 1351 254; x_wconf 88' lang='lat' dir='ltr'>meriti</span> <span class='ocrx_word' id='word_1_8' title='bbox 1382 211 1448 255; x_wconf 92' lang='lat' dir='ltr'>vel</span> <span class='ocrx_word' id='word_1_9' title='bbox 1482 211 1630 256; x_wconf 88' lang='lat' dir='ltr'>derne-</span> 
     </span>
     <span class='ocr_line' id='line_1_3' title="bbox 207 286 619 344; baseline -0.01 -13"><span class='ocrx_word' id='word_1_10' title='bbox 207 288 274 331; x_wconf 85' lang='lat' dir='ltr'>riti</span> <span class='ocrx_word' id='word_1_11' title='bbox 307 286 420 344; x_wconf 90' lang='lat' dir='ltr'>apud</span> <span class='ocrx_word' id='word_1_12' title='bbox 458 286 619 329; x_wconf 89' lang='lat' dir='ltr'>Deum.</span> 
     </span>
    </p>

    <p class='ocr_par' dir='ltr' id='par_1_3' title="bbox 206 353 1635 1838">
     <span class='ocr_line' id='line_1_4' title="bbox 327 353 1624 414; baseline -0.003 -12"><span class='ocrx_word' id='word_1_13' title='bbox 327 360 379 402; x_wconf 88' lang='lat' dir='ltr'>Et</span> <span class='ocrx_word' id='word_1_14' title='bbox 412 372 510 401; x_wconf 85' lang='lat' dir='ltr'>sane</span> <span class='ocrx_word' id='word_1_15' title='bbox 563 355 641 414; x_wconf 86' lang='lat'>1.⁰)</span> <span class='ocrx_word' id='word_1_16' title='bbox 688 356 877 398; x_wconf 84' lang='lat' dir='ltr'>actiones</span> <span class='ocrx_word' id='word_1_17' title='bbox 924 370 964 398; x_wconf 84' lang='grc' dir='ltr'>ν.</span> <span class='ocrx_word' id='word_1_18' title='bbox 999 371 1038 412; x_wconf 84' lang='lat' dir='ltr'>g.</span> <span class='ocrx_word' id='word_1_19' title='bbox 1089 353 1314 398; x_wconf 88' lang='lat' dir='ltr'>obediendi</span> <span class='ocrx_word' id='word_1_20' title='bbox 1363 353 1624 413; x_wconf 77' lang='lat' dir='ltr'>parentibus,</span> 
     </span>
     <span class='ocr_line' id='line_1_5' title="bbox 207 426 1623 488; baseline -0.004 -13"><span class='ocrx_word' id='word_1_21' title='bbox 207 430 376 475; x_wconf 88' lang='lat' dir='ltr'>amandi</span> <span class='ocrx_word' id='word_1_22' title='bbox 408 430 660 488; x_wconf 80' lang='lat' dir='ltr'>proximum</span> <span class='ocrx_word' id='word_1_23' title='bbox 693 440 768 471; x_wconf 84' lang='lat' dir='ltr'>etc.</span> <span class='ocrx_word' id='word_1_24' title='bbox 803 439 902 469; x_wconf 90' lang='lat' dir='ltr'>sunt</span> <span class='ocrx_word' id='word_1_25' title='bbox 939 426 983 485; x_wconf 78' lang='grc' dir='ltr'>α)</span> <span class='ocrx_word' id='word_1_26' title='bbox 1016 427 1201 470; x_wconf 86' lang='lat' dir='ltr'>actiones</span> <span class='ocrx_word' id='word_1_27' title='bbox 1237 426 1359 469; x_wconf 73' lang='lat' dir='ltr'>bonae</span> <span class='ocrx_word' id='word_1_28' title='bbox 1392 426 1623 480; x_wconf 80' lang='lat' dir='ltr'>moraliter,</span> 
     </span>
     <span class='ocr_line' id='line_1_6' title="bbox 206 496 1627 561; baseline -0.004 -15"><span class='ocrx_word' id='word_1_29' title='bbox 206 514 358 561; x_wconf 86' lang='lat' dir='ltr'>utpote</span> <span class='ocrx_word' id='word_1_30' title='bbox 391 500 566 544; x_wconf 87' lang='lat' dir='ltr'>naturali</span> <span class='ocrx_word' id='word_1_31' title='bbox 599 498 739 542; x_wconf 88' lang='lat' dir='ltr'>ordini</span> <span class='ocrx_word' id='word_1_32' title='bbox 773 497 1019 541; x_wconf 83' lang='lat' dir='ltr'>conformes</span> <span class='ocrx_word' id='word_1_33' title='bbox 1054 510 1093 540; x_wconf 90' lang='lat' dir='ltr'>et</span> <span class='ocrx_word' id='word_1_34' title='bbox 1136 514 1156 540; x_wconf 89' lang='lat' dir='ltr'>a</span> <span class='ocrx_word' id='word_1_35' title='bbox 1191 496 1331 540; x_wconf 88' lang='lat' dir='ltr'>divina</span> <span class='ocrx_word' id='word_1_36' title='bbox 1372 496 1463 554; x_wconf 85' lang='lat' dir='ltr'>lege</span> <span class='ocrx_word' id='word_1_37' title='bbox 1497 512 1627 555; x_wconf 87' lang='lat' dir='ltr'>prae-</span> 
     </span>
     <span class='ocr_line' id='line_1_7' title="bbox 209 567 1622 632; baseline -0.004 -15"><span class='ocrx_word' id='word_1_38' title='bbox 209 585 365 632; x_wconf 80' lang='lat' dir='ltr'>ceptae:</span> <span class='ocrx_word' id='word_1_39' title='bbox 400 585 499 615; x_wconf 88' lang='lat' dir='ltr'>sunt</span> <span class='ocrx_word' id='word_1_40' title='bbox 533 572 577 629; x_wconf 74' lang='grc' dir='ltr'>β)</span> <span class='ocrx_word' id='word_1_41' title='bbox 612 570 726 613; x_wconf 73' lang='lat' dir='ltr'>libere</span> <span class='ocrx_word' id='word_1_42' title='bbox 761 570 939 627; x_wconf 86' lang='lat' dir='ltr'>positae,</span> <span class='ocrx_word' id='word_1_43' title='bbox 972 568 1204 626; x_wconf 88' lang='lat' dir='ltr'>siquidem,</span> <span class='ocrx_word' id='word_1_44' title='bbox 1250 581 1293 610; x_wconf 90' lang='lat' dir='ltr'>ut</span> <span class='ocrx_word' id='word_1_45' title='bbox 1327 567 1511 611; x_wconf 84' lang='lat' dir='ltr'>diximus</span> <span class='ocrx_word' id='word_1_46' title='bbox 1545 583 1622 611; x_wconf 89' lang='lat' dir='ltr'>su-</span> 
     </span>
     <span class='ocr_line' id='line_1_8' title="bbox 209 639 1623 704; baseline -0.006 -15"><span class='ocrx_word' id='word_1_47' title='bbox 209 647 351 704; x_wconf 91' lang='lat' dir='ltr'>perius</span> <span class='ocrx_word' id='word_1_48' title='bbox 385 644 470 702; x_wconf 86' lang='lat'>(1),</span> <span class='ocrx_word' id='word_1_49' title='bbox 502 642 569 686; x_wconf 78' lang='lat' dir='ltr'>lex</span> <span class='ocrx_word' id='word_1_50' title='bbox 601 657 690 685; x_wconf 92' lang='lat' dir='ltr'>non</span> <span class='ocrx_word' id='word_1_51' title='bbox 723 640 848 694; x_wconf 79' lang='lat' dir='ltr'>tollit,</span> <span class='ocrx_word' id='word_1_52' title='bbox 882 641 957 684; x_wconf 89' lang='lat' dir='ltr'>sed</span> <span class='ocrx_word' id='word_1_53' title='bbox 990 652 1172 683; x_wconf 88' lang='lat' dir='ltr'>coarctat</span> <span class='ocrx_word' id='word_1_54' title='bbox 1205 639 1425 697; x_wconf 83' lang='lat' dir='ltr'>physicam</span> <span class='ocrx_word' id='word_1_55' title='bbox 1463 639 1623 682; x_wconf 91' lang='lat' dir='ltr'>volun-</span> 
     </span>
     <span class='ocr_line' id='line_1_9' title="bbox 209 710 1632 771; baseline -0.004 -11"><span class='ocrx_word' id='word_1_56' title='bbox 209 718 304 760; x_wconf 89' lang='lat' dir='ltr'>tatis</span> <span class='ocrx_word' id='word_1_57' title='bbox 336 715 586 767; x_wconf 87' lang='lat' dir='ltr'>libertatem,</span> <span class='ocrx_word' id='word_1_58' title='bbox 620 712 748 771; x_wconf 90' lang='lat' dir='ltr'>idque</span> <span class='ocrx_word' id='word_1_59' title='bbox 782 724 964 770; x_wconf 78' lang='lat' dir='ltr'>praestat</span> <span class='ocrx_word' id='word_1_60' title='bbox 996 727 1083 754; x_wconf 89' lang='lat' dir='ltr'>non</span> <span class='ocrx_word' id='word_1_61' title='bbox 1110 712 1280 769; x_wconf 71' lang='lat' dir='ltr'>physice,</span> <span class='ocrx_word' id='word_1_62' title='bbox 1304 710 1378 754; x_wconf 87' lang='lat' dir='ltr'>sed</span> <span class='ocrx_word' id='word_1_63' title='bbox 1403 710 1632 755; x_wconf 78' lang='lat' dir='ltr'>moraliter:</span> 
     </span>
     <span class='ocr_line' id='line_1_10' title="bbox 209 782 1624 846; baseline -0.005 -15"><span class='ocrx_word' id='word_1_64' title='bbox 209 800 308 831; x_wconf 85' lang='lat' dir='ltr'>sunt</span> <span class='ocrx_word' id='word_1_65' title='bbox 343 787 387 846; x_wconf 61' lang='grc' dir='ltr'>γ)</span> <span class='ocrx_word' id='word_1_66' title='bbox 420 787 621 839; x_wconf 81' lang='lat' dir='ltr'>actiones,</span> <span class='ocrx_word' id='word_1_67' title='bbox 656 801 762 842; x_wconf 90' lang='lat' dir='ltr'>quae</span> <span class='ocrx_word' id='word_1_68' title='bbox 795 785 890 827; x_wconf 91' lang='lat' dir='ltr'>Deo</span> <span class='ocrx_word' id='word_1_69' title='bbox 925 782 1106 840; x_wconf 78' lang='lat' dir='ltr'>gloriam</span> <span class='ocrx_word' id='word_1_70' title='bbox 1130 782 1307 825; x_wconf 85' lang='lat' dir='ltr'>afferunt</span> <span class='ocrx_word' id='word_1_71' title='bbox 1330 783 1624 835; x_wconf 85' lang='lat' dir='ltr'>extrinsecam,</span> 
     </span>
     <span class='ocr_line' id='line_1_11' title="bbox 209 852 1622 918; baseline -0.004 -16"><span class='ocrx_word' id='word_1_72' title='bbox 209 861 306 918; x_wconf 89' lang='lat' dir='ltr'>quia</span> <span class='ocrx_word' id='word_1_73' title='bbox 338 859 446 902; x_wconf 89' lang='lat' dir='ltr'>sicut</span> <span class='ocrx_word' id='word_1_74' title='bbox 478 857 540 901; x_wconf 72' lang='lat' dir='ltr'>illa</span> <span class='ocrx_word' id='word_1_75' title='bbox 574 858 642 915; x_wconf 79' lang='lat' dir='ltr'>qui</span> <span class='ocrx_word' id='word_1_76' title='bbox 672 856 801 899; x_wconf 74' lang='lat' dir='ltr'>violat</span> <span class='ocrx_word' id='word_1_77' title='bbox 848 855 967 912; x_wconf 73' lang='lat' dir='ltr'>legem</span> <span class='ocrx_word' id='word_1_78' title='bbox 1000 853 1166 912; x_wconf 68' lang='lat' dir='ltr'>offendit</span> <span class='ocrx_word' id='word_1_79' title='bbox 1211 854 1365 911; x_wconf 74' lang='lat' dir='ltr'>Regem,</span> <span class='ocrx_word' id='word_1_80' title='bbox 1413 855 1504 896; x_wconf 86' lang='lat' dir='ltr'>eius</span> <span class='ocrx_word' id='word_1_81' title='bbox 1539 852 1622 896; x_wconf 93' lang='lat' dir='ltr'>do-</span> 
     </span>
     <span class='ocr_line' id='line_1_12' title="bbox 209 925 1627 985; baseline -0.004 -12"><span class='ocrx_word' id='word_1_82' title='bbox 209 931 392 973; x_wconf 89' lang='lat' dir='ltr'>minium</span> <span class='ocrx_word' id='word_1_83' title='bbox 435 942 474 972; x_wconf 93' lang='lat' dir='ltr'>et</span> <span class='ocrx_word' id='word_1_84' title='bbox 505 927 743 985; x_wconf 89' lang='lat' dir='ltr'>imperandi</span> <span class='ocrx_word' id='word_1_85' title='bbox 786 938 1044 984; x_wconf 87' lang='lat' dir='ltr'>potestatem</span> <span class='ocrx_word' id='word_1_86' title='bbox 1089 926 1270 983; x_wconf 88' lang='lat' dir='ltr'>practice</span> <span class='ocrx_word' id='word_1_87' title='bbox 1319 925 1535 982; x_wconf 87' lang='lat' dir='ltr'>negando,</span> <span class='ocrx_word' id='word_1_88' title='bbox 1569 925 1627 968; x_wconf 88' lang='lat' dir='ltr'>ita</span> 
     </span>
     <span class='ocr_line' id='line_1_13' title="bbox 208 997 1624 1058; baseline -0.005 -14"><span class='ocrx_word' id='word_1_89' title='bbox 208 1001 275 1044; x_wconf 90' lang='lat' dir='ltr'>ille</span> <span class='ocrx_word' id='word_1_90' title='bbox 309 1001 382 1058; x_wconf 89' lang='lat' dir='ltr'>qui</span> <span class='ocrx_word' id='word_1_91' title='bbox 415 999 601 1043; x_wconf 75' lang='lat' dir='ltr'>observat</span> <span class='ocrx_word' id='word_1_92' title='bbox 638 999 756 1055; x_wconf 75' lang='lat' dir='ltr'>Iegem</span> <span class='ocrx_word' id='word_1_93' title='bbox 802 998 971 1040; x_wconf 78' lang='lat' dir='ltr'>honorat</span> <span class='ocrx_word' id='word_1_94' title='bbox 1020 998 1171 1053; x_wconf 67' lang='lat' dir='ltr'>Regem,</span> <span class='ocrx_word' id='word_1_95' title='bbox 1220 997 1310 1039; x_wconf 90' lang='lat' dir='ltr'>eius</span> <span class='ocrx_word' id='word_1_96' title='bbox 1359 997 1624 1039; x_wconf 86' lang='lat' dir='ltr'>maiestatem</span> 
     </span>
     <span class='ocr_line' id='line_1_14' title="bbox 208 1066 1631 1129; baseline -0.004 -14"><span class='ocrx_word' id='word_1_97' title='bbox 208 1087 255 1115; x_wconf 89' lang='lat' dir='ltr'>ac</span> <span class='ocrx_word' id='word_1_98' title='bbox 287 1069 572 1129; x_wconf 88' lang='lat' dir='ltr'>praecipiendi</span> <span class='ocrx_word' id='word_1_99' title='bbox 620 1070 684 1111; x_wconf 87' lang='lat' dir='ltr'>ius</span> <span class='ocrx_word' id='word_1_100' title='bbox 720 1070 898 1126; x_wconf 88' lang='lat' dir='ltr'>practice</span> <span class='ocrx_word' id='word_1_101' title='bbox 947 1067 1298 1124; x_wconf 83' lang='lat' dir='ltr'>recognoscendo</span> <span class='ocrx_word' id='word_1_102' title='bbox 1347 1080 1470 1125; x_wconf 87' lang='lat' dir='ltr'>atque</span> <span class='ocrx_word' id='word_1_103' title='bbox 1510 1066 1631 1110; x_wconf 82' lang='lat' dir='ltr'>affir-</span> 
     </span>
     <span class='ocr_line' id='line_1_15' title="bbox 209 1137 1627 1201; baseline -0.004 -17"><span class='ocrx_word' id='word_1_104' title='bbox 209 1140 381 1185; x_wconf 86' lang='lat' dir='ltr'>mando:</span> <span class='ocrx_word' id='word_1_105' title='bbox 404 1153 513 1201; x_wconf 15' lang='lat' dir='ltr'>,sunt</span> <span class='ocrx_word' id='word_1_106' title='bbox 541 1140 585 1197; x_wconf 61' lang='grc' dir='ltr'>ὅ)</span> <span class='ocrx_word' id='word_1_107' title='bbox 614 1140 799 1182; x_wconf 88' lang='lat' dir='ltr'>actiones</span> <span class='ocrx_word' id='word_1_108' title='bbox 833 1155 854 1181; x_wconf 91' lang='lat' dir='ltr'>a</span> <span class='ocrx_word' id='word_1_109' title='bbox 888 1139 985 1181; x_wconf 85' lang='lat' dir='ltr'>Deo</span> <span class='ocrx_word' id='word_1_110' title='bbox 1019 1150 1252 1195; x_wconf 86' lang='lat' dir='ltr'>acceptatae</span> <span class='ocrx_word' id='word_1_111' title='bbox 1286 1138 1335 1181; x_wconf 86' lang='lat' dir='ltr'>ad</span> <span class='ocrx_word' id='word_1_112' title='bbox 1363 1137 1627 1194; x_wconf 75' lang='lat' dir='ltr'>mercedem,</span> 
     </span>
     <span class='ocr_line' id='line_1_16' title="bbox 209 1208 1618 1271; baseline -0.004 -15"><span class='ocrx_word' id='word_1_113' title='bbox 209 1209 438 1271; x_wconf 81' lang='lat' dir='ltr'>siquidem,</span> <span class='ocrx_word' id='word_1_114' title='bbox 454 1224 499 1253; x_wconf 90' lang='lat' dir='ltr'>ut</span> <span class='ocrx_word' id='word_1_115' title='bbox 532 1211 575 1253; x_wconf 92' lang='lat' dir='ltr'>in</span> <span class='ocrx_word' id='word_1_116' title='bbox 609 1210 742 1267; x_wconf 83' lang='lat' dir='ltr'>capite</span> <span class='ocrx_word' id='word_1_117' title='bbox 777 1210 917 1267; x_wconf 89' lang='lat' dir='ltr'>primo</span> <span class='ocrx_word' id='word_1_118' title='bbox 946 1209 1229 1265; x_wconf 80' lang='lat' dir='ltr'>ostendimus,</span> <span class='ocrx_word' id='word_1_119' title='bbox 1252 1210 1369 1252; x_wconf 90' lang='lat' dir='ltr'>Deus</span> <span class='ocrx_word' id='word_1_120' title='bbox 1394 1208 1618 1252; x_wconf 88' lang='lat' dir='ltr'>hominem</span> 
     </span>
     <span class='ocr_line' id='line_1_17' title="bbox 211 1279 1626 1338; baseline -0.002 -12"><span class='ocrx_word' id='word_1_121' title='bbox 211 1299 355 1327; x_wconf 91' lang='lat' dir='ltr'>creans</span> <span class='ocrx_word' id='word_1_122' title='bbox 389 1298 488 1325; x_wconf 90' lang='lat' dir='ltr'>eum</span> <span class='ocrx_word' id='word_1_123' title='bbox 523 1280 693 1324; x_wconf 84' lang='lat' dir='ltr'>ordinat</span> <span class='ocrx_word' id='word_1_124' title='bbox 725 1280 776 1323; x_wconf 89' lang='lat' dir='ltr'>ad</span> <span class='ocrx_word' id='word_1_125' title='bbox 809 1279 1038 1338; x_wconf 79' lang='lat' dir='ltr'>perfectam</span> <span class='ocrx_word' id='word_1_126' title='bbox 1073 1279 1332 1333; x_wconf 80' lang='lat' dir='ltr'>felicitatem,</span> <span class='ocrx_word' id='word_1_127' title='bbox 1367 1281 1485 1322; x_wconf 89' lang='lat' dir='ltr'>cuius</span> <span class='ocrx_word' id='word_1_128' title='bbox 1520 1295 1626 1323; x_wconf 92' lang='lat' dir='ltr'>con-</span> 
     </span>
     <span class='ocr_line' id='line_1_18' title="bbox 210 1351 1630 1410; baseline -0.003 -12"><span class='ocrx_word' id='word_1_129' title='bbox 210 1355 476 1399; x_wconf 86' lang='lat' dir='ltr'>secutionem</span> <span class='ocrx_word' id='word_1_130' title='bbox 508 1369 613 1396; x_wconf 87' lang='lat' dir='ltr'>voce</span> <span class='ocrx_word' id='word_1_131' title='bbox 647 1366 819 1396; x_wconf 85' lang='lat' dir='ltr'>naturae</span> <span class='ocrx_word' id='word_1_132' title='bbox 854 1354 889 1395; x_wconf 82' lang='lat' dir='ltr'>ei</span> <span class='ocrx_word' id='word_1_133' title='bbox 923 1353 1148 1410; x_wconf 87' lang='lat' dir='ltr'>promittit,</span> <span class='ocrx_word' id='word_1_134' title='bbox 1182 1354 1216 1394; x_wconf 90' lang='lat' dir='ltr'>si</span> <span class='ocrx_word' id='word_1_135' title='bbox 1249 1365 1393 1395; x_wconf 87' lang='lat' dir='ltr'>tamen</span> <span class='ocrx_word' id='word_1_136' title='bbox 1426 1353 1516 1410; x_wconf 91' lang='lat' dir='ltr'>ipse</span> <span class='ocrx_word' id='word_1_137' title='bbox 1549 1351 1630 1395; x_wconf 88' lang='lat' dir='ltr'>hac</span> 
     </span>
     <span class='ocr_line' id='line_1_19' title="bbox 209 1423 1627 1481; baseline -0.003 -12"><span class='ocrx_word' id='word_1_138' title='bbox 209 1428 252 1469; x_wconf 91' lang='lat' dir='ltr'>in</span> <span class='ocrx_word' id='word_1_139' title='bbox 290 1427 376 1469; x_wconf 84' lang='lat' dir='ltr'>vita</span> <span class='ocrx_word' id='word_1_140' title='bbox 421 1424 591 1467; x_wconf 87' lang='lat' dir='ltr'>mortali</span> <span class='ocrx_word' id='word_1_141' title='bbox 636 1423 776 1481; x_wconf 81' lang='lat' dir='ltr'>legem</span> <span class='ocrx_word' id='word_1_142' title='bbox 825 1423 1021 1466; x_wconf 82' lang='lat' dir='ltr'>observet</span> <span class='ocrx_word' id='word_1_143' title='bbox 1068 1439 1142 1467; x_wconf 89' lang='lat' dir='ltr'>seu</span> <span class='ocrx_word' id='word_1_144' title='bbox 1191 1423 1390 1467; x_wconf 87' lang='lat' dir='ltr'>honestas</span> <span class='ocrx_word' id='word_1_145' title='bbox 1437 1424 1627 1466; x_wconf 87' lang='lat' dir='ltr'>actiones·</span> 
     </span>
     <span class='ocr_line' id='line_1_20' title="bbox 211 1495 1634 1555; baseline -0.001 -15"><span class='ocrx_word' id='word_1_146' title='bbox 211 1509 356 1555; x_wconf 85' lang='lat' dir='ltr'>ponat,</span> <span class='ocrx_word' id='word_1_147' title='bbox 389 1497 491 1540; x_wconf 90' lang='lat' dir='ltr'>vitet</span> <span class='ocrx_word' id='word_1_148' title='bbox 523 1495 770 1539; x_wconf 84' lang='lat' dir='ltr'>inhonestas</span> <span class='ocrx_word' id='word_1_149' title='bbox 803 1495 887 1554; x_wconf 85' lang='lat'>(2):</span> <span class='ocrx_word' id='word_1_150' title='bbox 917 1508 1014 1538; x_wconf 89' lang='lat' dir='ltr'>sunt</span> <span class='ocrx_word' id='word_1_151' title='bbox 1047 1495 1082 1553; x_wconf 75' lang='grc' dir='ltr'>ε)</span> <span class='ocrx_word' id='word_1_152' title='bbox 1115 1497 1300 1539; x_wconf 87' lang='lat' dir='ltr'>actiones</span> <span class='ocrx_word' id='word_1_153' title='bbox 1344 1511 1431 1539; x_wconf 92' lang='lat' dir='ltr'>non</span> <span class='ocrx_word' id='word_1_154' title='bbox 1465 1495 1634 1539; x_wconf 83' lang='lat' dir='ltr'>debitae</span> 
     </span>
     <span class='ocr_line' id='line_1_21' title="bbox 211 1567 1635 1624; baseline -0.001 -13"><span class='ocrx_word' id='word_1_155' title='bbox 211 1585 262 1611; x_wconf 85' lang='lat' dir='ltr'>ex</span> <span class='ocrx_word' id='word_1_156' title='bbox 293 1567 487 1611; x_wconf 86' lang='lat' dir='ltr'>mercede</span> <span class='ocrx_word' id='word_1_157' title='bbox 520 1568 604 1610; x_wconf 88' lang='lat' dir='ltr'>iam</span> <span class='ocrx_word' id='word_1_158' title='bbox 639 1567 689 1610; x_wconf 88' lang='lat' dir='ltr'>ad</span> <span class='ocrx_word' id='word_1_159' title='bbox 722 1568 763 1610; x_wconf 90' lang='lat' dir='ltr'>id</span> <span class='ocrx_word' id='word_1_160' title='bbox 796 1580 916 1624; x_wconf 84' lang='lat' dir='ltr'>pacta</span> <span class='ocrx_word' id='word_1_161' title='bbox 949 1581 988 1610; x_wconf 87' lang='lat' dir='ltr'>et</span> <span class='ocrx_word' id='word_1_162' title='bbox 1020 1580 1200 1624; x_wconf 86' lang='lat' dir='ltr'>recepta.</span> <span class='ocrx_word' id='word_1_163' title='bbox 1245 1568 1377 1624; x_wconf 78' lang='lat' dir='ltr'>Atqui</span> <span class='ocrx_word' id='word_1_164' title='bbox 1425 1568 1635 1624; x_wconf 81' lang='lat' dir='ltr'>actiones,</span> 
     </span>
     <span class='ocr_line' id='line_1_22' title="bbox 212 1636 1628 1695; baseline -0.001 -14"><span class='ocrx_word' id='word_1_165' title='bbox 212 1638 366 1695; x_wconf 87' lang='lat' dir='ltr'>quibus</span> <span class='ocrx_word' id='word_1_166' title='bbox 390 1637 466 1681; x_wconf 87' lang='lat' dir='ltr'>hae</span> <span class='ocrx_word' id='word_1_167' title='bbox 493 1639 623 1680; x_wconf 89' lang='lat' dir='ltr'>insint</span> <span class='ocrx_word' id='word_1_168' title='bbox 646 1637 929 1689; x_wconf 88' lang='lat' dir='ltr'>conditiones,</span> <span class='ocrx_word' id='word_1_169' title='bbox 965 1651 1064 1681; x_wconf 89' lang='lat' dir='ltr'>sunt</span> <span class='ocrx_word' id='word_1_170' title='bbox 1097 1639 1297 1695; x_wconf 85' lang='lat' dir='ltr'>actiones,</span> <span class='ocrx_word' id='word_1_171' title='bbox 1331 1639 1449 1695; x_wconf 89' lang='lat' dir='ltr'>queis</span> <span class='ocrx_word' id='word_1_172' title='bbox 1497 1636 1628 1680; x_wconf 90' lang='lat' dir='ltr'>debe-</span> 
     </span>
     <span class='ocr_line' id='line_1_23' title="bbox 213 1708 1622 1766; baseline -0.001 -15"><span class='ocrx_word' id='word_1_173' title='bbox 213 1723 281 1752; x_wconf 89' lang='lat' dir='ltr'>tur</span> <span class='ocrx_word' id='word_1_174' title='bbox 313 1708 534 1752; x_wconf 87' lang='lat' dir='ltr'>retributio</span> <span class='ocrx_word' id='word_1_175' title='bbox 567 1710 758 1766; x_wconf 84' lang='lat' dir='ltr'>praemii,</span> <span class='ocrx_word' id='word_1_176' title='bbox 791 1722 831 1751; x_wconf 89' lang='lat' dir='ltr'>et</span> <span class='ocrx_word' id='word_1_177' title='bbox 864 1722 1175 1766; x_wconf 88' lang='lat' dir='ltr'>consequenter</span> <span class='ocrx_word' id='word_1_178' title='bbox 1217 1722 1315 1752; x_wconf 92' lang='lat' dir='ltr'>sunt</span> <span class='ocrx_word' id='word_1_179' title='bbox 1363 1709 1622 1751; x_wconf 86' lang='lat' dir='ltr'>meritoriae:</span> 
     </span>
     <span class='ocr_line' id='line_1_24' title="bbox 215 1780 1632 1838; baseline -0.001 -16"><span class='ocrx_word' id='word_1_180' title='bbox 215 1781 427 1823; x_wconf 85' lang='lat' dir='ltr'>actionem</span> <span class='ocrx_word' id='word_1_181' title='bbox 477 1781 590 1823; x_wconf 88' lang='lat' dir='ltr'>enim</span> <span class='ocrx_word' id='word_1_182' title='bbox 639 1795 732 1823; x_wconf 87' lang='lat' dir='ltr'>esse</span> <span class='ocrx_word' id='word_1_183' title='bbox 780 1781 1044 1823; x_wconf 85' lang='lat' dir='ltr'>meritoriam</span> <span class='ocrx_word' id='word_1_184' title='bbox 1092 1780 1190 1823; x_wconf 84' lang='lat' dir='ltr'>huic</span> <span class='ocrx_word' id='word_1_185' title='bbox 1237 1780 1483 1838; x_wconf 81' lang='lat' dir='ltr'>aequivalet,</span> <span class='ocrx_word' id='word_1_186' title='bbox 1532 1794 1632 1822; x_wconf 33' lang='lat' dir='ltr'>eam.</span> 
     </span>
    </p>
   </div>
   <div class='ocr_carea' id='block_1_3' title="bbox 217 1918 462 1923">
    <p class='ocr_par' dir='ltr' id='par_1_4' title="bbox 217 1918 462 1923">
     <span class='ocr_line' id='line_1_25' title="bbox 217 1918 462 1923; baseline 0 0"><span class='ocrx_word' id='word_1_187' title='bbox 217 1918 462 1923; x_wconf 95' lang='lat' dir='ltr'> </span> 
     </span>
    </p>
   </div>
   <div class='ocr_carea' id='block_1_4' title="bbox 213 1976 1630 2612">
    <p class='ocr_par' dir='ltr' id='par_1_5' title="bbox 215 1976 1622 2130">
     <span class='ocr_line' id='line_1_26' title="bbox 215 1976 1620 2022; baseline -0.001 -11"><span class='ocrx_word' id='word_1_188' title='bbox 215 1978 486 2013; x_wconf 86' lang='lat' dir='ltr'>constitutione.</span> <span class='ocrx_word' id='word_1_189' title='bbox 512 1978 662 2021; x_wconf 86' lang='lat' dir='ltr'>Semper</span> <span class='ocrx_word' id='word_1_190' title='bbox 700 1978 796 2010; x_wconf 84' lang='lat' dir='ltr'>enim</span> <span class='ocrx_word' id='word_1_191' title='bbox 837 1977 931 2011; x_wconf 81' lang='lat' dir='ltr'>cives</span> <span class='ocrx_word' id='word_1_192' title='bbox 957 1977 1118 2018; x_wconf 85' lang='lat' dir='ltr'>tutelam,</span> <span class='ocrx_word' id='word_1_193' title='bbox 1157 1976 1404 2011; x_wconf 86' lang='lat' dir='ltr'>adiumentum</span> <span class='ocrx_word' id='word_1_194' title='bbox 1442 1988 1482 2011; x_wconf 88' lang='lat' dir='ltr'>ac</span> <span class='ocrx_word' id='word_1_195' title='bbox 1520 1976 1620 2022; x_wconf 87' lang='lat' dir='ltr'>plura</span> 
     </span>
     <span class='ocr_line' id='line_1_27' title="bbox 215 2035 1622 2082; baseline 0 -12"><span class='ocrx_word' id='word_1_196' title='bbox 215 2037 283 2070; x_wconf 84' lang='lat' dir='ltr'>alia</span> <span class='ocrx_word' id='word_1_197' title='bbox 311 2036 505 2070; x_wconf 84' lang='lat' dir='ltr'>commoda</span> <span class='ocrx_word' id='word_1_198' title='bbox 540 2037 575 2068; x_wconf 83' lang='lat' dir='ltr'>in</span> <span class='ocrx_word' id='word_1_199' title='bbox 603 2045 697 2070; x_wconf 87' lang='lat' dir='ltr'>recte</span> <span class='ocrx_word' id='word_1_200' title='bbox 736 2035 900 2070; x_wconf 83' lang='lat' dir='ltr'>ordinata</span> <span class='ocrx_word' id='word_1_201' title='bbox 940 2037 1111 2070; x_wconf 82' lang='lat' dir='ltr'>societate</span> <span class='ocrx_word' id='word_1_202' title='bbox 1149 2037 1327 2079; x_wconf 85' lang='lat' dir='ltr'>obtinent,</span> <span class='ocrx_word' id='word_1_203' title='bbox 1354 2037 1479 2082; x_wconf 87' lang='lat' dir='ltr'>quibus</span> <span class='ocrx_word' id='word_1_204' title='bbox 1518 2036 1622 2070; x_wconf 84' lang='lat' dir='ltr'>bonis</span> 
     </span>
     <span class='ocr_line' id='line_1_28' title="bbox 216 2095 782 2130; baseline -0.007 -1"><span class='ocrx_word' id='word_1_205' title='bbox 216 2096 398 2130; x_wconf 85' lang='lat' dir='ltr'>societatis</span> <span class='ocrx_word' id='word_1_206' title='bbox 423 2095 504 2129; x_wconf 87' lang='lat' dir='ltr'>finis</span> <span class='ocrx_word' id='word_1_207' title='bbox 532 2095 782 2129; x_wconf 80' lang='lat' dir='ltr'>continetur.»</span> 
     </span>
    </p>

    <p class='ocr_par' dir='ltr' id='par_1_6' title="bbox 310 2154 917 2200">
     <span class='ocr_line' id='line_1_29' title="bbox 310 2154 917 2200; baseline -0.002 -11"><span class='ocrx_word' id='word_1_208' title='bbox 310 2155 366 2200; x_wconf 90' lang='lat'>(1)</span> <span class='ocrx_word' id='word_1_209' title='bbox 392 2154 485 2189; x_wconf 87' lang='lat' dir='ltr'>Vide</span> <span class='ocrx_word' id='word_1_210' title='bbox 511 2165 609 2187; x_wconf 88' lang='lat' dir='ltr'>num.</span> <span class='ocrx_word' id='word_1_211' title='bbox 637 2164 692 2195; x_wconf 70' lang='lat'>44.</span> <span class='ocrx_word' id='word_1_212' title='bbox 722 2166 805 2200; x_wconf 83' lang='lat' dir='ltr'>pag.</span> <span class='ocrx_word' id='word_1_213' title='bbox 840 2163 917 2196; x_wconf 79' lang='lat'>135.</span> 
     </span>
    </p>

    <p class='ocr_par' dir='ltr' id='par_1_7' title="bbox 213 2213 1630 2612">
     <span class='ocr_line' id='line_1_30' title="bbox 309 2213 1629 2260; baseline 0 -13"><span class='ocrx_word' id='word_1_214' title='bbox 309 2215 364 2259; x_wconf 84' lang='lat'>(2)</span> <span class='ocrx_word' id='word_1_215' title='bbox 391 2213 694 2258; x_wconf 85' lang='lat' dir='ltr'>Acceptationem</span> <span class='ocrx_word' id='word_1_216' title='bbox 734 2213 777 2246; x_wconf 79' lang='lat' dir='ltr'>ad</span> <span class='ocrx_word' id='word_1_217' title='bbox 817 2214 1036 2255; x_wconf 85' lang='lat' dir='ltr'>mercedem,</span> <span class='ocrx_word' id='word_1_218' title='bbox 1065 2225 1172 2260; x_wconf 84' lang='lat' dir='ltr'>quam</span> <span class='ocrx_word' id='word_1_219' title='bbox 1210 2213 1287 2258; x_wconf 85' lang='lat' dir='ltr'>ipsa</span> <span class='ocrx_word' id='word_1_220' title='bbox 1323 2213 1497 2246; x_wconf 84' lang='lat' dir='ltr'>naturalis</span> <span class='ocrx_word' id='word_1_221' title='bbox 1536 2213 1629 2247; x_wconf 87' lang='lat' dir='ltr'>ratio</span> 
     </span>
     <span class='ocr_line' id='line_1_31' title="bbox 213 2270 1630 2317; baseline 0 -11"><span class='ocrx_word' id='word_1_222' title='bbox 213 2271 392 2317; x_wconf 78' lang='lat' dir='ltr'>patefacit,</span> <span class='ocrx_word' id='word_1_223' title='bbox 420 2272 638 2307; x_wconf 86' lang='lat' dir='ltr'>luculentius</span> <span class='ocrx_word' id='word_1_224' title='bbox 678 2272 834 2306; x_wconf 80' lang='lat' dir='ltr'>ostendit</span> <span class='ocrx_word' id='word_1_225' title='bbox 861 2272 1042 2307; x_wconf 86' lang='lat' dir='ltr'>revelatio.</span> <span class='ocrx_word' id='word_1_226' title='bbox 1082 2271 1209 2306; x_wconf 84' lang='lat' dir='ltr'>Matth.</span> <span class='ocrx_word' id='word_1_227' title='bbox 1249 2272 1295 2306; x_wconf 89' lang='lat' dir='ltr'>V.</span> <span class='ocrx_word' id='word_1_228' title='bbox 1331 2281 1378 2306; x_wconf 89' lang='lat'>12.</span> <span class='ocrx_word' id='word_1_229' title='bbox 1409 2270 1564 2306; x_wconf 72' lang='lat' dir='ltr'>Gaudete</span> <span class='ocrx_word' id='word_1_230' title='bbox 1601 2277 1630 2306; x_wconf 82' lang='lat' dir='ltr'>et</span> 
     </span>
     <span class='ocr_line' id='line_1_32' title="bbox 213 2330 1623 2377; baseline 0.001 -13"><span class='ocrx_word' id='word_1_231' title='bbox 213 2332 368 2371; x_wconf 68' lang='lat' dir='ltr'>exultate,</span> <span class='ocrx_word' id='word_1_232' title='bbox 396 2332 555 2377; x_wconf 77' lang='lat' dir='ltr'>quoniam</span> <span class='ocrx_word' id='word_1_233' title='bbox 583 2343 701 2366; x_wconf 70' lang='lat' dir='ltr'>merces</span> <span class='ocrx_word' id='word_1_234' title='bbox 729 2335 840 2365; x_wconf 74' lang='lat' dir='ltr'>vestra</span> <span class='ocrx_word' id='word_1_235' title='bbox 867 2332 999 2377; x_wconf 72' lang='lat' dir='ltr'>copiosa</span> <span class='ocrx_word' id='word_1_236' title='bbox 1038 2337 1084 2365; x_wconf 70' lang='lat' dir='ltr'>est</span> <span class='ocrx_word' id='word_1_237' title='bbox 1110 2332 1145 2364; x_wconf 79' lang='lat' dir='ltr'>in</span> <span class='ocrx_word' id='word_1_238' title='bbox 1172 2331 1272 2365; x_wconf 75' lang='lat' dir='ltr'>coelo.</span> <span class='ocrx_word' id='word_1_239' title='bbox 1305 2341 1330 2365; x_wconf 92' lang='lat'>1.</span> <span class='ocrx_word' id='word_1_240' title='bbox 1359 2330 1403 2364; x_wconf 88' lang='lat' dir='ltr'>ad</span> <span class='ocrx_word' id='word_1_241' title='bbox 1446 2331 1530 2365; x_wconf 90' lang='lat' dir='ltr'>Cor.</span> <span class='ocrx_word' id='word_1_242' title='bbox 1560 2330 1623 2365; x_wconf 90' lang='grc' dir='ltr'><strong>ΙΙΙ.</strong></span> 
     </span>
     <span class='ocr_line' id='line_1_33' title="bbox 215 2376 1625 2437; baseline -0.001 -14"><span class='ocrx_word' id='word_1_243' title='bbox 215 2390 246 2424; x_wconf 86' lang='grc'>8.</span> <span class='ocrx_word' id='word_1_244' title='bbox 278 2391 504 2436; x_wconf 71' lang='lat' dir='ltr'>Unusquisque</span> <span class='ocrx_word' id='word_1_245' title='bbox 525 2391 706 2437; x_wconf 78' lang='lat' dir='ltr'>proprium</span> <span class='ocrx_word' id='word_1_246' title='bbox 734 2389 912 2425; x_wconf 73' lang='lat' dir='ltr'>mercedem</span> <span class='ocrx_word' id='word_1_247' title='bbox 938 2376 1086 2437; x_wconf 65' lang='lat' dir='ltr'>accipiet,</span> <span class='ocrx_word' id='word_1_248' title='bbox 1123 2391 1300 2424; x_wconf 65' lang='lat' dir='ltr'>secundum</span> <span class='ocrx_word' id='word_1_249' title='bbox 1325 2401 1422 2424; x_wconf 80' lang='lat' dir='ltr'>suum</span> <span class='ocrx_word' id='word_1_250' title='bbox 1462 2389 1625 2423; x_wconf 77' lang='lat' dir='ltr'>laborem.</span> 
     </span>
     <span class='ocr_line' id='line_1_34' title="bbox 215 2449 1625 2496; baseline 0 -15"><span class='ocrx_word' id='word_1_251' title='bbox 215 2449 256 2483; x_wconf 85' lang='grc' dir='ltr'>ΙΙ.</span> <span class='ocrx_word' id='word_1_252' title='bbox 277 2449 319 2482; x_wconf 88' lang='lat' dir='ltr'>ad</span> <span class='ocrx_word' id='word_1_253' title='bbox 339 2450 435 2484; x_wconf 86' lang='lat' dir='ltr'>Tim.</span> <span class='ocrx_word' id='word_1_254' title='bbox 462 2451 523 2484; x_wconf 91' lang='lat' dir='ltr'>IV.</span> <span class='ocrx_word' id='word_1_255' title='bbox 543 2450 574 2484; x_wconf 90' lang='lat'>8.</span> <span class='ocrx_word' id='word_1_256' title='bbox 602 2451 758 2496; x_wconf 71' lang='lat' dir='ltr'>Repositcz</span> <span class='ocrx_word' id='word_1_257' title='bbox 783 2455 827 2484; x_wconf 74' lang='lat' dir='ltr'>est</span> <span class='ocrx_word' id='word_1_258' title='bbox 853 2450 936 2484; x_wconf 75' lang='lat' dir='ltr'>mihi</span> <span class='ocrx_word' id='word_1_259' title='bbox 962 2460 1086 2484; x_wconf 82' lang='lat' dir='ltr'>corona</span> <span class='ocrx_word' id='word_1_260' title='bbox 1111 2450 1268 2492; x_wconf 71' lang='lat' dir='ltr'>iustitiae,</span> <span class='ocrx_word' id='word_1_261' title='bbox 1296 2460 1394 2495; x_wconf 84' lang='lat' dir='ltr'>quam</span> <span class='ocrx_word' id='word_1_262' title='bbox 1411 2449 1520 2483; x_wconf 67' lang='lat' dir='ltr'>reddet</span> <span class='ocrx_word' id='word_1_263' title='bbox 1538 2449 1625 2483; x_wconf 79' lang='lat' dir='ltr'>mihi</span> 
     </span>
     <span class='ocr_line' id='line_1_35' title="bbox 216 2506 1628 2553; baseline 0 -13"><span class='ocrx_word' id='word_1_264' title='bbox 216 2506 384 2541; x_wconf 82' lang='lat' dir='ltr'>Dominus</span> <span class='ocrx_word' id='word_1_265' title='bbox 409 2508 444 2541; x_wconf 85' lang='lat' dir='ltr'>in</span> <span class='ocrx_word' id='word_1_266' title='bbox 470 2508 532 2541; x_wconf 78' lang='lat' dir='ltr'>illa</span> <span class='ocrx_word' id='word_1_267' title='bbox 557 2507 608 2542; x_wconf 78' lang='lat' dir='ltr'>die</span> <span class='ocrx_word' id='word_1_268' title='bbox 634 2509 737 2542; x_wconf 76' lang='lat' dir='ltr'>iustus</span> <span class='ocrx_word' id='word_1_269' title='bbox 762 2507 874 2543; x_wconf 78' lang='lat' dir='ltr'>iudex:</span> <span class='ocrx_word' id='word_1_270' title='bbox 903 2519 967 2542; x_wconf 83' lang='lat' dir='ltr'>non</span> <span class='ocrx_word' id='word_1_271' title='bbox 993 2508 1098 2542; x_wconf 84' lang='lat' dir='ltr'>solum</span> <span class='ocrx_word' id='word_1_272' title='bbox 1125 2513 1233 2543; x_wconf 80' lang='lat' dir='ltr'>autem</span> <span class='ocrx_word' id='word_1_273' title='bbox 1261 2508 1352 2550; x_wconf 81' lang='lat' dir='ltr'>mihi,</span> <span class='ocrx_word' id='word_1_274' title='bbox 1371 2506 1425 2541; x_wconf 80' lang='lat' dir='ltr'>sed</span> <span class='ocrx_word' id='word_1_275' title='bbox 1449 2513 1478 2542; x_wconf 80' lang='lat' dir='ltr'>el</span> <span class='ocrx_word' id='word_1_276' title='bbox 1502 2507 1544 2541; x_wconf 84' lang='lat' dir='ltr'>iis</span> <span class='ocrx_word' id='word_1_277' title='bbox 1569 2506 1628 2553; x_wconf 84' lang='lat' dir='ltr'>qui</span> 
     </span>
     <span class='ocr_line' id='line_1_36' title="bbox 217 2564 1630 2612; baseline 0.002 -14"><span class='ocrx_word' id='word_1_278' title='bbox 217 2564 364 2612; x_wconf 80' lang='lat' dir='ltr'>diligunt</span> <span class='ocrx_word' id='word_1_279' title='bbox 390 2566 569 2602; x_wconf 80' lang='lat' dir='ltr'>adventum</span> <span class='ocrx_word' id='word_1_280' title='bbox 595 2568 680 2603; x_wconf 75' lang='lat' dir='ltr'>eius.</span> <span class='ocrx_word' id='word_1_281' title='bbox 698 2567 753 2604; x_wconf 91' lang='lat' dir='ltr'>Cf.</span> <span class='ocrx_word' id='word_1_282' title='bbox 771 2568 883 2603; x_wconf 90' lang='lat' dir='ltr'>Conc.</span> <span class='ocrx_word' id='word_1_283' title='bbox 901 2567 997 2603; x_wconf 85' lang='lat' dir='ltr'>Trid.</span> <span class='ocrx_word' id='word_1_284' title='bbox 1015 2579 1100 2604; x_wconf 88' lang='lat' dir='ltr'>sess.</span> <span class='ocrx_word' id='word_1_285' title='bbox 1124 2567 1154 2603; x_wconf 87' lang='lat'>6.</span> <span class='ocrx_word' id='word_1_286' title='bbox 1172 2579 1203 2605; x_wconf 76' lang='lat' dir='ltr'>c,</span> <span class='ocrx_word' id='word_1_287' title='bbox 1237 2567 1287 2603; x_wconf 88' lang='lat'>16.</span> <span class='ocrx_word' id='word_1_288' title='bbox 1303 2576 1338 2603; x_wconf 91' lang='lat' dir='ltr'>et</span> <span class='ocrx_word' id='word_1_289' title='bbox 1362 2578 1440 2602; x_wconf 90' lang='lat' dir='ltr'>can.</span> <span class='ocrx_word' id='word_1_290' title='bbox 1458 2565 1503 2602; x_wconf 88' lang='lat'>26</span> <span class='ocrx_word' id='word_1_291' title='bbox 1517 2575 1551 2602; x_wconf 92' lang='lat' dir='ltr'>et</span> <span class='ocrx_word' id='word_1_292' title='bbox 1567 2575 1630 2610; x_wconf 64' lang='lat'>32-</span> 
     </span>
    </p>
   </div>
   <div class='ocr_carea' id='block_1_5' title="bbox 1672 2430 1734 2784">
    <p class='ocr_par' dir='ltr' id='par_1_8' title="bbox 1672 2430 1734 2784">
     <span class='ocr_line' id='line_1_37' title="bbox 1672 2430 1734 2784; baseline 0 0"><span class='ocrx_word' id='word_1_293' title='bbox 1672 2430 1734 2784; x_wconf 95' lang='lat' dir='ltr'> </span> 
     </span>
    </p>
   </div>
  </div>
 </body>
</html>
