1734 2784
684 120 949 173 -159-

106 215 239 274 Atqui
280 213 332 258 ad
363 212 672 258 admittendam
721 211 972 256 moralitatis
1017 211 1285 255 existentiam
1327 226 1417 254 non
1449 210 1529 254 de-

107 287 358 331 terminatur
390 301 412 328 a
441 285 633 328 motione
665 284 914 337 voluntatis,
949 284 1015 327 cui
1047 274 1405 326 nimirmn‘valde
1429 297 1530 326 one-

110 373 262 402 rosum
296 369 359 401 est
393 358 570 401 existere
603 357 793 400 actiones
827 355 976 413 bonas,
1023 370 1137 413 quae
1169 353 1394 412 ponendae
1426 355 1529 409 sint,

107 441 149 472 et
181 429 338 483 malas,
375 445 397 472 a
431 427 584 486 quibus
620 429 673 471 sit
706 426 1022 470 abstinendum.
1071 427 1186 483 Ergo
1224 425 1532 469 determinatur

107 500 156 543 ab
189 499 422 544 evidentia:
455 499 529 543 sed
565 499 775 542 evidentia
807 511 869 542 est
905 499 1121 542 criterium
1170 498 1375 550 veritatis,
1421 514 1530 555 que-

108 571 390 616 madmodum
427 571 608 615 traditur
640 572 683 627 in
716 572 890 628 Logica.
927 573 1025 614 Hoc
1058 587 1176 628 ergo,
1220 572 1261 613 in
1296 570 1414 628 quod
1449 571 1532 613 ho-

110 644 246 686 mines
281 656 368 686 tam
407 643 667 686 unanimiter
706 643 998 695 consentiunt,
1035 654 1097 686 est
1129 657 1295 695 verum,
1329 658 1403 685 seu
1435 658 1533 685 vere

107 715 252 758 existit
284 713 517 757 moralitas,

227 785 477 829 Declaratur
509 787 685 843 insuper
726 785 769 843 5)
806 802 856 828 ex
889 786 1039 828 intima
1082 785 1420 842 uniuscuiusque
1463 801 1532 827 ex-

108 859 295 915 perentia
327 858 353 900 i.
389 874 422 901 e.
458 870 549 900 tum
600 873 653 900 ex
687 856 989 915 tranquillitate
1037 856 1105 900 vel
1140 857 1335 913 angustia
1383 857 1532 912 animi,

108 945 235 987 quam
270 930 567 986 unusquisque
601 930 641 971 in
676 930 914 985 semetipso
949 929 1179 985 experitur,
1215 927 1343 985 idque
1376 942 1527 970 neces—

107 1001 218 1043 sario
243 1013 282 1043 et
315 1000 653 1052 ineluctabiliter,
679 999 732 1043 ob
760 1000 918 1057 aliquas
943 1000 1145 1052 actioneS,
1171 1000 1247 1042 etsi
1272 1014 1400 1041 nemo
1425 998 1530 1041 alius

109 1073 218 1115 inter
249 1072 450 1115 mortales
485 1071 574 1114 illas
613 1072 848 1128 agnoverit,
899 1084 991 1114 rum
1039 1087 1090 1114 ex
1124 1087 1270 1114 amore
1312 1071 1378 1114 vel
1414 1070 1532 1126 odio,

109 1142 224 1200 quod
257 1143 322 1186 vel
356 1142 628 1186 indeliberate
662 1143 906 1199 experimur
958 1158 1056 1198 erga
1106 1157 1197 1194 eos,
1248 1142 1319 1199 qui
1368 1141 1529 1184 facinus

109 1214 284 1272 aliquod
316 1226 624 1272 perpetrarunt,
659 1215 737 1257 etsi
773 1213 867 1256 ficta
909 1215 962 1256 sit
1011 1215 1195 1257 narratio
1243 1214 1309 1256 vel
1354 1229 1529 1271 reprae-

109 1287 306 1342 sentatio,
338 1297 384 1328 ut
417 1286 460 1328 in
494 1285 643 1328 fabulis
694 1285 760 1328 vel
810 1285 1046 1328 comoediis
1095 1285 1184 1328 fieri
1234 1284 1355 1328 solet.
1403 1286 1528 1338 Quae

110 1357 254 1398 omnia
285 1356 346 1398 sic
377 1355 676 1412 complectitur
709 1355 882 1398 Tullius
915 1355 1011 1414 (1):
1038 1356 1196 1408 «Quis
1231 1368 1291 1398 est
1325 1367 1411 1398 tam
1446 1354 1532 1397 dis-

110 1427 262 1471 similis
296 1427 478 1480 homini,
513 1428 585 1484 qui
618 1443 705 1469 non
739 1440 964 1471 moveatur
999 1440 1040 1470 et
1073 1427 1311 1470 offensione
1345 1427 1532 1484 turpitu-

110 1500 221 1544 dinis
253 1512 292 1542 et
328 1498 680 1555 comprobatione
730 1498 1001 1542 honestatis?
1037 1500 1149 1551 Quis
1194 1512 1274 1551 est,
1326 1500 1396 1556 qui
1446 1514 1533 1541 non

113 1571 250 1615 oderit
272 1569 558 1622 libidinosam,
583 1583 827 1627 protervam
853 1569 1184 1613 adolescentiam
1206 1571 1221 1612 ?
1247 1571 1359 1622 Quis
1386 1583 1532 1612 contra

112 1645 154 1685 in
187 1641 254 1684 illa
286 1653 419 1684 aetate
469 1640 696 1698 pudorem,
744 1642 1042 1694 constantiam,
1092 1641 1258 1683 etiamsi
1310 1655 1384 1683 sua
1427 1639 1533 1681 nihil

112 1715 291 1766 intersit,
335 1729 424 1756 non
457 1726 601 1755 tamen
642 1712 819 1769 diligat?
870 1713 981 1765 Quis
1031 1712 1201 1755 Pullum
1241 1712 1537 1768 Numitorem,

110 1785 407 1843 Fregellanum
459 1784 743 1842 proditorem,
778 1799 1039 1841 quamquam
1075 1782 1330 1840 reipublicae
1360 1794 1535 1826 nostrae

113 1858 287 1917 profuit,
320 1873 405 1900 non
452 1857 575 1900 odit?
611 1857 723 1909 Quis
772 1855 886 1898 urbis
921 1868 1267 1898 conservatorem
1319 1853 1534 1910 Codrum,

112 1929 208 1987 quis
241 1928 463 1971 Erechthei
497 1927 601 1970 filias
634 1943 719 1970 non
746 1928 927 1970 maxime
954 1926 1125 1969 laudat?
1151 1926 1234 1969 Cui
1258 1924 1421 1969 Tubuli
1443 1941 1529 1967 no-

113 2014 210 2042 men
239 1999 339 2043 odio
363 2015 449 2043 non
473 2000 566 2042 est?
591 1999 703 2051 Quis
730 1998 962 2041 Aristidem
989 2009 1082 2040 non'
1100 2009 1323 2040 mortuum
1359 1996 1532 2053 diligit?

112 2073 179 2114 An
212 2071 520 2124 obliviscimur,
555 2084 817 2128 quantopere
851 2070 893 2112 in
928 2068 1157 2124 audiendo,
1184 2070 1224 2111 in
1258 2068 1530 2126 legendoque

114 2158 382 2195 moveamur,
418 2159 551 2200 quum
588 2143 667 2200 pie,
702 2156 836 2198 quum
867 2142 1017 2197 amice,
1042 2156 1177 2198 quum
1202 2155 1361 2196 magno
1386 2140 1533 2181 animo

113 2214 270 2273 aliquid
303 2214 461 2257 factum
496 2213 840 2270 cognoscimus?
875 2212 995 2265 Quid
1029 2212 1184 2269 loquor
1219 2211 1269 2254 de
1298 2210 1435 2263 nobis,
1460 2210 1533 2267 qui

114 2285 163 2329 ad
197 2285 366 2329 laudem
400 2298 440 2329 et
473 2285 524 2328 ad
558 2284 684 2327 decus
719 2285 819 2337 nati,
868 2285 1067 2341 suscepti,
1117 2283 1298 2325 instituti
1349 2282 1534 2324 sumus?

117 2357 208 2410 Qui
262 2357 468 2400 clamores
518 2355 631 2413 vulgi
681 2368 805 2412 atque
855 2356 1159 2412 imperitorum
1210 2353 1445 2397 excitantur
1494 2353 1534 2393 in

210 2542 266 2586 (1)
289 2543 346 2577 De
372 2540 431 2575 fin.
460 2541 544 2575 bon.
573 2548 606 2574 et
633 2539 717 2574 mal.
748 2539 770 2573 l.
798 2539 844 2574 V.
876 2551 905 2574 c.
936 2549 990 2573 22.
1010 2538 1113 2580 Vide,
1134 2549 1239 2585 quam
1267 2546 1362 2572 recte
1389 2537 1535 2573 Tullius

115 2600 311 2648 distinguat
339 2601 431 2635 inter
459 2601 546 2634 haec
574 2599 873 2641 duo,honestalem
902 2608 934 2633 et
963 2598 1142 2632 utilitatem
1179 2597 1343 2632 actionis.
