1734 2784
147 169 239 197 esse
271 155 472 208 animam,
505 171 612 213 quae
646 154 733 198 ullo
757 153 890 198 modo
914 155 1154 199 ratiocinari
1186 157 1336 214 possit,
1369 157 1411 198 in
1445 157 1566 200 cuius

147 226 407 269 conscientia
438 241 526 270 non
557 226 757 285 loquatur
791 228 972 270 Deus».

269 311 363 341 111.
410 298 776 342 DEMoNsTRATm
828 299 861 341 I.
912 299 1162 356 Multiplicia
1208 299 1301 356 legis
1346 300 1557 343 naturalis

139 377 353 427 praecepta
381 377 549 427 possunt
579 369 726 428 absque
757 370 839 413 ullo
873 379 1032 413 externo
1065 373 1175 428 signo
1212 380 1284 429 per
1315 372 1445 415 solum
1477 387 1560 415 na—

145 441 279 484 tivum
310 442 483 484 rationis
515 441 648 484 lumen
680 443 867 498 cognosci.
891 467 947 474 -
966 443 1063 484 Hoc
1095 441 1270 500 quidem
1292 459 1341 485 ex
1366 443 1430 495 iis,
1456 459 1563 500 quae

144 512 188 554 in
221 511 565 569 praecedentibus
598 512 789 555 thesibus
814 529 858 555 ac
882 515 1106 570 praecipue
1128 515 1170 555 in
1193 512 1301 556 thesi
1334 514 1558 570 trigesima

144 583 266 626 tertia
298 582 497 637 diximus,
531 596 595 626 est
628 583 915 627 manifestum:
951 585 1103 627 iuverit
1145 597 1285 627 tamen
1330 600 1459 642 pauca
1491 584 1562 628 ad-

145 655 258 698 dere.
666 642 670 651 .

262 725 395 770 Valde
428 725 504 769 hac
538 727 580 769 in
614 743 658 769 re
692 726 831 770 differt
864 726 929 770 lex
951 726 1149 769 naturalis
1183 743 1204 769 a
1235 726 1328 783 lege
1351 728 1555 783 positiva:

144 798 250 840 ratio
284 809 425 840 autem
459 797 715 841 discriminis
749 798 929 855 petenda
962 810 1024 840 est
1057 814 1107 840 ex
1141 797 1379 841 diversitate
1402 798 1555 841 obiecti

143 885 217 912 seu
250 872 451 913 materiae
483 871 706 928 utriusque
740 871 863 927 legis,
899 884 938 913 et
973 884 1281 928 consequenter
1328 887 1375 913 ex
1419 870 1557 914 diver-

144 942 264 984 sitate
299 941 432 994 modi,
465 958 550 999 quo
585 955 763 999 utraque
796 944 860 985 lex
894 959 915 984 a
946 942 1164 985 voluntate
1192 942 1334 985 latoris
1369 958 1441 985 seu
1479 959 1558 986 au-

144 1014 271 1056 ctoris
307 1013 472 1071 pendet.

263 1087 314 1128 Et
349 1101 390 1128 re
423 1086 597 1144 quidem
631 1103 727 1129 vera
766 1086 806 1143 7)
840 1087 1042 1140 actiones,
1094 1087 1199 1128 circa
1232 1102 1334 1143 quas
1368 1099 1559 1128 versatur

142 1156 208 1198 lex
255 1157 436 1214 positiva
484 1157 713 1214 prohibens
760 1157 833 1206 (de
876 1157 951 1199 hac
994 1156 1296 1199 tantummodo
1341 1155 1559 1198 brevitatis

144 1243 266 1271 causa
314 1229 556 1286 loquemur,
591 1245 698 1286 quae
731 1242 872 1272 autem
908 1230 957 1272 de
991 1230 1082 1286 lege
1124 1229 1320 1285 negativa
1360 1229 1560 1281 dicimus,

143 1315 190 1341 ea
222 1299 374 1343 debent
415 1300 499 1358 legi
547 1301 818 1344 affirmativae
862 1301 1028 1358 aptari),
1077 1314 1174 1343 sunt
1218 1301 1405 1343 actiones
1453 1316 1558 1356 quae

138 1380 307 1428 possunt
340 1372 531 1430 quidem,
565 1389 654 1416 non
696 1386 837 1416 tamen
886 1374 1064 1415 omnino
1112 1374 1275 1425 <refigunt
1326 1371 1555 1428 prohiberi,

144 1458 241 1485 cum
274 1459 361 1486 non
394 1445 476 1487 sint
499 1461 547 1488 ex
578 1461 617 1488 sc
651 1444 795 1487 malae.
836 1445 949 1487 Hinc
982 1461 1030 1486 ex
1065 1460 1181 1486 mera
1213 1443 1447 1485 illiusmodi
1493 1459 1558 1485 ac-

142 1527 267 1557 tuum
300 1515 642 1559 consideratione
691 1532 812 1558 mens
857 1529 1000 1558 nostra
1049 1531 1134 1558 non
1172 1517 1252 1556 iam
1286 1515 1555 1557 existentiam

142 1601 216 1628 seu
264 1586 420 1630 factum
469 1588 610 1646 ipsum
655 1587 971 1645 prohibitionis,
1022 1586 1093 1629 sed
1128 1588 1218 1629 eius
1254 1585 1555 1628 tantummodo

143 1657 467 1715 possibilitatem
516 1672 657 1717 potest
705 1659 918 1713 colligere.
964 1661 1019 1701 At
1066 1660 1098 1700 si
1144 1659 1194 1700 de
1237 1658 1330 1714 lege
1377 1657 1557 1700 naturali

142 1744 286 1772 sermo
319 1731 387 1786 sit,
420 1745 519 1774 cum
553 1731 641 1773 eius
675 1730 888 1773 obiectum
925 1731 1008 1772 sint
1041 1731 1233 1772 actiones
1266 1745 1311 1771 ex
1334 1745 1370 1772 se
1403 1729 1554 1780 malae,

143 1815 249 1857 quae
280 1816 368 1844 non
402 1801 536 1844 modo
569 1814 765 1860 possunt,
811 1801 883 1844 sed
918 1803 1040 1845 etiam
1090 1803 1252 1857 exigunt
1303 1817 1347 1843 ac
1380 1800 1560 1842 omnino

143 1871 297 1916 debent
329 1873 562 1931 prohiberi3
595 1889 740 1916 nostra
773 1890 893 1916 mens
928 1873 1065 1916 velex
1088 1872 1176 1915 sola
1204 1873 1350 1914 talium
1386 1884 1555 1914 actuum

142 1943 483 1987 consideratione
517 1943 639 1987 debet
674 1944 925 1987 concludere
969 1959 1054 1987 non
1098 1942 1378 1986 solummodo
1413 1942 1557 1999 possi-

141 2015 361 2069 bilitatem,
395 2016 469 2059 sed
503 2017 628 2059 etiam
669 2015 824 2059 factum
865 2015 1176 2073 prohibitionis,
1225 2032 1274 2058 ex
1319 2026 1432 2071 parte
1467 2014 1553 2056 sci—

141 2088 237 2131 licet
270 2089 573 2145 sapientissimi
621 2104 665 2130 ac
700 2088 924 2131 rectissimi
974 2103 1113 2130 rerum
1160 2087 1356 2129 omnium
1406 2084 1558 2141 guber-

142 2160 302 2203 natoris
338 2160 432 2202 Dei.

260 2231 431 2289 Nempe
456 2230 501 2289 β)
535 2231 598 2273 lex
633 2232 825 2287 positiva,
859 2231 997 2273 divina
1030 2229 1094 2272 vel
1130 2230 1331 2280 humana,
1360 2240 1404 2269 ut
1427 2242 1551 2283 saepe

142 2304 225 2345 iam
259 2302 463 2355 diximus,
512 2302 667 2359 pendet
699 2318 721 2345 a
752 2303 878 2345 libera
927 2302 1175 2359 legislatoris
1213 2300 1443 2349 voluntate,
1487 2297 1556 2341 lex

141 2385 283 2417 autem
318 2373 517 2416 naturalis
551 2388 572 2415 a
605 2375 826 2416 necessaria
873 2389 946 2415 seu
986 2371 1160 2415 naturali
1199 2370 1416 2413 voluntate
1459 2369 1552 2411 Dei.

142 2445 339 2488 Iamvero
373 2444 480 2488 ratio
512 2445 658 2502 nequit
692 2443 864 2487 liberam
899 2445 1131 2501 superioris
1179 2443 1442 2486 voluntatem
1490 2456 1559 2483 co-

141 2532 362 2575 gnoscere,
396 2518 476 2560 nisi
510 2533 556 2560 ea
589 2518 713 2574 signo
747 2516 888 2574 aliquo
922 2529 1096 2560 externo
1131 2514 1434 2559 manifestetur:
1470 2529 1555 2571 po-
