1734 2784
696 109 963 155 „293-

236 191 373 244 Quod
406 193 554 235 attinet
596 191 647 236 ad
695 192 885 250 priorem
934 193 1247 251 quaestionem,
1300 193 1409 238 hanc
1456 195 1542 239 iam

112 261 336 305 vsolvimus
370 263 414 306 in
446 261 623 306 articulo
657 262 847 306 secundo
872 265 1017 322 capitis
1040 264 1360 322 praecedentis:
1394 278 1543 310 osten-

114 331 260 375 dimus
293 345 433 377 autem
466 333 755 386 intrinsecam,
790 333 841 377 de
891 350 973 392 qua
1019 336 1188 392 agimus
1208 371 1219 389 ,
1253 336 1539 379 moralitatem

121 404 307 460 positam
340 420 432 448 esse
465 406 508 448 in
542 405 773 448 intrinseca
822 408 1143 465 convenientia,
1176 423 1304 466 quam
1351 409 1540 452 actiones

134 475 342 533 quaedam
375 492 428 519 ex
463 493 508 520 se
540 476 713 531 habent,
748 494 846 521 cum
879 491 1027 522 natura
1057 480 1251 523 rationali
1283 495 1356 522 seu
1390 480 1541 524 ordine

127 546 306 591 naturali
339 547 566 606 adaequate
601 561 814 605 spectato,
858 550 924 593 vel
971 551 1198 594 intrinseca
1246 550 1543 608 difformitate,

117 634 252 676 -quam
286 620 473 662 actiones
506 619 609 663 aliae
642 621 690 664 ab
725 621 879 665 eodem
913 622 1063 665 ordine
1096 621 1401 680 praeseferunt.

247 690 383 743 Quod
415 707 519 734 vero
552 705 710 750 spectat
745 693 795 736 ad
816 693 989 736 alteram
1019 695 1331 751 quaestionem,
1357 693 1541 737 breviter

118 761 448 818 respondemus,
483 764 768 807 moralitatem
802 764 947 820 illam,
983 781 1110 823 quam
1158 776 1253 807 ante
1304 763 1537 807 naturalem

128 832 269 890 legem
302 835 570 892 concipimus
603 848 643 879 et
677 835 956 890 admittimus,
980 852 1072 879 esse
1105 836 1390 879 moralitatem
1422 851 1540 879 mere

121 906 360 950 obiectivam
408 920 447 951 et
486 909 841 966 fundamentalem
887 909 1100 967 (obiectum
1142 920 1182 951 et
1218 908 1540 966 fmldamenlmn

122 978 419 1037 moralitatis),
454 995 542 1022 non
574 996 677 1023 vero
711 980 993 1024 moralitatem
1044 981 1180 1038 ipsam
1232 980 1466 1036 completam
1498 990 1539 1021 et

107 1048 351 1107 formalem,
383 1066 489 1108 quae
522 1068 609 1094 non
644 1053 752 1095 inest
799 1053 956 1095 actioni
1004 1053 1085 1095 nisi
1129 1063 1441 1109 consequenter
1487 1049 1537 1093 ad

116 1119 269 1176 legem.
303 1121 373 1165 Nil
407 1135 548 1165 autem
583 1123 765 1176 mirum,
800 1123 916 1180 quod
964 1137 1060 1166 ante
1102 1123 1243 1179 legem
1278 1123 1539 1180 concipiatur

123 1190 339 1234 obiectum
373 1193 532 1250 ipsius,
567 1208 732 1236 necnon
766 1195 888 1246 ratio,
907 1195 950 1236 in
984 1210 1066 1252 qua
1096 1193 1165 1237 lex
1198 1194 1410 1250 innititur,
1432 1205 1538 1235 tam-

120 1277 246 1319 quam
272 1265 315 1306 in
349 1281 422 1307 sua
447 1264 532 1307 basi
566 1282 612 1308 ac
645 1265 941 1320 fundamento,
975 1278 1015 1309 et
1049 1266 1101 1309 ob
1136 1281 1262 1323 quam
1297 1265 1366 1308 lex
1399 1265 1538 1308 evadit

124 1334 232 1377 iusta
266 1350 311 1377 ac
343 1335 616 1380 rationabilis,
649 1338 696 1380 Id
729 1338 843 1380 enim
878 1351 940 1380 est
974 1351 1047 1395 per
1085 1354 1128 1380 se
1176 1352 1407 1380 commune
1441 1337 1536 1379 cui-

121 1420 305 1463 cumque
332 1406 430 1463 legi‚
450 1407 500 1451 de
521 1409 638 1451 cuius
657 1411 839 1452 essentia
862 1422 924 1452 est
948 1422 992 1452 ut
1017 1411 1069 1452 sit
1096 1408 1312 1452 rationalis
1337 1421 1375 1452 et
1392 1423 1535 1465 aequa:

124 1475 206 1520 hoc
238 1491 381 1521 tamen
403 1478 471 1522 lex
504 1480 705 1523 naturalis
741 1481 863 1524 habet
897 1481 974 1523 sibi
1007 1482 1230 1538 proprium
1266 1496 1311 1523 ac
1344 1480 1536 1538 speciale,

118 1550 237 1607 quod
261 1550 477 1594 obiectum
502 1553 592 1595 eius
616 1569 660 1595 ac
684 1555 807 1609 ratio,
832 1554 874 1595 in
898 1569 980 1610 qua
998 1552 1213 1608 fundatur,
1237 1551 1535 1595 omnimodam

119 1621 228 1665 dicat
265 1623 558 1666 necessitatem
581 1639 654 1666 seu
675 1625 808 1666 stricti
832 1625 1020 1667 nominis
1054 1625 1329 1681 exigentiam,
1363 1639 1412 1667 ex
1449 1638 1536 1681 quo

123 1693 184 1747 fit,
204 1707 250 1737 ut
282 1695 389 1752 legis
422 1695 623 1738 naturalis
655 1697 720 1739 vel
753 1698 1010 1739 necessariae
1043 1711 1201 1739 nomen
1236 1695 1315 1738 sibi
1338 1695 1536 1738 vindicet.

124 1766 261 1809 Cuius
295 1768 355 1809 rei
389 1769 423 1810 si
456 1769 550 1825 quis
587 1768 806 1811 clariorem
832 1768 1042 1811 desideret
1065 1768 1409 1826 explicationem,
1433 1766 1535 1809 haec

114 1837 325 1882 addimus.

235 1912 266 1954 Ι.
303 1910 557 1954 Scholastici
583 1912 624 1953 in
649 1910 885 1954 actionibus
910 1912 1157 1969 praeceptis,
1183 1910 1249 1953 vel
1273 1909 1534 1968 approbatis,

113 1982 180 2025 vel
213 1982 438 2040 prohibitis
471 1999 493 2025 a
524 1983 617 2039 lege
651 1996 817 2025 aeterna
851 1995 890 2025 et
923 1983 1100 2026 naturali
1134 1982 1346 2040 duplicem
1380 1982 1535 2025 distin-

115 2067 254 2111 guunt
286 2054 536 2108 bonitatem,
572 2055 785 2112 duplicem
810 2054 1016 2098 malitiam
1039 2054 1260 2098 moralem.
1288 2073 1306 2095 α
1324 2055 1372 2097 In
1396 2055 1531 2097 actio-

123 2126 259 2179 nibus,
293 2128 430 2184 inquit
465 2126 677 2184 Sylvester
709 2127 888 2170 Maurus
916 2126 1002 2185 (1),
1025 2126 1359 2184 p1·aecepti3‚vel
1383 2127 1535 2183 suasis,

117 2198 183 2240 vel
217 2198 440 2256 prohibitis
474 2198 567 2255 lege
601 2210 770 2243 aeterna
802 2211 841 2242 et
874 2199 1066 2253 naturali,
1091 2199 1244 2242 dantur
1277 2199 1382 2241 duae
1413 2198 1533 2242 boni-

207 2405 260 2449 (1)
294 2405 444 2447 Quaest.
472 2405 584 2440 theol.
614 2406 633 2441 l.
662 2406 706 2441 V.
734 2420 763 2453 q.
785 2408 919 2442 XXIV.
940 2406 994 2442 Cf.
1016 2408 1156 2451 Suarez,
1176 2407 1218 2442 de
1244 2407 1313 2452 leg.
1340 2406 1361 2441 l.
1382 2407 1425 2441 II.
1453 2417 1481 2441 c.
1501 2404 1533 2441 6.

113 2475 213 2498 num.
246 2475 294 2510 17.
322 2465 394 2500 Ubi
420 2466 523 2501 affert
549 2468 655 2501 verba
683 2479 707 2501 s.
736 2467 942 2513 Augustini,
971 2467 1015 2502 de
1042 2480 1125 2502 vera
1152 2467 1250 2513 relig.
1277 2478 1303 2501 c.
1334 2465 1400 2501 26:
1429 2479 1445 2498 «
1466 2465 1534 2500 Le-

113 2536 200 2571 gem
227 2526 479 2572 prohibentem
506 2528 629 2562 onmia
645 2528 839 2562 commissa
858 2528 1145 2574 congeminare....
1161 2527 1246 2562 Non
1265 2526 1361 2561 enim
1379 2526 1533 2572 simplex

111 2595 301 2632 peccatum
328 2597 379 2623 est
406 2599 480 2623 non
508 2588 628 2623 solum
655 2589 795 2632 malum,
821 2588 884 2625 sed
909 2589 1018 2624 etiam
1044 2588 1188 2624 vetitum
1214 2586 1412 2622 admittere.
1438 2598 1456 2617 »
