1734 2784
121 202 370 246 damentum
401 202 445 244 in
476 213 625 245 natura
672 202 763 259 ipsa
811 213 851 245 et
889 201 1070 244 essentia
1118 200 1273 255 divina,
1308 199 1360 244 ad
1407 215 1538 258 quam

121 286 341 332 tamquam
388 273 440 317 ad
482 272 695 331 exemplar
742 288 787 316 se
830 272 984 316 habent
1025 284 1198 316 naturae
1246 284 1286 315 et
1334 273 1541 315 essentiae

122 357 300 402 creatae,
335 357 381 388 ut
414 344 466 388 de
499 344 775 403 possibilibus
810 343 965 387 dicitur
996 345 1040 387 in
1074 343 1331 400 Ontologia.

163 548 194 593 ξ.
220 548 290 583 1v.
316 549 456 593 Qualis
483 548 538 581 sit
561 548 630 581 lex
656 548 868 587 naturalis,
894 559 966 582 seu
991 548 1040 581 de
1066 548 1153 581 eius
1179 546 1505 590 proprietatibus,

622 736 788 779 THEsrs
828 737 1036 779 XXXVI.

125 857 233 899 Inter
267 864 413 899 ceteras
446 855 536 911 legis
569 856 776 898 naturalis
808 857 1073 913 proprietates
1120 856 1210 897 haec
1242 863 1294 898 est
1323 856 1539 912 praecipue

237 927 485 983 recensenda,
520 928 640 984 Iegem
672 927 918 983 naturalem,
949 929 1028 970 sive
1065 927 1177 969 illam
1215 942 1316 984 qnae
1349 928 1541 981 negativa

239 1008 314 1052 est,
348 1001 435 1042 sive
467 999 582 1041 illam
615 1014 715 1056 qaae
749 1008 802 1042 est
834 998 1104 1055 affirmativa,
1139 1014 1216 1041 esse
1260 1007 1344 1040 tam
1387 998 1437 1041 ab
1472 999 1543 1041 in—

239 1072 404 1113 trinseco
439 1078 523 1111 tum
555 1069 606 1111 al)
638 1070 851 1112 extrinseco
886 1069 1190 1111 immutabilem.

249 1191 342 1232 107.
375 1177 742 1220 PRAENOTIONES.
777 1175 1084 1232 Inquirendum
1117 1190 1231 1217 nunc
1264 1188 1328 1217 est
1362 1176 1403 1217 in
1437 1174 1543 1232 legis

123 1247 322 1292 naturalis
358 1248 657 1305 proprietates,
702 1262 746 1289 ac
781 1247 936 1304 primo,
984 1258 1128 1288 utrum
1164 1261 1210 1288 ea
1243 1247 1297 1288 sit
1333 1247 1541 1288 immuta-

125 1319 232 1363 bilis.
265 1321 368 1364 Non
403 1321 517 1362 enim
568 1318 718 1361 desunt
765 1331 973 1371 auctoreS,
1025 1318 1097 1374 qui
1146 1317 1356 1360 affirment
1395 1318 1543 1360 vDeum

121 1407 248 1450 posse
281 1391 521 1449 dispensare
571 1391 612 1432 in
655 1389 855 1432 omnibus
903 1389 1007 1445 legis
1056 1389 1256 1432 naturalis
1307 1390 1541 1447 praeceptis

122 1476 192 1507 aut
224 1464 372 1506 saltem
406 1464 448 1505 in
480 1461 707 1519 aliquibus,
741 1478 778 1505 v.
815 1478 853 1518 g.
888 1462 929 1503 in
964 1461 1013 1502 iis
1047 1477 1152 1518 quae
1184 1473 1409 1504 versantur
1434 1462 1542 1503 circa

121 1535 369 1592 proximum
392 1532 459 1577 vel
482 1549 587 1590 quae
620 1545 717 1575 suut
751 1531 1011 1575 affirmativa:
1037 1532 1137 1587 quin
1164 1532 1252 1574 imo
1277 1547 1365 1574 non
1389 1531 1543 1574 desunt

125 1607 196 1663 qui
230 1605 336 1648 hanc
379 1604 650 1662 dispensandi
694 1616 945 1661 potestatem
996 1602 1179 1646 tribuant
1230 1603 1410 1660 principi
1454 1601 1540 1644 hu—

123 1692 264 1730 mano,
298 1677 452 1719 sinon
501 1677 543 1718 in
576 1675 793 1727 omnibus,
845 1676 884 1716 in
937 1674 1191 1731 quibusdam
1240 1674 1388 1717 saltem
1436 1673 1541 1730 legis

127 1748 253 1791 huius
287 1749 518 1806 praeceptis
553 1747 636 1805 (1).
673 1748 727 1789 Hi
763 1746 942 1804 proinde
975 1761 1060 1788 non
1085 1746 1312 1788 admittunt
1345 1744 1403 1801 id,
1427 1744 1546 1802 quod

132 1820 207 1863 hac
240 1821 280 1862 in
317 1819 423 1862 thesi
467 1820 708 1875 statuimus,
755 1819 893 1875 legem
942 1817 1176 1860 naturalem
1225 1833 1317 1860 esse
1361 1817 1544 1859 omnino

124 1889 449 1933 immutabilem.

252 1963 501 2019 Antequam
555 1961 709 2003 thesim
766 1960 869 2003 hanc
924 1960 1290 2011 demonstremus,
1345 1959 1545 2001 notiones

125 2032 330 2090 quaedam
365 2032 410 2075 de
445 2034 667 2074 mutatione
701 2032 791 2087 legis
838 2043 936 2073 sunt
980 2031 1330 2088 praestituendae.
1376 2031 1546 2073 Distin-

129 2102 296 2159 guenda
330 2104 533 2146 nimirum
570 2116 631 2145 est
670 2103 823 2159 duplex
857 2103 1036 2145 mutatio
1060 2102 1179 2160 legis,
1203 2118 1285 2144 una
1314 2102 1547 2159 impropria

126 2181 198 2231 per
231 2173 392 2216 modum
425 2173 658 2226 additionis,
692 2172 817 2215 altera
850 2173 1020 2230 propria
1038 2181 1112 2230 per
1136 2172 1300 2216 alodum
1324 2172 1546 2215 ablationis

132 2260 205 2287 seu
238 2243 533 2286 subtractionis

244 2316 366 2358 Prior
409 2327 509 2357 tunc
545 2316 727 2358 maxime
776 2314 898 2358 habet
943 2315 1102 2371 locum,
1136 2314 1307 2372 quando
1342 2313 1398 2367 id,
1432 2313 1548 2371 quod

128 2387 176 2430 ab
209 2386 344 2444 aliqua
377 2386 466 2443 lege
500 2385 632 2429 modo
669 2388 928 2443 generaliore
963 2387 1275 2444 praescribitur,
1310 2401 1383 2444 per
1419 2385 1547 2428 aliam

217 2590 272 2632 (1)
301 2587 357 2623 Cs.
385 2589 524 2629 Sunt-cr,
551 2589 593 2622 dc
625 2589 692 2635 leg.
722 2589 742 2622 Ι.
776 2589 816 2622 11.
848 2600 896 2622 cc.
933 2600 969 2630 ¹4
997 2597 1028 2622 ct
1065 2597 1114 2630 15.
