1734 2784
794 107 1059 160 ...355-

213 219 312 262 pam
336 203 472 245 noluit
492 202 676 244 divinam
700 215 1007 256 recognoscere
1027 200 1291 242 maiestatem
1312 197 1636 256 bonitatemque

213 275 397 318 laudare.
432 275 549 316 Haec
584 272 635 315 de
667 271 751 314 fine
785 271 1006 329 primario.
1041 269 1177 324 Quod
1210 281 1351 313 autem
1393 280 1552 327 spectat
1583 267 1635 312 ad

213 345 341 388 finem
376 343 694 400 secundarium,
741 343 818 386 etsi
865 357 1004 399 poena
1051 353 1219 385 aeterna
1250 339 1379 384 finem
1429 339 1547 383 illum
1593 341 1636 383 in

216 418 312 474 ipsis
348 415 556 458 damnatis
589 428 675 456 non
709 412 873 470 habeat,
898 411 1071 470 quando
1106 425 1168 455 est
1192 411 1349 455 inflicta
1371 410 1457 470 (1),
1493 422 1635 454 tamen

214 486 333 529 illum
369 485 506 540 habet,
540 485 748 543 illumque
782 485 824 527 in
858 484 1080 542 permultis
1114 483 1290 537 obtinet,
1324 495 1450 541 atque
1482 494 1546 526 est
1583 480 1635 526 de

211 573 257 601 se
291 570 385 615 apta
418 556 468 600 ad
518 556 636 599 illuni
686 570 857 614 semper
905 567 945 598 et
994 556 1036 598 in
1084 554 1287 598 omnibus
1336 553 1633 610 obtinendum,

211 629 384 685 quando
433 640 495 671 est
544 630 588 670 in
636 640 744 671 statu
794 626 1158 671 comminationis.
1209 627 1291 669 Hic
1338 638 1478 670 autem
1527 623 1632 669 illud

211 699 521 752 animadverte,
557 698 675 756 quod
724 713 886 756 poenae
933 710 1125 741 aeternae
1173 696 1398 740 efficaciam
1448 696 1633 740 maxime

209 769 413 814 ostendit:
448 768 564 827 quod
598 768 724 812 multi
758 780 855 828 post
889 767 1045 812 multas
1077 768 1183 826 legis
1216 767 1416 811 naturalis
1437 766 1634 811 violatio—

212 855 286 883 nes
310 839 482 883 tandem
502 840 764 898 resipiscant,
787 852 828 883 et
846 840 1079 883 commissa
1097 838 1252 882 scelera
1276 837 1469 893 defleant,
1486 839 1632 896 sicque

211 926 287 969 per
319 911 603 954 voluntariam
638 911 945 968 poenitentiam
979 910 1030 954 ad
1072 910 1200 954 finem
1235 911 1438 953 ultimum
1483 925 1528 953 se
1559 908 1631 953 de-

212 998 302 1025 nuo
337 994 599 1036 convertant,
634 981 675 1025 id
709 983 894 1025 maxime
928 981 1104 1025 debetur
1146 982 1187 1024 vi
1220 997 1382 1039 poenae
1424 994 1629 1025 aeternae.

210 1075 268 1087 —
301 1052 435 1096 Aliter
467 1066 530 1097 est
562 1054 613 1097 de
636 1052 885 1111 imperfecta
907 1054 1016 1096 vitae
1040 1052 1167 1096 huius
1192 1053 1424 1096 sanctione:
1448 1067 1495 1095 ea
1516 1052 1630 1096 enim

210 1123 339 1167 finem
376 1124 495 1167 illum
530 1113 830 1168 secundarium
882 1123 1005 1167 habet
1040 1139 1128 1167 non
1177 1123 1309 1167 modo
1348 1122 1520 1181 quando
1567 1135 1631 1167 est

211 1197 261 1245 in,
287 1209 397 1238 statu
433 1196 800 1251 comminationis,
836 1194 910 1239 sed
943 1196 1086 1249 etiam,
1112 1207 1157 1238 ut
1181 1194 1432 1253 plurimum,
1458 1194 1630 1252 quando

209 1280 275 1311 est
308 1267 478 1310 inflicta.

334 1339 565 1382 Oen-:cmo
597 1339 669 1381 ΙΙΙ.
705 1340 930 1396 Repugnat
965 1338 1186 1395 concipere
1221 1338 1361 1381 Deum
1396 1337 1502 1380 velle
1525 1352 1627 1395 poe-

210 1526 405 1562 gnoscunt.
423 1531 440 1548 »
469 1517 561 1551 Item
589 1527 615 1551 s.
632 1516 842 1561 Gregorius,
869 1526 900 1558 4.
927 1516 1072 1561 Dialog.
1100 1527 1129 1550 c.
1148 1525 1218 1558 44:
1250 1515 1397 1562 «Iniqui
1425 1527 1554 1551 omnes
1572 1527 1630 1551 ae-

207 1585 311 1611 terno
339 1575 518 1621 supplicio
545 1575 705 1621 deputati
733 1586 795 1609 sua
821 1575 966 1621 quidem
993 1575 1182 1622 iniquitate
1209 1575 1416 1620 puniuntur,
1446 1583 1480 1610 et
1506 1584 1628 1611 tamen

210 1636 254 1670 ad
281 1635 415 1681 aliquid
442 1635 628 1678 ardebunt,
657 1646 706 1669 sc.
732 1643 770 1669 ut
797 1634 878 1669 iusti
905 1646 1033 1670 omnes
1059 1644 1092 1670 et
1120 1635 1156 1669 in
1194 1636 1274 1670 Deo
1305 1634 1450 1670 videant
1488 1635 1628 1682 gaudia,

207 1706 299 1741 quae
329 1702 578 1740 perceperunt,
608 1702 640 1729 et
670 1694 703 1728 in
731 1694 810 1729 aliis
839 1695 1064 1740 conspiciant
1099 1693 1286 1740 supplicia,
1321 1706 1410 1742 quae
1441 1704 1629 1731 evaserunt

206 1762 385 1800 quatenus
411 1762 511 1788 tanto
538 1754 655 1799 magis
682 1753 719 1787 in
744 1762 929 1789 aeternum
957 1753 1099 1788 divinae
1126 1754 1261 1799 gratiae
1281 1753 1459 1788 debitores
1485 1765 1523 1788 se
1549 1764 1628 1789 esse

207 1821 448 1858 cognoscunt,
476 1821 610 1859 quanto
638 1812 673 1846 in
700 1821 884 1847 aeternum
911 1812 1005 1847 mala
1033 1812 1148 1858 puniri
1175 1812 1413 1859 conspiciunt,
1437 1824 1526 1859 quae
1552 1813 1627 1849 eius

204 1872 385 1907 adiutorio
412 1872 587 1908 vicerunt.
603 1886 620 1903 ›-

303 1932 360 1976 (1)
389 1932 565 1975 «Poena,
601 1943 691 1978 quae
731 1933 839 1967 etiam
866 1931 1063 1966 secundum
1103 1931 1200 1978 leges
1238 1930 1417 1966 humanas
1456 1931 1627 1979 infligitur

207 2001 282 2024 non
310 2001 450 2036 semper
477 2000 530 2025 est
557 1990 784 2025 medicinalis
811 1991 855 2034 ei,
885 1991 943 2037 qui
969 1991 1129 2037 punitur,
1158 1990 1219 2025 sed
1257 1990 1378 2025 solum
1415 1990 1507 2026 aliis:
1535 1992 1625 2028 sicut

205 2062 290 2085 cum
317 2049 407 2085 latro
435 2050 670 2096 suspenditur,
697 2063 772 2085 non
799 2061 836 2087 ut
863 2051 938 2097 ipse
964 2051 1186 2093 emendetur,
1205 2051 1265 2085 sed
1292 2060 1438 2097 propter
1462 2050 1565 2095 alios,
1587 2061 1626 2088 ut

204 2109 334 2144 saltem
353 2117 452 2143 metu
470 2120 612 2154 poenae
630 2121 778 2156 peccare
796 2110 982 2153 desistant,
1001 2110 1200 2145 secundum
1221 2109 1307 2145 illud
1325 2110 1495 2146 Proverb.
1510 2111 1621 2146 XIX.:

205 2168 381 2202 Pestilente
398 2167 585 2214 flagellato,
611 2170 731 2204 stultus
747 2169 933 2216 sapientior
950 2170 1025 2204 erit.
1045 2169 1103 2204 Sic
1121 2169 1228 2216 igitur
1249 2177 1282 2204 et
1300 2178 1465 2204 aeternae
1484 2180 1624 2216 poenae

204 2228 444 2272 reproborum
472 2238 490 2260 a
517 2227 596 2261 Deo
623 2227 792 2271 inflictae,
813 2238 895 2263 sunt
913 2228 1144 2263 medicinales
1161 2229 1231 2271 his,
1253 2229 1309 2275 qui
1330 2229 1624 2265 consideratione

204 2297 402 2331 poenarum
430 2286 610 2321 abstinent
648 2299 666 2321 a
707 2288 876 2333 peccatis,
905 2288 1102 2322 secundum
1143 2287 1229 2322 illud
1268 2289 1325 2323 Ps.
1356 2289 1462 2324 LIX.:
1491 2289 1626 2325 Dedisti

204 2344 424 2378 metuentibus
450 2349 480 2378 te
504 2345 796 2391 significationem,
823 2351 857 2380 ut
876 2346 1018 2392 fugiant
1052 2357 1071 2380 a
1103 2345 1197 2396 facie
1223 2356 1329 2389 arcus,
1365 2351 1402 2381 ut
1440 2347 1624 2383 liberentur

202 2401 317 2436 dilecti
343 2404 443 2438 tui.»
473 2403 525 2438 Ita
552 2415 579 2438 s.
605 2404 686 2447 Th„
718 2416 746 2440 1.
774 2416 805 2440 2.
833 2417 865 2452 q.
892 2405 947 2450 87.
973 2417 1005 2440 a.
1031 2415 1064 2448 4.
1092 2405 1146 2441 Cf.
1174 2405 1286 2452 suppl.
1315 2419 1346 2453 q.
1377 2415 1432 2452 99.
1459 2418 1491 2441 a.
1521 2417 1549 2442 1.
1575 2406 1620 2441 ad

205 2467 273 2495 2¹¹¹:
305 2476 322 2491 «
341 2462 534 2496 Damnatio
563 2472 706 2498 aeterna
732 2465 928 2510 impiorum
957 2474 1007 2500 est
1034 2465 1077 2499 ad
1105 2466 1368 2500 correctionem
1397 2477 1535 2508 eorum,
1562 2466 1622 2513 qui

201 2530 297 2553 nunc
324 2529 403 2554 sunt
423 2522 455 2554 in
476 2521 643 2556 Ecclesia.
660 2523 744 2557 Non
763 2524 859 2557 enirn
886 2535 1026 2569 poenae
1053 2533 1135 2559 sunt
1153 2524 1195 2558 ad
1214 2526 1479 2559 correctionem
1498 2524 1616 2559 solum

201 2578 345 2624 quando
373 2579 592 2625 infliguntur,
621 2582 680 2616 sed
709 2582 817 2616 etiam
846 2583 988 2628 quando
1018 2582 1343 2617 determinantur.»
