1734 2784
108 215 247 258 homo
279 230 394 258 nunc
427 229 514 257 non
538 230 630 257 esse
654 229 782 272 capax
816 212 928 256 illius
962 212 1253 268 beatitudinis,
1290 229 1420 271 quam
1454 212 1535 256 ha-

105 286 227 329 beret
269 286 312 328 in
344 286 461 343 puris
494 285 771 338 naturalibus,
807 286 906 343 quia
949 299 1061 328 nunc
1094 296 1157 328 est
1191 284 1339 328 eadem
1389 297 1536 328 natura

104 370 150 402 et
183 369 496 415 consequenter
529 357 678 400 eadem
712 358 944 414 capacitas:
980 356 1094 400 unde
1140 372 1237 399 cum
1281 357 1416 413 gratia
1448 371 1536 399 non

105 429 298 473 destruat
331 441 542 485 naturam,
576 428 650 472 sed
685 427 887 486 perficiat,
922 443 1008 471 non
1042 428 1179 485 privat
1204 427 1315 471 illam
1341 427 1418 471 hac
1441 427 1537 471 bea-

104 501 292 544 titudine
325 499 516 543 naturali.
552 501 603 543 Et
638 500 694 543 ita
731 512 896 543 certum
931 512 994 543 est
1026 500 1069 541 in
1096 499 1406 557 supernaturali
1441 499 1536 542 bea-

106 571 293 615 titudine
326 570 550 614 hominem
596 570 841 623 habiturum
892 586 1071 614 omnem
1117 569 1425 628 perfectionem
1459 570 1537 613 sibi

110 642 430 686 connaturalem
451 660 459 685 z
497 642 722 700 quomodo
747 642 896 699 probat
921 659 952 686 s.
978 642 1174 686 Thomas
1199 642 1284 701 (1),
1312 642 1537 686 hominem

110 713 329 757 videntem
364 714 507 756 Deum
544 728 631 755 non
657 714 814 770 privari
840 714 1087 770 cognitione
1112 712 1289 756 naturali
1315 714 1412 767 Dei,
1437 714 1540 771 quin

109 786 256 843 potius
290 785 476 827 maxime
520 784 562 825 in
596 783 663 826 illa
708 784 866 842 perfici,
916 797 955 827 et
990 784 1105 827 idem
1154 784 1537 842 proportionaliter

112 855 164 899 de
197 872 357 900 amore.
393 854 529 909 Quod
561 870 663 898 vero
700 868 860 913 spectat
892 855 948 898 ad
981 856 1145 898 modum
1187 856 1388 913 loquendi,
1422 855 1540 900 facile

110 927 398 971 concedemus
448 926 683 970 naturalem
733 926 1043 969 beatitudinem
1092 942 1179 969 non
1226 928 1380 970 mereri
1428 943 1542 970 nunc

109 998 384 1042 beatitudinis
418 1014 579 1041 nomen
613 998 806 1041 absolute
842 998 992 1054 dictae,
1027 999 1125 1055 quia
1156 999 1199 1041 in
1234 998 1414 1041 homine
1448 999 1542 1042 ele-

108 1083 210 1114 vato
259 1069 309 1113 ad
342 1069 471 1112 finem
517 1068 883 1126 supernaturalem
922 1068 988 1110 illa
1028 1084 1115 1111 non
1160 1068 1283 1112 habet
1327 1070 1541 1113 rationem

111 1140 254 1185 ultimi
289 1141 462 1184 termini
497 1156 571 1183 seu
607 1140 879 1198 perfectionis
914 1139 1118 1183 ultimae:
1154 1152 1329 1198 propter
1363 1140 1482 1198 quod
1506 1142 1541 1183 si

95 1212 266 1271 'aliquis
299 1211 434 1255 homo
468 1211 647 1254 fortasse
682 1211 794 1254 illam
830 1211 982 1254 habere
1006 1223 1151 1268 posset
1177 1210 1334 1270 absque
1368 1212 1448 1255 alia
1473 1212 1543 1271 (ut

110 1285 241 1342 aliqui
276 1285 520 1327 existimant
555 1283 606 1327 de
642 1286 783 1341 pueris
819 1283 1120 1326 excedentibus
1146 1284 1189 1326 in
1213 1284 1306 1327 solo
1341 1284 1539 1341 originali

111 1356 312 1415 peccato)
335 1372 421 1399 non
445 1368 590 1413 posset
615 1355 695 1398 dici
721 1355 972 1412 simpliciter
995 1354 1140 1398 beatus
1166 1355 1239 1398 sed
1263 1356 1406 1399 miser.
1428 1374 1450 1395 »

235 1428 287 1470 II.
322 1428 465 1471 Altera
497 1428 689 1485 quaestio
726 1426 826 1469 haec
860 1439 945 1469 est:
983 1439 1127 1469 utrum
1161 1427 1205 1469 in
1240 1426 1390 1470 ordine
1414 1428 1541 1470 etiam

110 1499 292 1542 naturali
327 1498 541 1542 debuisset
563 1498 749 1540 humana
773 1498 933 1554 species
959 1498 999 1540 in
1024 1496 1233 1554 aliquibus
1258 1496 1407 1540 saltem
1431 1498 1543 1541 indi-

112 1571 255 1614 viduis
275 1569 512 1613 beatificari.
532 1595 588 1602 —-—
607 1569 938 1627 Respondemus
958 1581 1099 1610 autem
1119 1584 1217 1610 cum
1238 1569 1438 1612 Suaresio
1458 1569 1543 1628 (2),

111 1642 232 1702 quod
267 1643 344 1685 etsi
378 1657 553 1685 necesse
587 1657 674 1684 non
708 1642 760 1683 sit
795 1642 982 1698 speciem
1008 1640 1240 1683 humanam
1266 1642 1308 1683 in
1333 1641 1536 1683 omnibus

115 1727 157 1758 et
190 1713 368 1771 singulis
402 1714 489 1756 suis
519 1712 749 1756 individuis
784 1713 951 1769 assequi
985 1711 1116 1754 finem
1161 1728 1290 1754 suum
1337 1728 1545 1770 suamque

112 1785 388 1838 beatitatem3
423 1797 565 1827 tamen
600 1783 833 1826 rationibus
869 1784 967 1826 satis
1003 1783 1340 1840 congruentibus
1371 1783 1538 1827 ostendi

116 1869 273 1914 potest,
307 1855 422 1913 quod
456 1856 499 1898 in
534 1854 685 1898 ordine
720 1856 845 1897 etiam
880 1853 1058 1897 naturali
1083 1856 1125 1896 in
1150 1854 1361 1912 aliquibus
1393 1854 1543 1897 saltem

113 1926 349 1971 individuis
384 1927 568 1969 humana
603 1927 763 1984 species
798 1926 947 1968 fuisset
981 1925 1270 1969 beatificanda.
1296 1927 1357 1969 En
1384 1939 1542 1980 autem,

115 2000 269 2042 ceteris
303 1999 490 2052 omissis,
525 2014 607 2040 una
642 1999 775 2040 ratio:
819 2016 837 2037 ‹<
872 1997 937 2050 Id,
974 1997 1090 2055 quod
1115 2013 1355 2056 numquam
1391 1997 1541 2041 accidit

114 2071 162 2113 in
197 2069 397 2113 omnibus
432 2069 666 2113 individuis
703 2068 879 2111 alicuius
914 2070 1084 2125 speciei,
1119 2070 1284 2112 etiamsi
1321 2068 1547 2127 quamplu-

116 2142 226 2184 rima
259 2140 611 2199 multiplicentur,
647 2142 801 2183 merito
836 2141 918 2183 dici
949 2153 1089 2197 potest
1115 2141 1375 2198 impossibile,
1401 2142 1434 2183 si
1461 2155 1550 2183 non

114 2213 299 2255 omnino
327 2213 482 2270 physice
517 2229 590 2255 seu
628 2213 900 2269 nzt’tapl.›ysz're,
950 2211 1099 2254 saltem
1136 2213 1343 2255 moraliter
1386 2224 1425 2255 et
1460 2212 1547 2254 hu-

116 2298 248 2325 mano
283 2283 416 2326 modo
451 2282 686 2340 loquendi:
724 2284 907 2339 pertinet
956 2295 1098 2325 autem
1143 2282 1191 2325 ad
1227 2282 1544 2340 providentiam

115 2354 321 2396 Auctoris
355 2367 542 2407 naturae,
578 2367 616 2396 et
650 2353 977 2411 quodammodo
1012 2353 1204 2396 debitum
1244 2366 1306 2397 est
1342 2355 1422 2412 ipsi
1457 2353 1546 2397 hu—

217 2538 273 2583 (1)
302 2540 340 2573 In
373 2550 400 2574 1.
429 2550 460 2584 p.
489 2551 520 2585 q.
554 2548 605 2572 12.

216 2597 272 2642 (2)
301 2600 355 2633 De
383 2597 444 2632 ult.
473 2597 540 2632 line
568 2598 656 2644 disp.
687 2599 746 2634 IV.
775 2609 858 2633 sect.
890 2599 930 2633 ΙΙ.
959 2611 1055 2634 num.
1086 2598 1106 2633 6
1135 2608 1167 2633 et
1196 2609 1228 2643 7.
