1734 2784
124 177 314 222 formalis
348 193 398 220 ex
431 189 547 235 parte
579 176 714 234 ipsius
748 176 871 234 legis,
907 177 1181 234 Dispensatio
1231 189 1375 220 autem
1410 178 1549 221 latiori

125 266 253 293 sensu
287 261 363 303 est,
397 247 501 292 dum
533 247 582 291 ab
615 247 764 306 aliquo
799 248 1014 292 obiectum
1048 250 1104 292 ita
1136 262 1358 307 mutatur,
1391 263 1437 293 ut
1471 250 1550 294 de·-

125 323 235 365 sinat
267 336 359 364 esse
392 319 567 363 materia
598 318 719 376 legis.
758 320 863 373 Quo
897 321 941 362 in
975 335 1069 363 casu
1112 320 1258 363 locum
1306 336 1393 364 non
1426 321 1551 365 habet

124 394 205 436 nisi
238 393 419 436 mutatio
443 407 494 435 ex
514 403 632 449 parte
666 392 863 434 materiae
886 392 1007 448 legis.
1033 418 1090 423 -—
1109 392 1237 435 Tunc
1270 393 1399 450 igitur
1428 394 1549 436 Deus

126 465 390 522 dispensaret
422 478 520 506 vere
553 477 599 505 ac
632 463 807 520 proprie
840 463 882 505 in
915 462 1006 520 lege
1042 463 1236 515 naturali,
1260 481 1299 506 v.
1319 480 1358 520 g.
1394 464 1435 505 in
1457 463 1550 521 lege

125 534 378 594 prohibente
411 534 591 588 furtum,
626 533 798 591 quando
833 535 956 578 Titio
992 535 1260 588 concederet,
1296 549 1342 578 ut
1374 551 1461 578 rem
1499 535 1549 578 ad

127 607 283 650 Caium
317 605 615 663 pertinentem,
649 619 756 662 quae
789 605 969 661 proinde
1013 619 1075 648 est
1109 606 1240 649 aliena
1291 618 1330 648 et
1374 607 1550 664 insuper

125 690 292 720 maneat
324 675 471 732 aliena,
504 674 722 732 subripiat,
757 675 864 719 Caio
898 676 1036 719 adhuc
1085 677 1263 720 domino
1314 676 1547 720 rationabi-

124 749 220 792 liter
253 748 401 792 invito.
438 748 536 790 Hoc
570 759 712 790 autem
747 748 865 790 Deus
900 763 987 791 non
1010 747 1108 791 facit
1132 763 1208 791 nec
1232 762 1373 806 potest
1398 749 1549 806 facere,

125 836 224 863 cum
256 821 309 863 sit
342 821 479 862 iustus
513 835 559 862 ac
591 832 772 876 nequeat
804 821 994 877 seipsum
1024 836 1191 877 negare.
1219 822 1366 864 Potest
1401 834 1546 865 tamen

126 894 244 936 Deus
279 904 430 949 utpote
464 907 608 934 rerum
653 891 849 934 omnium
898 890 1100 934 dominus
1149 892 1298 950 (atque
1341 894 1468 935 etiam
1503 906 1549 935 ut

126 979 354 1022 supremus
388 962 516 1006 iudex
550 964 592 1005 in
626 978 810 1020 poenam
835 962 1010 1005 alicuius
1036 964 1247 1023 criminis)
1272 966 1330 1007 rei
1361 966 1549 1008 cuiusvis

127 1037 372 1079 dominium
406 1051 427 1078 a
458 1050 735 1093 quocumque
768 1034 930 1077 tollere.
967 1035 1102 1088 Quod
1137 1038 1170 1078 si
1210 1049 1420 1093 praestet,
1454 1050 1495 1079 et
1529 1054 1550 1080 a

127 1108 233 1151 Caio
256 1108 315 1150 rei
338 1106 450 1149 illius
474 1105 717 1149 dominium
742 1105 916 1158 auferat,
942 1107 1097 1163 poterit
1121 1123 1219 1150 sane
1244 1108 1364 1150 Titio
1395 1124 1546 1151 conce—

125 1181 238 1234 dere,
271 1191 317 1222 ut
349 1193 439 1221 rem
474 1177 602 1231 illam,
636 1193 742 1235 quae
776 1179 859 1221 iam
904 1194 987 1221 non
1038 1192 1099 1222 est
1149 1180 1331 1237 amplius
1379 1179 1513 1223 aliena
1539 1217 1548 1233 ‚

123 1263 305 1309 occupet
337 1265 545 1307 suamque
578 1248 715 1293 faciat.
751 1251 835 1295 Sed
870 1250 971 1294 haec
1008 1266 1094 1294 non
1147 1265 1208 1294 est
1257 1250 1517 1309 dispensatio
1541 1288 1551 1307 ‚

124 1325 204 1367 nisi
237 1323 472 1380 impropria
504 1334 545 1365 et
577 1321 714 1365 latiori
748 1338 887 1366 sensu.
926 1324 1030 1376 Quo
1065 1338 1193 1366 sensu
1238 1322 1372 1366 homo
1417 1324 1544 1366 etiam

124 1396 279 1453 poterit
310 1395 352 1437 in
387 1392 533 1436 multis
568 1393 830 1452 dispensare,
865 1409 903 1437 v,
934 1411 973 1451 g.
1009 1397 1051 1437 in
1085 1396 1191 1446 iure,
1229 1395 1347 1452 quod
1382 1396 1422 1437 in
1457 1411 1548 1437 rem

122 1466 307 1524 aliquam
339 1463 476 1522 habet,
512 1463 623 1508 ultro
671 1480 746 1522 per
779 1464 1056 1508 donationem
1108 1465 1300 1508 cedendo
1351 1465 1415 1508 vel
1464 1464 1549 1507 alio

124 1535 258 1580 modo
291 1551 381 1579 rem
414 1535 528 1579 illam
563 1535 802 1579 alienando,

241 1608 294 1650 V.
326 1605 436 1650 Illud
468 1618 680 1664 praeterea
713 1606 1017 1664 animadverte,
1051 1607 1167 1664 quod
1201 1624 1298 1650 cum
1338 1608 1544 1650 hactenus

123 1678 244 1722 dictis
278 1679 558 1735 connectitur,
590 1677 701 1721 aliud
735 1694 826 1721 esse
861 1678 1227 1735 dispensationem
1273 1679 1395 1735 legiS‚
1428 1696 1468 1722 v.
1505 1694 1548 1736 g.

123 1750 174 1793 de
206 1749 411 1794 servanda
441 1748 523 1792 fide
550 1750 644 1793 Deo
666 1750 732 1793 vel
766 1750 1012 1792 hominibus
1047 1750 1141 1792 data
1174 1766 1248 1808 per
1284 1763 1384 1793 vota
1418 1762 1546 1808 atque

123 1823 348 1879 promissa,
382 1821 493 1865 aliud
525 1838 628 1865 vero
671 1822 972 1865 remissionem
1008 1823 1140 1880 ipsius
1175 1823 1263 1865 voti
1307 1822 1373 1865 vel
1408 1824 1544 1880 ipsius

123 1894 338 1952 promissi.
365 1895 462 1937 Hoc
484 1893 664 1937 alterum
690 1909 775 1936 non
811 1906 873 1936 est
897 1893 1155 1950 dispensatio
1191 1895 1273 1937 nisi
1308 1894 1549 1951 improprie

124 1965 250 2021 dicta,
285 1980 413 2023 quam
447 1964 573 2023 aliqui
608 1978 799 2008 auctores
854 1977 1007 2008 vocant
1046 1965 1409 2023 dispensationem
1460 1980 1549 2007 non

124 2038 226 2080 iuris
260 2037 334 2081 sed
357 2037 477 2095 facti,
513 2053 651 2095 eoque
685 2036 793 2079 redit
827 2048 872 2079 ut
907 2038 959 2079 sit
993 2037 1175 2094 simplex⁷
1204 2036 1436 2080 subtractio
1461 2052 1550 2078 ma-

124 2109 265 2152 teriae.
307 2110 446 2151 «Hoc
478 2108 627 2162 modo,
662 2120 707 2150 ut
740 2109 900 2165 optime
936 2109 1071 2166 inquit
1108 2110 1265 2152 Suarez
1299 2108 1384 2167 (Ι),
1419 2109 1548 2150 etiam

126 2181 312 2237 privatus
335 2179 469 2223 homo
497 2191 637 2237 potest
656 2179 871 2222 interdum
895 2179 1059 2224 auferre
1079 2180 1386 2237 obligationem
1408 2191 1550 2221 ortam

125 2266 176 2293 ex
209 2251 511 2308 promissione,
546 2269 583 2294 v.
620 2268 656 2292 (Υ.
706 2251 966 2294 remittendo
1015 2251 1157 2308 illam,
1206 2253 1273 2295 vel
1307 2263 1444 2293 ortam
1497 2265 1551 2292 ex

617 2288 642 2308 O

125 2335 294 2375 mutuo,
329 2321 593 2379 perficiendo
627 2322 963 2365 donationem.»

221 2557 278 2602 (1)
305 2558 360 2593 De
388 2556 457 2603 leg.
486 2556 617 2591 l.11.c.
644 2565 808 2597 14nu1n.
835 2565 885 2589 11.
906 2555 1002 2600 Lege
1030 2554 1138 2588 etiam
1161 2552 1203 2587 de
1222 2554 1321 2588 Voto
1350 2553 1369 2587 l.
1386 2553 1446 2586 VI.
1468 2564 1497 2586 c.
1516 2561 1551 2598 9„

1365 2634 1407 2657 20
