1734 2784
721 140 955 181 —25-

119 235 291 279 gerere,
320 219 506 278 ideoque
537 219 588 263 ad
621 235 721 264 eum
755 221 1025 265 excitandum
1058 224 1100 265 in
1137 224 1326 266 Factoris
1357 225 1422 266 sui
1467 240 1546 267 co—

121 292 367 350 gnitionem
403 303 442 334 et
475 306 682 334 amorem.
722 293 838 335 Haec
870 293 1001 350 igitur
1049 293 1330 337 manifestatio
1374 308 1413 337 et
1462 294 1544 338 hoc

121 365 453 408 incitamentum
495 375 558 407 est
604 362 701 407 finis
733 366 803 422 qui
848 364 1026 408 ultimus
1061 377 1347 408 creaturarum
1382 366 1544 408 ratione

107 435 374 491 .-carentium‚
397 433 448 477 ad
471 450 599 492 quem
634 435 818 492 proximi
850 436 917 478 alii
939 435 1043 479 fines
1068 424 1413 479 subordinantur.
1448 437 1542 480 Nos

119 517 269 549 nutem
304 504 387 548 h-oc
418 504 673 548 maniculo
707 506 985 563 potissimum
1009 507 1268 564 inquirimus
1293 505 1344 549 de
1366 505 1448 549 fine
1484 522 1548 549 re-

106 583 226 620 strum
261 577 418 621 ultimo.

245 649 523 701 IILNonne,
559 649 676 692 aiunt
708 648 881 707 quidam
916 649 1080 693 divinae
1114 648 1272 706 gloriae
1296 665 1444 693 osores
1468 649 1549 707 (Ι),

130 735 275 764 nonne
308 735 511 778 quaerere
542 719 621 763 sibi
654 720 835 777 gloriam
868 733 930 764 est
963 720 1064 780 quid
1097 722 1336 764 vitiosum?
1377 747 1432 754 —
1471 721 1550 763 Di-

119 792 325 849 :stinguot
359 804 422 836 est
452 793 660 836 vitiosum
693 809 891 851 quaerere
915 793 993 837 sibi
1018 794 1199 850 gloriam
1231 792 1458 836 indebitam
1482 791 1548 835 vel

128 863 263 907 modo
295 863 483 908 indebito
516 880 636 918 conc„
669 865 849 921 gloriam
883 867 1062 908 omnino
1107 864 1292 908 debitam
1326 877 1366 908 et
1411 862 1545 907 modo

121 950 303 993 prorsus
324 935 480 980 >debito
514 952 622 994 nego.
657 938 717 980 Ut
749 938 804 980 ait
838 938 878 981 S.
917 937 1112 981 Thomas
1151 936 1238 994 (2),
1283 937 1544 993 «appetitus

129 1006 290 1064 gloriae
338 1007 389 1052 de
436 1023 482 1051 se
527 1024 614 1051 non
664 1010 856 1052 nominat
904 1008 1064 1066 aliquid
1112 1009 1377 1051 vitiosum».
1418 1008 1547 1051 Tunc

121 1078 433 1123 tantummodo
456 1080 667 1137 appetitus
691 1079 849 1136 gloriae
872 1092 934 1123 est
967 1081 1162 1136 vitiosus,
1188 1078 1359 1137 quando
1392 1078 1546 1135 aliquis

122 1151 294 1209 quaerit
324 1150 404 1194 sibi
437 1150 616 1208 gloriam
660 1151 726 1195 vel
759 1152 1004 1208 indebitam,
1036 1151 1102 1194 vel
1156 1151 1289 1194 modo
1339 1150 1544 1194 indebito.

126 1221 383 1279 Exemplum
416 1222 543 1280 primi
577 1222 704 1266 habes
737 1224 777 1266 in
811 1239 878 1280 eo,
911 1224 983 1281 qui
1017 1236 1237 1280 quaereret
1261 1222 1339 1264 sibi
1364 1221 1546 1278 gloriam

129 1308 181 1336 ex
211 1291 336 1349 libro,
369 1294 441 1351 qui
474 1293 523 1336 ab
555 1293 687 1337 altero
712 1295 976 1351 conscriptus
1000 1306 1062 1337 est
1086 1306 1125 1336 et
1150 1309 1279 1351 quem
1308 1293 1398 1350 ipse
1424 1292 1545 1335 iactat

126 1377 174 1408 ut
204 1365 368 1423 proprii
400 1365 588 1409 fructum
622 1366 794 1422 ingenii.
826 1365 1012 1408 Alterius
1047 1364 1290 1421 exemplum
1340 1362 1468 1406 habes
1502 1363 1543 1404 in

117 1453 193 1494 eo,
224 1438 298 1494 qui
328 1453 379 1482 ex
410 1436 532 1491 libro,
565 1438 684 1480 cuius
732 1438 820 1494 ipse
854 1453 996 1480 revera
1029 1449 1091 1479 est
1125 1448 1289 1488 auctor,
1324 1447 1545 1492 quaereret

127 1508 207 1552 sibi
232 1509 428 1566 gloriam,
450 1525 537 1553 non
562 1521 703 1553 tamen
727 1508 950 1552 referendo
973 1509 1117 1551 omnia
1140 1507 1189 1550 ad
1214 1508 1375 1560 Deum,
1402 1521 1422 1548 a
1457 1520 1543 1562 quo

128 1593 270 1625 totum
301 1582 464 1639 accepit
510 1581 719 1639 quidquid
768 1580 902 1624 habet.
940 1580 1023 1624 Sed
1058 1580 1157 1622 haec
1192 1579 1271 1622 dici
1321 1589 1538 1635 nequeunt

129 1651 181 1695 de
211 1652 321 1695 Deo.
368 1653 463 1710 Ipse
504 1654 620 1696 enim
668 1664 730 1695 est
788 1651 1090 1709 dignissimus,
1142 1650 1213 1707 qui
1258 1648 1305 1691 ab
1349 1646 1547 1691 omnibus

134 1724 335 1766 creaturis
368 1725 456 1766 suis
490 1724 532 1766 in
579 1736 798 1766 aeternum
848 1721 1135 1779 glorificetur,
1178 1737 1254 1763 nec
1303 1731 1548 1782 creaturae,

120 1806 334 1852 quantum
367 1795 467 1838 satis
516 1807 605 1847 est,
639 1795 780 1851 ipsum
818 1809 1005 1851 unquam
1041 1791 1363 1836 collaudabunt:
1410 1805 1547 1847 neque

128 1864 253 1909 habet
284 1866 404 1909 Deus
437 1881 511 1909 ens
545 1866 755 1923 superius,
791 1865 856 1907 cui
906 1880 1001 1906 suas
1050 1863 1331 1921 perfectiones
1386 1859 1543 1903 referre

124 1935 273 1980 debeat
289 1949 492 1994 acceptas,
511 1937 585 1980 sed
608 1938 695 1994 ipse
713 1948 776 1979 est
794 1936 929 1992 prima
948 1950 1091 1978 rerum
1112 1935 1309 1976 omnium
1329 1933 1545 1975 omnium-

119 2024 208 2067 ·que
242 2008 551 2066 perfectionum
586 2023 720 2051 causa.
759 2026 778 2047 <‹
806 2005 1101 2050 Periculosum
1136 2017 1214 2056 est,
1240 2004 1379 2061 inquit
1405 2019 1436 2045 s.
1462 2004 1547 2045 Au—

125 2080 328 2137 gustinus
362 2080 439 2136 (3),
471 2079 549 2122 sibi
597 2078 775 2136 placere,
810 2078 875 2120 cui
925 2076 1159 2120 cavendum
1203 2090 1266 2120 est
1313 2073 1543 2132 superbire.

132 2149 209 2193 Ille
240 2163 401 2205 autem,
426 2152 498 2208 qui
531 2165 658 2207 super
692 2149 835 2192 omnia
858 2161 934 2201 est,
959 2161 1353 2205 quantumcumque
1378 2161 1421 2187 se
1446 2144 1541 2187 litu-

135 2220 224 2278 det,
258 2237 344 2266 non
377 2221 542 2265 extollit
575 2237 632 2264 se.
657 2240 678 2260 »

221 2419 276 2463 (1)
305 2419 356 2454 Ita
385 2428 524 2465 praeter
549 2418 640 2453 alios
666 2419 816 2453 Hermes
844 2417 879 2450 in
910 2417 1034 2461 dogm.

217 2482 272 2526 (2)
297 2478 336 2513 In
371 2488 400 2513 2.
430 2489 459 2513 2.
488 2491 519 2525 q.
545 2489 616 2523 132.
645 2490 674 2511 a.
707 2489 732 2512 1.
761 2476 1056 2511 Cl‘.Pallavicino
1086 2475 1136 2509 dal
1162 2476 1238 2509 11er
1269 2475 1288 2508 l.
1323 2485 1348 2507 ῐ.
1378 2483 1485 2518 parte
1515 2484 1546 2506 2.

119 2550 178 2573 cc.
204 2548 259 2581 24.
287 2547 340 2580 23.

224 2599 274 2642 (3)
303 2598 408 2643 Apud
437 2609 465 2632 s.
494 2597 690 2638 Tliomam,
720 2597 801 2631 loco
831 2607 936 2630 nunc.
964 2596 1022 2629 cit.
