1734 2784
637 112 906 154 ,109-

560 331 908 376 ARTICULUS
945 332 976 374 Ι.

451 429 523 471 De
553 429 755 471 notione
793 428 1085 471 voluntarii.

605 556 773 621 Tnsssls
811 557 928 599 XIII.

63 653 353 697 Volmztarimn
385 663 440 697 est
474 654 529 707 id,
562 654 667 712 qnod
693 653 871 711 procedit
904 653 955 696 ab
988 654 1170 711 appetitu
1205 652 1405 696 rationali
1433 668 1483 695 <tx

173 727 343 783 praevia
376 727 637 770 intellectuali
668 727 881 783 coglzilz'one
920 726 1022 777 sinis.
1075 725 1292 783 Maltiplex
1340 735 1486 768 autent

176 806 229 839 est
261 797 405 840 divisio
437 798 681 841 voluntarii.

175 905 246 947 40.
282 892 600 935 DECLARATIO.
638 890 881 935 Trademus
908 892 1050 949 primo
1078 893 1303 935 notionem
1328 892 1489 935 volun--

57 963 170 1019 tatii,
218 975 309 1005 turn
353 978 456 1006 vero
504 964 751 1021 praecipuas
795 963 907 1006 illius
952 964 1204 1021 partitiones
1248 980 1482 1008 enumera-

57 1033 214 1077 bimus,

174 1105 206 1148 I.
241 1104 414 1163 Duplex
447 1104 748 1162 distinguenda
797 1118 858 1149 est
894 1106 1082 1163 cognitio
1126 1106 1236 1160 finis,
1287 1108 1481 1164 itemque

57 1175 214 1234 duplex
247 1176 574 1233 distinguendus
609 1190 671 1220 est
705 1178 916 1234 appetitus
951 1177 1110 1235 duplici
1144 1178 1201 1219 illi
1238 1179 1476 1234 cognitioni

57 1247 337 1306 respondens.
371 1249 445 1292 Est
489 1249 768 1292 intellectualis
807 1250 997 1306 cognitio
1045 1248 1156 1306 finis,
1212 1268 1231 1290 «
1265 1265 1347 1307 qua
1394 1265 1481 1292 non

56 1320 199 1363 solum
231 1319 550 1379 (materialiter)
599 1319 933 1378 apprehenditur
982 1336 1062 1374 res,
1113 1337 1219 1378 quae
1263 1334 1325 1363 est
1364 1321 1482 1373 finis,

57 1390 131 1435 sed
180 1392 307 1435 etiam
354 1391 634 1451 (formaliter)
684 1394 961 1449 cognoscitur
1006 1394 1113 1435 ratio
1156 1391 1252 1435 finis
1303 1405 1344 1436 et
1378 1408 1492 1450 pro-⁷

58 1463 199 1522 portio
233 1464 341 1517 eius,
385 1462 502 1522 quod
551 1463 776 1508 ordinatur
825 1464 875 1508 ad
923 1464 1053 1507 finem
1103 1466 1320 1522 ipsum.»
1368 1466 1484 1508 Huic

57 1534 327 1578 intellectuali
361 1536 596 1593 cognitioni
631 1535 862 1594 respondet
911 1539 1119 1594 appetitus
1152 1538 1371 1581 rationalis
1406 1553 1481 1580 seu

56 1605 267 1650 voluntas.
302 1607 377 1650 Est
408 1609 596 1651 sensitiva
634 1609 825 1665 cognitio
860 1607 972 1662 finis,
1023 1624 1130 1666 quae
1163 1608 1483 1668 (materialiter)

57 1678 100 1720 in
133 1676 222 1720 sola
257 1676 351 1720 finis
386 1677 727 1736 apprehensione
763 1680 975 1735 consistit,
999 1680 1088 1722 sine
1112 1678 1194 1722 hoc
1220 1679 1337 1738 quod
1370 1679 1480 1739 (for-

58 1748 246 1808 maliter)
290 1762 575 1806 cognoscatur
622 1751 728 1793 ratio
774 1750 868 1793 finis
917 1763 957 1794 et
994 1752 1221 1808 proportio
1265 1764 1382 1794 actus
1431 1751 1482 1795 ad

58 1818 188 1864 finem
222 1838 245 1860 »
280 1820 363 1879 (1).
410 1821 525 1864 Huic
557 1822 699 1865 sensili
735 1822 973 1879 cognitioni
1007 1822 1238 1880 respondet
1276 1824 1483 1882 appetitus

59 1893 287 1936 sensitivus.

178 1964 372 2008 Iamvero
405 1964 460 2018 id,
495 1964 612 2023 quod
645 1965 836 2023 procedit
870 1964 917 2008 ab
943 1966 1129 2023 appetitu
1154 1967 1357 2009 sensitivo
1383 1982 1480 2009 cum

60 2034 204 2077 sensili
252 2036 499 2093 cognitione
542 2036 651 2090 finis,
701 2037 872 2079 nonnisi
924 2036 1058 2080 modo
1107 2036 1313 2095 loquendi
1363 2037 1483 2081 valde

59 2105 299 2164 improprio
334 2107 544 2151 diceretur
575 2108 898 2151 voluntarium:
936 2108 1091 2151 dicitur
1135 2121 1278 2152 autem
1312 2117 1486 2167 sponta-

4 2223 7 2227 ,
59 2191 190 2221 neum.
241 2177 327 2222 Sed
358 2178 649 2222 voluntarium
698 2194 825 2222 sensu
874 2195 978 2222 vero
1027 2192 1067 2223 et
1101 2180 1279 2238 proprio
1331 2192 1393 2223 est
1428 2180 1484 2235 id,

0 2647 27 2784 rae³³¹ffw

30 2731 49 2784 ““-).’
38 2688 41 2693 -
29 2655 33 2657 “

60 2247 176 2305 quod
209 2248 402 2306 procedit
434 2249 482 2293 ab
516 2251 704 2308 appetitu
739 2250 934 2294 rationali
969 2267 1068 2294 cum
1108 2250 1380 2294 intellectuali
1415 2267 1485 2295 co-

58 2318 253 2375 gnitione
285 2319 394 2363 finis.
430 2321 497 2363 De
531 2320 613 2364 hoc
646 2337 788 2364 sermo
832 2321 953 2365 nobis
987 2335 1063 2376 est,
1113 2335 1153 2365 et
1189 2321 1271 2365 hoc
1316 2337 1487 2380 semper

26 2435 29 2437 ,
57 2387 326 2447 intelligitur,
358 2391 530 2448 quoties
564 2392 654 2434 sine
688 2391 833 2436 addito
879 2392 1180 2436 voluntarium
1224 2394 1496 2437 nominatum

161 2584 219 2630 (1)
248 2585 299 2620 Ita
329 2597 357 2621 s.
387 2585 567 2631 Thomas,
600 2599 627 2622 1.
656 2597 690 2624 2.
717 2601 748 2635 q.
776 2588 808 2624 6.
836 2600 866 2623 a.
896 2599 928 2625 2.
