1734 2784
777 96 1043 150 -398—

204 193 242 233 in
280 193 482 247 rigorem,
518 204 560 233 ut
598 191 655 233 sic
688 190 850 247 loquar,
878 191 942 234 vel
976 190 1191 234 lenitatem
1217 190 1487 248 obligationis
1511 192 1615 249 legis

204 264 405 320 positivae
440 264 641 305 humanae
675 262 803 320 (hanc
839 263 952 305 enim
988 264 1210 320 praecipue
1256 264 1294 304 in
1345 262 1616 321 philosophia

202 348 442 392 spectamus
477 347 516 377 et
550 334 805 377 nominatim
840 333 1070 377 humanam
1105 334 1297 391 civilem).
1332 334 1420 377 Iam
1460 334 1615 377 innue-

201 405 348 449 bamus
383 407 578 464 superius
611 405 695 464 (1),
730 405 870 463 legem
906 405 1155 458 humanam,
1191 407 1225 449 si
1258 407 1301 450 in
1335 406 1477 466 aliquo
1521 422 1615 450 casu

200 494 325 531 grave
359 477 563 521 damnum
598 494 647 520 ex
681 493 727 520 ea
761 489 978 535 sequatur,
1004 492 1089 520 non
1114 477 1303 535 obligare
1321 487 1392 536 per
1425 493 1473 522 se.
1501 478 1616 522 Haec

202 564 242 591 ut
278 548 404 607 paulo
439 548 573 592 fusius
608 548 882 607 explicentur,
909 550 984 592 tria
1022 550 1225 606 principia
1259 551 1485 593 statuimus
1520 564 1615 592 cum

199 621 398 663 Suaresio
432 619 516 678 (2),
551 621 641 663 eius
690 619 775 663 fere
827 619 964 664 verbis
1018 620 1188 663 utendo.
1224 646 1280 653 —
1310 621 1350 678 α.)
1384 621 1480 665 Non
1520 621 1616 664 deest

195 701 367 750 potestas
403 693 443 735 in
479 694 718 749 magislratu-
753 693 874 743 civili,
902 702 936 734 ct
973 692 1071 734 idem
1105 709 1127 735 a
1155 692 1326 750 fortiori
1358 693 1402 735 da
1435 692 1615 737 ccclesia-

197 765 307 818 stica,
341 762 395 806 ad
428 762 687 819 obligandum
719 765 800 806 suis
835 763 994 820 legibus,
1017 764 1301 821 cumpericnlo
1336 765 1615 823 cuiuscumque

198 837 420 878 nocumenti
454 835 694 892 temporalis,
718 836 838 878 etiam
872 836 1022 888 mortis,
1047 837 1080 878 si
1113 850 1253 878 necesse
1287 836 1349 878 sit.
1384 836 1507 880 Ratio
1531 848 1612 888 est,

198 907 293 964 quia
327 908 368 950 in
401 905 613 964 republica
651 919 711 949 est
746 919 931 964 potestas
980 908 1212 950 necessaria
1246 906 1295 950 ad
1339 922 1457 950 suam
1509 922 1614 951 con-

196 979 480 1023 servationem
513 992 554 1022 et
587 994 818 1022 commune
852 978 1027 1022 bonum:
1079 978 1151 1023 sed
1185 979 1234 1022 ad
1269 979 1346 1022 hos
1396 979 1499 1024 fines
1552 991 1614 1023 est

198 1050 413 1095 moraliter
464 1051 753 1094 necessarium
803 1065 1075 1109 praeceptum
1119 1050 1311 1109 obligans
1361 1052 1410 1095 ad
1458 1050 1613 1110 aliquid

198 1123 411 1181 agendum
447 1122 512 1166 vel
545 1121 597 1166 ad
630 1122 987 1180 perseverandum
1023 1124 1062 1165 in
1096 1122 1238 1181 aliquo
1272 1122 1385 1176 loco,
1419 1138 1505 1167 non
1541 1121 1612 1166 ob·

197 1208 330 1239 stante
364 1194 552 1253 periculo
587 1195 752 1238 mortis:
787 1210 890 1252 ergo
915 1194 1022 1238 cadit
1056 1194 1137 1237 hoc
1161 1194 1237 1238 sub
1272 1194 1503 1239 humanam
1537 1210 1613 1253 po-

197 1279 408 1311 testatem.
443 1267 589 1309 Minor
624 1277 801 1319 constat‚
842 1265 1012 1323 quando
1060 1267 1345 1309 necessarium
1379 1279 1440 1309 est
1486 1281 1611 1323 agere

196 1339 485 1400 periculosum
534 1338 692 1383 bellum
736 1338 786 1383 ad
836 1338 1143 1383 defendendam
1193 1338 1513 1397 rempublicam,
1545 1337 1611 1381 vel

194 1427 464 1472 perseverare
496 1424 689 1469 tempore
724 1411 853 1469 pestis
889 1412 931 1454 in
964 1411 1106 1469 aliquo
1140 1410 1235 1454 loco
1284 1410 1333 1453 ad
1374 1425 1609 1468 procuran-

194 1484 291 1528 dam
325 1497 603 1527 communem
637 1482 832 1540 salutem,
866 1482 930 1526 vel
964 1483 997 1525 si
1031 1497 1202 1526 necesse
1225 1483 1279 1525 sit
1304 1494 1477 1541 propter
1509 1480 1608 1525 fidei

193 1555 405 1599 honorem
440 1553 597 1613 aliquid
630 1570 752 1612 agere
787 1570 884 1598 cum
919 1555 1029 1598 vitae
1062 1554 1322 1598 discrimine.
1358 1554 1498 1598 Maior
1531 1570 1606 1598 au-

192 1641 278 1672 tem
314 1642 388 1685 per
419 1642 463 1670 se
496 1637 597 1669 nota
629 1625 798 1669 videtur
831 1641 884 1669 ex
918 1626 1128 1683 terminis,
1161 1627 1258 1685 quia
1292 1624 1389 1668 alias
1438 1624 1608 1669 insuffi-

194 1701 352 1743 cienter
384 1697 607 1757 provisum
642 1710 751 1742 esset
783 1696 1079 1755 gubernationi
1112 1711 1151 1741 et
1186 1698 1500 1742 eonservationi
1524 1698 1609 1741 rei-

193 1770 396 1829 publicae.
433 1795 489 1803 —
512 1770 558 1828 (5)
592 1770 677 1813 Lex
708 1770 890 1813 humana
925 1778 1018 1813 tunc
1051 1770 1223 1812 maxime
1255 1778 1291 1813 et
1324 1770 1439 1828 quasi
1470 1777 1542 1827 per
1573 1784 1610 1812 se

194 1842 343 1900 obligat
375 1857 466 1886 cum
494 1841 672 1900 periculo
707 1842 829 1896 vitae,
860 1841 1023 1900 quando
1058 1841 1160 1884 illud
1202 1841 1427 1899 periculum
1466 1849 1540 1900 per
1571 1857 1609 1885 se

191 1923 242 1957 est
274 1929 481 1957 annexum
512 1928 579 1956 seu
611 1914 868 1957 coniunctum
900 1913 1009 1956 actui
1036 1920 1261 1971 praeceptO,
1296 1913 1331 1956 si
1361 1912 1518 1970 alioqui
1548 1912 1609 1956 lex

192 1986 298 2029 iusta
330 1987 394 2039 sit,
428 1994 469 2028 ut
495 1986 705 2042 praesumi
736 1984 860 2040 debet,
894 1982 1057 2042 quando
1090 1985 1312 2042 oppositum
1344 1999 1423 2027 non
1455 1986 1607 2028 consti-

193 2057 294 2100 terit.
330 2055 543 2099 Declarari
576 2065 718 2113 potest
751 2053 957 2112 exemplis
991 2053 1140 2112 posi'tis
1174 2052 1225 2097 de
1257 2052 1382 2110 bello,
1430 2053 1481 2098 de
1528 2070 1606 2112 pe-

193 2127 376 2171 riculosa
409 2126 697 2184 navigatione,
732 2125 783 2170 de
817 2125 1035 2170 curatione
1069 2125 1367 2183 proximorum
1411 2138 1606 2185 tempore

193 2198 324 2257 pestis
358 2210 399 2241 et
430 2197 653 2241 similibus.
687 2198 812 2242 Ratio
846 2209 988 2241 autem
1022 2208 1101 2249 est,
1127 2196 1224 2254 quia
1246 2209 1345 2240 tunc
1368 2196 1604 2256 periculum

191 2284 279 2313 non
303 2281 518 2328 reputatur
540 2269 888 2322 accidentarium‚
912 2266 986 2312 sed
1007 2266 1135 2311 veluti
1160 2266 1210 2311 de
1233 2268 1464 2313 substantia
1487 2282 1603 2313 actus

287 2510 342 2553 (1)
371 2508 461 2543 Vide
488 2520 585 2543 num.
616 2520 669 2554 53.
696 2520 775 2555 pag.
808 2508 882 2554 158.

286 2571 342 2613 (2)
370 2569 424 2603 De
452 2569 520 2615 leg.
549 2569 568 2602 1,
600 2569 658 2603 III.
687 2580 716 2604 c.
746 2579 796 2615 30.
