1734 2784
782 106 1050 147 „400-

207 189 413 231 sententia
445 201 518 230 cst:
553 186 730 245 talisque
778 188 1005 231 necessitas
1053 203 1144 231 esse
1193 199 1402 242 censetur,
1449 187 1619 246 quando

206 259 377 301 violatio
411 258 515 315 legis
551 269 725 316 propter
759 257 883 302 talem
920 270 1087 303 metum
1139 259 1305 303 cederet
1338 260 1380 302 in
1429 271 1620 303 contem-

207 344 324 388 ptum
363 330 424 373 vel
458 329 657 373 iniuriam
694 329 911 387 religionis
945 343 1015 374 aut
1048 347 1175 389 grave
1208 330 1453 376 scandalum
1487 330 1621 390 pusil-

207 403 360 445 lorum.
397 401 524 445 Tunc
557 401 671 445 enim
704 401 867 445 bonum
918 417 1147 447 commune
1189 403 1407 462 religionis
1456 403 1621 464 praefe-

206 473 386 517 rendum
420 486 494 517 est:
529 474 630 517 item
664 474 761 532 quia
795 486 895 518 tunc
943 474 1179 532 transgredi
1223 487 1496 535 praeceptum
1545 476 1622 520 hu-

205 561 379 589 manum
414 559 524 589 esset
556 545 620 589 vel
672 545 848 590 deficere
882 547 923 590 in
974 546 1243 592 confessione
1278 547 1377 593 fidei
1424 561 1621 608 tempore

207 617 365 671 debito,
398 617 464 661 vel
499 619 717 676 cooperari
751 618 802 662 ad
836 618 994 677 aliquid
1026 620 1253 664 intrinsece
1287 620 1462 665 malum.

324 690 439 733 Haec
475 689 524 733 de
568 689 662 747 lege
705 690 901 747 positiva.
942 689 1063 744 Quid
1097 704 1240 735 autem
1290 691 1523 736 dicendum
1570 691 1621 736 de

206 762 346 818 rigore
378 759 443 804 vel
477 760 648 804 lenitate
681 760 955 818 obligationis
990 760 1093 820 legis
1126 762 1324 806 naturalis
1345 764 1365 806 Ρ.
1393 762 1483 807 Iam
1517 762 1621 808 dixi-

207 848 302 875 mus
335 831 423 891 (1),
460 832 664 891 distingui
700 832 851 877 debere
884 833 993 877 inter
1027 845 1250 892 praecepta
1282 836 1470 893 negativa
1495 846 1535 879 et
1557 835 1624 890 af-

205 905 430 953 sitnzativa.
466 905 690 963 Praecepta
723 905 917 963 negativa
955 904 1145 962 obligant
1178 914 1329 964 semper
1362 918 1401 949 et
1437 905 1493 950 ad
1524 922 1622 950 sem-

199 983 280 1032 ρει
314 974 431 1017 nullo
465 976 579 1018 enim
615 988 810 1034 tempore
866 987 928 1019 est
964 974 1218 1033 proferenda
1265 975 1539 1034 blasphemia,
1571 991 1623 1020 ne

206 1046 254 1089 ad
287 1047 417 1089 vitain
453 1045 627 1105 quidem
652 1046 916 1090 servandam,
941 1048 1169 1106 Praecepta
1203 1060 1346 1092 autem
1370 1047 1623 1092 affirmativa

207 1117 394 1175 obligant
430 1118 602 1176 quidem
636 1127 803 1178 semper,
842 1134 929 1163 non
965 1132 1106 1163 autem
1145 1120 1199 1163 ad
1230 1129 1393 1179 semper,
1426 1120 1500 1165 sed
1546 1137 1622 1179 pro

206 1188 302 1232 loco
336 1203 375 1232 et
399 1202 608 1248 tempore:
633 1189 729 1233 hinc
752 1191 834 1233 nisi
857 1190 1048 1248 specialis
1078 1191 1284 1249 quaedam
1310 1192 1624 1235 circumstantia

206 1262 346 1304 locum
383 1261 502 1304 illum
537 1275 577 1306 et
609 1274 780 1320 tempus
828 1261 951 1316 illud,
987 1263 1028 1305 in
1079 1278 1165 1321 quo
1199 1263 1436 1321 periculum
1485 1265 1621 1322 gravis

207 1332 349 1376 damni
399 1334 539 1386 instat,
588 1332 781 1377 absolute
829 1332 1110 1391 determinet,
1158 1335 1370 1393 praecepti
1418 1334 1623 1392 implendi

206 1404 409 1461 obligatio
443 1418 542 1448 tunc
576 1419 662 1448 non
698 1404 879 1462 urgebit.
903 1404 1011 1448 Illud
1035 1405 1161 1448 etiam
1195 1421 1341 1450 rursus
1376 1417 1516 1463 potest
1548 1405 1624 1449 ad-

207 1478 330 1531 verti,
366 1489 586 1536 praecepta
617 1478 813 1535 negativa
859 1492 946 1520 non
995 1477 1137 1521 solum
1171 1477 1305 1536 quoad
1351 1485 1519 1536 tempus,
1552 1477 1625 1522 sed

207 1549 333 1591 etiam
367 1548 501 1606 quoad
541 1556 747 1606 personas,
783 1549 835 1592 ad
879 1564 982 1607 quas
1030 1549 1282 1592 terminatur
1331 1560 1622 1607 praeceptum,

207 1636 298 1663 esse
333 1621 466 1677 magis
501 1620 767 1678 universalia,
801 1636 929 1679 quam
965 1619 1223 1664 affirmativa:
1262 1621 1399 1679 «quia
1421 1619 1522 1663 nulli
1548 1619 1623 1663 ho-

209 1693 376 1735 minum
410 1705 471 1735 est
503 1691 766 1745 nocendum,
801 1708 889 1736 non
922 1705 1064 1736 autem
1099 1691 1355 1736 sufficientes
1389 1707 1554 1748 sumus,
1578 1704 1623 1734 ut

209 1780 319 1808 unus
354 1764 488 1807 homo
523 1764 657 1822 possit
691 1765 891 1808 omnibus
927 1764 1137 1808 servire.»

304 1987 361 2031 (1)
388 1985 480 2021 Vide
506 1997 604 2021 num.
636 1995 694 2030 105
726 1997 804 2032 pag.
836 1986 918 2033 289.
946 1984 1004 2020 Cf.
1036 1986 1256 2026 Liberatore,
1285 1985 1341 2019 Ius
1367 1993 1438 2019 nat.
1474 1994 1565 2030 pars.
1598 1993 1624 2017 1.

211 2057 239 2081 c.
273 2056 298 2080 1.
328 2055 389 2080 art.
422 2054 449 2088 3.
