1734 2784
725 75 779 84 ·—
809 66 890 96 xm
923 78 980 86 —

136 145 413 200 admittenda,
447 147 649 205 amplecti
681 158 807 206 atque
840 165 891 191 ex
922 148 1184 192 naturalibus
1219 151 1347 193 etiam
1397 150 1559 208 princi-

137 224 218 282 piis
251 222 548 267 demonstrare
580 239 627 267 ac
657 224 875 269 vindicare
908 224 994 284 (1).

255 301 374 344 Haec
405 301 503 344 satis
537 301 622 344 sint
654 301 707 345 ad
740 301 1034 346 definitionem
1056 302 1358 362 philosophiae
1383 302 1559 347 moralis

135 377 446 422 illustrandam:
467 394 600 437 pauca
631 394 746 422 nunc
778 379 830 423 de
862 379 1057 424 eiusdem
1090 380 1317 425 divisione.

253 457 309 501 II.
343 456 446 501 Non
480 471 569 500 uno
602 456 846 516 eodemque
879 457 1014 501 modo
1057 458 1335 517 philosophia
1385 459 1559 502 moralis

135 550 158 578 a
191 535 318 579 variis
350 533 593 578 auctoribus
628 534 843 578 dividitur.
866 535 962 580 Nos
996 551 1090 579 eam
1124 535 1382 580 divisionem
1408 536 1558 594 seligi-

135 624 252 664 mus,
288 627 394 669 quae
426 627 449 654 a
480 604 668 669 probatis
701 611 947 655 auctoribus
981 613 1202 670 recipitur,
1237 629 1432 672 quaeque
1466 629 1559 657 mo-

133 688 264 732 ralem
308 688 634 746 philosophiam
683 688 886 747 dispescit
930 689 1132 734 bifariam.
1185 691 1309 734 Prior
1352 707 1448 750 pars
1497 704 1560 735 est

129 765 328 825 generalis
361 778 402 809 et
432 765 559 809 tradit
592 766 808 824 generales
837 768 1054 810 actionum
1078 768 1366 811 humanarum
1390 768 1557 826 regulas

134 861 209 889 seu
241 844 370 903 leges.
405 843 551 889 Altera
583 860 679 902 pars
713 857 776 888 est
823 846 1005 903 specialis
1039 858 1079 890 et
1127 858 1303 889 statutas
1347 847 1391 890 in
1424 848 1557 905 priori

134 934 252 980 parte
284 920 501 979 generales
535 921 702 979 regulas
736 938 810 964 seu
845 921 958 979 leges
994 923 1175 981 applicat
1207 922 1258 966 ad
1291 924 1431 966 varios
1470 924 1555 968 ho-

134 1000 264 1043 minis
297 1012 429 1043 status
463 1000 506 1041 in
538 999 791 1057 particulari.
817 1000 932 1043 Huic
961 1000 1077 1044 alteri
1102 1002 1209 1058 parti
1234 1002 1420 1053 tertiam,
1446 1015 1491 1044 ut
1515 1002 1556 1044 in

121 1076 395 1136 praefatione
427 1077 512 1120 iam
547 1076 748 1131 diximus,
784 1077 991 1121 addemus
1027 1079 1274 1136 historicam,
1298 1094 1404 1136 quae
1438 1094 1556 1136 prae-

133 1156 281 1213 cipuos
316 1154 367 1198 de
400 1171 444 1198 re
477 1153 629 1198 morali
664 1168 873 1213 auctores,
909 1171 1146 1214 eorumque
1169 1157 1303 1198 varias
1327 1157 1555 1199 sententias

132 1231 378 1277 recensebit.

249 1311 387 1353 Porro
421 1324 518 1352 cum
553 1308 689 1351 homo
738 1309 984 1352 naturaliter
1016 1308 1173 1366 triplici
1222 1310 1264 1351 in
1299 1321 1407 1352 statu
1449 1323 1554 1352 con-

130 1388 305 1432 siderari
338 1400 479 1445 queat,
514 1386 713 1430 videlicet
736 1399 782 1429 ut
806 1399 867 1429 est
891 1401 1074 1444 persona
1107 1387 1267 1444 privata
1291 1386 1446 1444 (iro'mg
1472 1402 1554 1443 μο-

130 1465 378 1524 ναστι;ι.ό;),
411 1478 457 1508 ut
492 1476 553 1508 est
588 1463 835 1507 membrum
869 1464 1083 1507 societatis
1118 1463 1408 1521 imperfectae,
1444 1478 1550 1522 quae

127 1554 191 1586 est
222 1540 381 1585 familia
413 1540 706 1600 (οἰκονόμόὲ),
739 1554 785 1584 ut
818 1554 879 1584 est
913 1540 1160 1584 membrum
1195 1541 1409 1583 societatis
1456 1558 1549 1599 per-

128 1618 272 1672 fectae,
307 1634 414 1677 quae
446 1631 509 1661 est
561 1619 705 1661 civitas
740 1617 990 1676 (πολίτηςχ
1024 1617 1121 1660 hinc
1165 1616 1338 1659 alteram
1388 1629 1548 1674 partem

128 1708 292 1739 veteres
326 1695 546 1754 tripliciter
579 1693 903 1738 subdividebant
936 1695 979 1737 in
1014 1695 1289 1747 monasticam,
1325 1696 1548 1737 oeconomi*

127 1788 216 1816 cam
248 1785 288 1816 et
317 1773 534 1830 politicam.
570 1773 807 1816 Monastica
841 1773 927 1829 agit
949 1771 999 1815 de
1023 1771 1184 1815 iuribus
1209 1771 1447 1830 officiisque
1473 1771 1548 1815 ho-

128 1851 255 1892 minis
290 1862 335 1893 ut
369 1862 432 1893 est
465 1866 646 1908 persona
680 1851 852 1908 privata:
889 1850 1168 1893 oeconomica
1203 1850 1254 1892 de
1290 1849 1452 1892 iuribus
1489 1850 1546 1892 of·

126 1926 318 1985 ficiisque
351 1927 540 1970 hominis
576 1939 620 1969 ut
654 1926 896 1969 membrum
942 1939 1004 1969 est
1046 1925 1242 1982 familiae,
1277 1926 1447 1984 politica
1499 1927 1547 1969 de

124 2003 287 2047 iuribus
312 2003 548 2062 officiisque
581 2003 770 2047 hominis
797 2017 841 2047 ut
864 2020 957 2061 pars
987 2016 1050 2047 est
1085 2004 1277 2047 civitatis.
1304 2005 1401 2047 Hoc
1425 2016 1547 2061 pacto

125 2081 395 2138 Aristoteles,
428 2094 474 2124 ut
508 2081 558 2124 de
607 2096 658 2124 eo
706 2093 871 2124 tantum
906 2081 1148 2139 loquamur,
1183 2093 1348 2138 partem
1401 2096 1547 2123 mima—

217 2329 268 2374 (ι)
294 2330 371 2364 Huc
400 2328 479 2363 facit
508 2328 711 2374 propositio
742 2329 983 2363 condemnata
1004 2329 1036 2362 iu
1059 2328 1205 2374 Syllabo
1228 2328 1289 2361 :sub
1311 2339 1410 2360 uum,
1431 2326 1541 2360 XIV:

130 2409 146 2425 «
165 2394 401 2440 Philosophia
428 2393 608 2428 tractanda
639 2404 704 2437 cst,
735 2395 832 2428 nulla
863 2393 1144 2439 supernaturalis
1173 2393 1402 2427 revelationis
1424 2392 1544 2424 lmbfm

126 2451 308 2486 ratione.»
341 2450 391 2486 Cs.
421 2451 527 2485 ctiam
558 2451 671 2485 Conc.
700 2451 815 2485 K'atic.
844 2451 983 2485 constit
1014 2450 1054 2484 dc·
1083 2449 1141 2484 sil.
1172 2449 1262 2483 cazh.
1304 2460 1378 2494 cap.
1422 2448 1483 2481 IV.
1512 2456 1544 2480 ct

126 2521 202 2545 can.
231 2511 262 2544 11
