1734 2784
748 80 1012 121 —216-

174 175 341 217 actione
365 188 448 216 non
474 174 746 231 praevidisse,
762 173 827 216 vel
850 188 936 215 non
961 173 1152 230 potuisse
1178 187 1265 215 non
1288 187 1446 230 ponere
1470 172 1584 216 illam

172 247 398 298 actionem,
432 244 521 287 aliis
554 244 706 298 verbis,
740 260 784 287 se
815 244 881 287 vel
913 259 1002 286 non
1036 242 1165 287 fuisse
1200 258 1368 287 causam
1391 243 1585 288 volunta-

175 317 281 358 riam
306 315 371 358 vel
403 330 488 357 non
523 315 651 358 fuisse
686 331 853 358 causam
885 313 1060 357 liberam
1093 313 1204 356 illius
1237 313 1413 356 actionis
1453 313 1585 359 malae

178 402 261 444 qua
294 387 401 430 talis.
436 388 519 430 Hic
552 387 703 443 agendi
738 386 909 443 modus,
942 401 1070 443 quem
1102 397 1249 428 natura
1297 385 1402 429 duce
1435 401 1586 430 omnes

172 472 423 516 sequuntur,
467 460 546 516 ipsi
596 459 720 501 etiam
764 459 902 516 pueri,
954 476 974 498 (ε
1011 458 1053 499 in
1092 456 1263 514 quibus,
1303 458 1584 515 quemadmo-

180 529 282 572 dum
332 530 502 573 Tullius
536 530 607 588 (1)
649 532 718 583 ait,
752 543 797 573 ut
844 530 885 571 in
920 529 1101 586 speculis
1146 541 1295 571 natura
1329 530 1529 583 cernitur,
1561 546 1581 570 »

175 602 330 644 indicat
365 602 470 645 hanc
504 618 649 645 revera
682 618 773 645 esse
806 601 1098 645 conditionem
1132 602 1413 643 necessariam
1438 612 1477 644 et
1500 600 1586 644 suf-

177 672 388 716 ficientem
435 688 513 730 pro
557 673 707 716 morali
746 672 1082 730 immutabilitate,
1118 672 1513 729 praecognitionem
1545 684 1586 714 et

172 743 345 786 liberam
380 744 648 788 volitionem.
683 745 785 788 Inde
819 758 960 787 autem
997 744 1098 786 haec
1131 756 1380 801 sequuntur.

288 816 321 858 I.
363 815 589 873 Quidquid
622 816 745 873 tollit,
778 816 932 858 minuit
964 815 1030 858 vel
1062 828 1188 872 auget
1210 816 1253 858 in
1277 828 1368 858 actu
1394 814 1589 872 liberum,

175 886 322 930 eadem
357 889 520 931 ratione
553 900 594 931 et
627 901 799 931 eatenus
833 887 973 945 tollit,
1006 889 1160 930 minuit
1191 887 1259 930 Vel
1305 900 1452 947 auget⁴
1477 887 1588 930 illius

176 958 563 1015 imputabilitatem.
578 961 773 1003 Iamvero
796 976 861 1011 ea,
886 975 991 1016 quae
1015 959 1075 1002 sic
1097 959 1281 1001 influunt
1313 960 1355 1001 in
1378 960 1588 1002 rationem

175 1028 309 1083 liberi,
342 1046 433 1072 eam
468 1030 675 1087 tollendo,
709 1030 773 1073 vel
815 1029 1081 1087 minuendo,
1114 1031 1180 1073 vel
1223 1030 1444 1087 augendo,
1491 1042 1589 1072 sunt

175 1103 438 1157 ignorantia,
473 1104 818 1160 concupiscentia,
853 1111 1008 1156 meins,
1042 1104 1214 1155 coactio,
1251 1103 1422 1147 habitus.
1462 1104 1508 1146 E.
1547 1118 1588 1160 g,

176 1173 415 1228 ignorantia
445 1174 675 1217 antecedens
708 1174 816 1217 tollit
848 1174 1042 1225 liberum,
1078 1190 1181 1230 ergo
1215 1173 1326 1216 tollit
1349 1175 1476 1217 etiam
1508 1175 1588 1216 im-

172 1243 493 1301 putabilitatem:
524 1261 757 1303 consequens
789 1262 873 1288 non
908 1245 1018 1288 tollit
1048 1245 1247 1298 liberum,
1268 1261 1371 1302 ergo
1405 1262 1458 1288 ne
1480 1245 1590 1289 tollit

172 1315 345 1371 quidem
380 1316 747 1372 imputribilitatem
792 1316 875 1375 (2).
910 1317 1017 1359 Item
1051 1317 1395 1373 concupiscentia
1430 1325 1587 1360 antece-

177 1386 273 1429 dens
305 1401 392 1428 non
434 1386 542 1429 tollit
578 1387 776 1440 liberum,
803 1404 904 1444 ergo
938 1403 989 1431 ne
1023 1387 1171 1431 adimit
1204 1387 1377 1444 quidem
1402 1388 1589 1444 imputa-

175 1457 404 1501 bilitatem:
427 1471 723 1502 verumtamen
757 1461 912 1502 minuit
933 1458 1127 1512 liberum,
1152 1473 1255 1516 ergo
1278 1458 1434 1501 minuit
1464 1459 1588 1501 etiam

173 1529 544 1586 imputribilitatem
579 1530 662 1587 (3).
686 1531 828 1573 Metus
852 1532 977 1573 etiam
1003 1531 1170 1587 minuit,
1193 1545 1280 1572 non
1312 1542 1453 1572 tamen
1480 1528 1590 1572 tollit

271 1773 327 1815 (1)
356 1773 410 1806 De
439 1772 496 1807 fin.
524 1774 567 1807 V.
596 1783 652 1808 22.

277 1834 333 1876 (2)
361 1834 394 1867 S.
423 1833 598 1868 Thomas.
638 1835 673 1867 in
701 1845 835 1869 comm.
870 1835 906 1867 in
944 1845 996 1880 ep.
1037 1834 1079 1868 ad
1119 1833 1226 1868 Rom.
1262 1844 1339 1879 cap.
1368 1833 1391 1868 Ι,
1432 1832 1512 1867 lect.
1540 1843 1558 1877 7
1579 1860 1587 1874 ,

176 1904 196 1921 «
224 1900 320 1933 tunc,
347 1892 409 1933 a?t‚
437 1893 641 1937 ignorantia
667 1893 809 1938 culpam
837 1902 991 1935 excusat,
1022 1893 1164 1939 quando
1192 1892 1241 1926 sic
1269 1891 1430 1937 procedit
1457 1900 1490 1926 et
1511 1903 1591 1925 cau-

180 1960 232 1984 sat
260 1950 415 1995 culpam,
443 1952 539 1997 quocl
567 1963 639 1985 non
668 1962 830 1987 causatur
855 1964 873 1986 a
901 1952 1014 1998 culpa,
1042 1953 1132 1986 sicut
1165 1963 1247 1985 cum
1283 1951 1407 1997 aliquis
1433 1950 1590 1985 adhibita

181 2010 366 2056 diligentia
395 2011 509 2045 debita
539 2012 623 2045 dum
651 2012 759 2047 credit
786 2021 971 2057 percutere
995 2012 1155 2053 hostem,
1192 2012 1343 2056 percutit
1378 2019 1526 2056 patrem.
1553 2011 1591 2045 Si

176 2080 264 2103 vero
293 2070 495 2114 ignorantia
522 2080 684 2104 causetur
711 2083 728 2104 a
758 2072 871 2116 culpa,
897 2083 971 2105 non
999 2080 1118 2116 potest
1144 2071 1420 2116 subsequentem
1448 2068 1589 2115 culpam

177 2128 379 2173 ignorantia
407 2140 586 2163 excusare.
613 2130 718 2163 Unde
745 2130 772 2163 si
799 2131 877 2175 quis
903 2142 963 2175 per
991 2130 1200 2164 ebrietatem
1227 2127 1464 2162 homicidium
1491 2139 1592 2162 com—

180 2187 303 2229 mittit,
329 2199 404 2221 non
431 2198 618 2222 excusatur
644 2201 662 2223 a
688 2189 805 2234 culpa,
845 2190 926 2235 quia
961 2189 1118 2235 peccavit
1154 2200 1190 2222 se
1225 2187 1450 2222 inebriando.
1484 2187 1591 2222 Unde

179 2247 376 2281 secundum
403 2247 670 2293 Philosophum
697 2258 853 2283 meretur
879 2249 1038 2294 duplices
1063 2247 1325 2282 mulctationes
1355 2261 1372 2279 »
1408 2246 1500 2281 Vide
1534 2257 1592 2280 su-

181 2316 253 2350 per.
289 2315 368 2350 pag.
403 2315 489 2348 140:
513 2308 580 2344 τοῖς
608 2306 779 2350 μεθύουσι
805 2305 914 2339 διπλᾶ.
932 2306 974 2340 τὸ.
998 2307 1160 2351 ἐπιτίμια.

272 2365 328 2409 (3)
356 2365 396 2398 In
424 2366 525 2399 omni
545 2365 724 2408 iniustitia,
742 2376 914 2411 persaepe
940 2374 1065 2400 monet
1084 2365 1236 2407 Tullius,
1262 2363 1481 2411 permultum
1500 2363 1590 2398 inte-

176 2433 284 2464 resse,
310 2434 426 2458 utrum
454 2426 720 2470 perturbatione
745 2425 871 2471 aliqua,
891 2436 979 2471 quae
1013 2424 1221 2471 plerumque
1256 2424 1372 2459 brevis
1407 2431 1459 2458 est
1485 2431 1519 2458 et
1545 2422 1588 2456 ad

173 2488 335 2525 tempus,
363 2494 406 2516 an
434 2482 599 2517 consulto
625 2492 659 2518 et
685 2483 846 2528 cogitato
870 2483 931 2518 fiat
957 2484 1105 2517 iniuria:
1134 2482 1269 2517 leviora
1287 2483 1384 2517 enim
1401 2489 1483 2516 sunt
1501 2492 1591 2528 quae
1714 2519 1734 2533 4-

180 2542 371 2586 repentino
399 2542 517 2587 aliquo
545 2552 645 2577 motu
673 2543 851 2585 accidunt,
887 2554 993 2589 quam
1020 2554 1071 2585 ea,
1101 2553 1191 2588 quae
1229 2540 1397 2576 meditata
1433 2549 1465 2575 et
1490 2550 1591 2586 prae·
1692 2549 1734 2784 j
