1734 2784
811 109 1018 137 -Χ-

210 180 307 225 bent
342 180 635 235 cognitionem
671 195 744 237 per
778 182 996 238 propriam
1031 196 1214 224 causam.
1248 181 1379 238 Atqui
1427 180 1625 239 philoso-

209 259 307 317 phia
341 258 512 301 moralis
546 259 734 301 continet
765 271 952 316 systema
986 259 1314 302 conclusionum
1349 258 1625 303 demonstra-

209 349 364 392 tarum,
390 352 495 393 quae
530 351 680 377 omnes
716 336 823 378 circa
857 335 1143 378 moralitatem
1176 347 1411 393 versantur,
1435 351 1626 395 quaeque

212 414 402 457 eiusdem
440 430 581 456 veram
618 426 656 456 et
691 425 848 455 certam
882 413 1082 471 praebent
1106 413 1398 470 cognitionem
1433 430 1507 472 per
1529 431 1629 473 pro-

212 490 345 547 priam
383 506 565 532 causam.
601 491 715 545 Ergo
749 501 811 531 est
845 490 1030 542 scientia,
1067 501 1106 531 et
1140 488 1315 546 quidem
1349 505 1476 532 sensu
1508 491 1626 534 vocis

210 569 436 624 pressiore.

335 647 446 689 Cum
483 660 642 698 autem,
679 658 724 687 ut
757 660 808 688 ex
843 646 1002 701 Logica
1035 646 1189 702 pariter
1238 657 1418 703 constat,
1452 647 1628 690 scientia

213 724 504 781 multipliciter
539 723 763 777 dividatur,
799 723 1076 780 potissimum
1124 739 1226 766 vero
1261 723 1302 766 in
1335 723 1627 781 speculativam

210 816 250 847 et
279 804 517 861 pradicant,
542 801 638 843 hinc
662 801 854 857 quaestio
890 801 1042 857 oritur,
1065 813 1210 843 utrum
1235 800 1510 859 philosophia
1533 817 1626 845 mo-

210 880 307 924 ralis
342 881 394 922 sit
429 880 600 921 scientia
632 877 901 935 speculativa,
926 893 975 920 an
1008 893 1110 920 vero
1136 879 1329 936 practica.
1353 904 1409 911 —
1432 880 1626 937 Respon-

210 959 360 1002 demus
411 970 549 999 autem
599 971 689 998 eam
739 971 830 998 esse
868 956 1089 998 scientiam
1122 957 1360 1014 practicam.
1400 956 1474 1000 Illa
1512 958 1626 1000 enim

209 1037 382 1079 scientia
417 1048 478 1077 est
512 1035 704 1092 practica,
739 1050 845 1091 quae
878 1050 965 1077 non
1000 1035 1111 1077 sistit
1154 1035 1198 1077 in
1243 1034 1332 1078 sola
1382 1036 1627 1092 cognitione

207 1115 411 1167 veritatis,
446 1114 578 1171 qualis
611 1126 672 1156 est
706 1130 744 1156 v.
778 1129 818 1170 g.
852 1113 1130 1170 astronomia,
1153 1113 1227 1156 sed
1261 1128 1311 1155 eo
1344 1113 1520 1170 insuper
1551 1128 1627 1156 or-

209 1192 391 1249 dinatur,
426 1206 471 1235 ut
506 1193 799 1249 cognitionem
834 1191 1019 1233 habitam
1054 1190 1314 1234 deducamus
1348 1192 1391 1233 in
1440 1192 1624 1248 praxim,

209 1268 341 1326 qualis
377 1285 408 1311 e.
439 1284 477 1324 g
515 1280 575 1310 est
610 1267 832 1310 medicina.
865 1268 995 1324 Atqui
1030 1267 1303 1325 philosophia
1337 1266 1509 1310 moralis
1533 1282 1622 1310 non

211 1361 262 1388 eo
297 1357 463 1387 tantum
499 1345 733 1401 ordinatur,
767 1357 812 1386 ut
846 1344 1045 1398 sciamus,
1079 1361 1286 1402 quaenam
1321 1345 1405 1387 sint
1437 1345 1625 1388 actiones

207 1422 356 1479 bonae,
391 1437 597 1480 quaenam
633 1421 780 1476 malae,
814 1421 888 1464 sed
921 1437 972 1465 eo
1007 1423 1131 1465 etiam
1166 1434 1340 1480 spectat,
1376 1434 1422 1465 ut
1472 1423 1626 1479 cogni-

208 1500 369 1541 tionem
406 1498 512 1542 hanc
546 1499 800 1542 deducentes
825 1500 866 1541 in
890 1500 1072 1557 praxim,
1096 1515 1306 1557 ponamus
1341 1500 1526 1542 actiones
1550 1497 1626 1541 ho-

208 1588 363 1633 nestas,
396 1577 581 1618 vitemus
614 1576 878 1630 inhonestas,
913 1577 1057 1634 sicque
1090 1576 1219 1618 vitam
1254 1575 1471 1619 moraliter
1504 1576 1625 1619 ordi-

209 1665 349 1696 natam
399 1654 608 1710 vivamus,
651 1652 866 1711 finemque
915 1653 1082 1696 tandem
1132 1652 1333 1696 ultimum
1384 1669 1625 1711 consequa-

209 1746 308 1774 mur
341 1729 423 1788 (Ι).
459 1731 574 1787 Ergo
609 1743 671 1773 est
704 1732 877 1773 scientia
911 1731 1104 1788 practica.

327 1809 418 1850 Alia
453 1810 577 1851 etiam
613 1820 675 1851 est
710 1808 862 1851 divisio
897 1809 1097 1851 scientiae
1133 1809 1175 1851 in
1209 1808 1555 1852 subalternantem
1587 1819 1627 1851 et

213 1885 546 1929 subalternamm.
596 1887 709 1928 Hinc
742 1901 888 1928 rursus
937 1886 1130 1943 quaestio
1179 1886 1331 1938 oritur,
1383 1883 1626 1928 cuiusmodi

209 1963 383 2005 scientia
416 1964 468 2005 sit
514 1962 786 2020 philosophia
834 1962 1020 2015 moralis,
1055 1974 1201 2005 utrum
1250 1961 1538 2004 subalternans
1572 1961 1626 2004 sit

303 2113 350 2156 (1)
380 2113 434 2146 Ad
462 2124 535 2146 rem
562 2112 790 2153 Aristoteles,
815 2112 895 2147 Eth.
923 2112 944 2146 1.
973 2113 1128 2146 11.c.2.:
1160 2109 1200 2144 ‘H
1218 2114 1381 2157 παροῦσα
1408 2110 1628 2157 πραγματεία

210 2173 248 2207 οὐ
274 2173 414 2216 θεωρίας
444 2172 544 2206 ἕνεκά.
572 2174 679 2213 ἐστιν,
708 2173 823 2218 ὥσπερ
852 2172 887 2206 αἱ
915 2171 1030 2206 ἄλλῃ·
1058 2171 1096 2206 οὐ
1122 2172 1188 2219 γὰρ
1222 2171 1267 2205 ἶν’
1292 2171 1438 2217 εἰδῶμεν
1465 2171 1496 2205 τί
1529 2173 1624 2205 ἐστιν

208 2231 226 2267 ἡ
255 2232 353 2276 ἀρετὴ
383 2232 612 2277 σκεπτόμεθκ,
641 2232 716 2264 ἀλλ’
736 2231 781 2264 ἶν’
802 2231 932 2276 ἀγαθοὶ
952 2230 1145 2278 γενώμεθα.
1167 2233 1247 2267 Hoc
1264 2230 1454 2277 negotium
1474 2240 1548 2262 non
1566 2238 1626 2261 co-

212 2289 384 2335 gnitionis
413 2300 515 2322 causa
544 2299 750 2335 susceptum
778 2300 829 2325 est
855 2300 892 2325 ut
921 2299 1054 2324 cetera:
1084 2302 1157 2324 non
1186 2289 1284 2324 enim
1323 2289 1406 2335 quid
1445 2289 1489 2323 sit
1515 2287 1625 2322 virtus

210 2349 425 2395 quaerimus.
453 2358 489 2383 ut
519 2361 795 2396 cognoscamus,
824 2351 885 2384 sed
914 2360 950 2385 ut
975 2351 1061 2384 boni
1095 2349 1303 2385 efficiamur.
1343 2350 1433 2384 Item
1472 2349 1622 2390 Seneca,

208 2414 253 2448 ad
279 2414 407 2449 Lucill.
437 2426 491 2459 ep.
520 2425 589 2450 20.:
621 2429 638 2447 «
659 2416 790 2450 Facere
817 2417 922 2451 docet
950 2415 1192 2462 philosophia,
1223 2427 1296 2450 non
1325 2415 1465 2449 dicere:
1496 2423 1530 2449 et
1555 2414 1624 2449 hoc

209 2473 333 2520 exigit,
360 2483 398 2508 ut
424 2473 466 2508 ad
493 2473 613 2520 legem
641 2486 742 2509 suam
769 2476 915 2522 quisque
942 2476 1049 2518 vivat,
1075 2487 1121 2510 ne
1147 2464 1305 2509 orationi
1331 2475 1401 2509 vita
1420 2474 1621 2516 dissentiat,

207 2542 245 2569 ut
272 2533 349 2578 ipsa
376 2533 467 2568 inter
491 2545 527 2568 se
558 2534 630 2568 vita
657 2534 775 2575 unius,
803 2534 880 2568 sine
907 2535 1091 2568 actionum
1121 2533 1355 2576 dissensione,
1376 2532 1509 2568 coloris
1535 2532 1622 2567 sit.»

197 2592 267 2630 Cf.
295 2593 403 2627 etiam
433 2605 486 2639 ep.
518 2592 568 2627 16.
