1734 2784
225 213 454 256 commissa
487 211 570 270 (1).
605 213 719 270 Ergo
753 211 819 256 ille
854 213 970 255 solus
1004 224 1146 269 potest
1180 228 1271 256 esse
1304 214 1537 271 legislator,
1572 218 1642 260 cui

223 284 544 328 communitatis
594 300 691 327 cura
724 296 786 327 est
821 285 1051 327 commissa
1084 284 1171 343 (2).

341 357 392 399 Et
425 370 523 398 sane
545 355 684 413 (quod
711 367 772 398 est
794 367 1096 412 argumentum
1132 371 1164 400 s,
1190 356 1413 416 Thomae)
1437 359 1638 404 ordinare

221 429 264 470 in
296 426 425 470 finem
458 439 520 470 est
552 428 658 483 eius,
691 427 811 469 cuius
845 439 906 469 est
940 428 1136 484 proprius
1170 428 1235 471 ille
1268 427 1377 473 finis.
1401 432 1531 489 Atqui
1561 431 1637 475 bo-

220 515 326 543 num
359 513 590 542 commune
623 510 685 540 est
716 497 809 540 finis
844 499 1043 556 proprius
1079 498 1205 557 illius,
1227 501 1299 557 qui
1335 500 1455 544 habet
1490 518 1636 546 curam

220 570 555 615 communitatis,
589 569 704 625 Ergo
738 569 933 612 ordinare
968 570 1007 612 in
1042 569 1168 613 finem
1196 584 1257 614 est
1281 572 1386 627 eius,
1412 574 1483 630 qui
1510 573 1639 618 habet

220 657 364 685 curam
412 641 746 693 communitatis,
793 641 879 683 sive
914 640 981 684 ille
1015 643 1067 684 sit
1101 658 1281 699 persona
1321 643 1507 701 physica,
1543 646 1632 689 sive

219 712 391 756 moralis
424 712 450 755 i.
485 728 518 755 c.
554 710 782 753 hominum
818 723 980 754 coetus.

335 785 471 826 Porro
504 781 659 839 duplici
694 781 827 825 modo
862 794 1002 840 potest
1035 782 1184 841 aliquis
1220 784 1371 828 habere
1400 785 1479 828 sibi
1513 802 1632 830 com·

216 856 392 898 missam
416 854 737 898 communitatis
764 868 925 910 curam,
949 854 1155 896 nimirum
1178 854 1243 897 vel
1268 857 1400 899 modo
1426 873 1630 915 supremo

215 939 339 985 atque
371 925 700 984 independente‚
723 924 789 967 Vel
814 924 949 968 modo
984 924 1249 983 dependente
1275 943 1318 970 ac
1337 927 1628 973 subordinato.

214 1001 378 1044 Rursus
412 997 581 1055 duplex,
615 1008 660 1039 ut
693 995 868 1039 inferius
917 996 1147 1047 trademus,
1198 997 1473 1055 distinguitur
1505 1016 1630 1043 com-

213 1071 412 1123 munitas,
439 1069 618 1127 perfecta
651 1068 791 1122 altera,
841 1068 967 1112 altera
999 1070 1237 1126 imperfecla.
1289 1071 1484 1114 Iamvero
1528 1084 1635 1115 tunc

212 1143 425 1186 ordinatio
459 1141 704 1184 communis
737 1153 777 1184 et
810 1140 969 1184 stabilis
1004 1152 1066 1183 est
1101 1142 1272 1199 proprie
1296 1142 1513 1200 loquendo
1546 1143 1632 1197 lex,

211 1214 382 1273 quando
415 1214 553 1270 agitur
601 1211 652 1255 de
687 1212 994 1254 communitate
1037 1211 1234 1269 perfecta,
1278 1225 1316 1255 et
1350 1213 1520 1271 quando
1554 1214 1627 1258 di·-

210 1299 351 1330 manat
383 1285 431 1329 ab
466 1283 644 1327 habente
677 1298 922 1341 supremam
958 1296 1209 1341 potestatem
1241 1285 1281 1326 in
1318 1287 1625 1328 communitate

207 1359 403 1418 perfecta.
439 1356 651 1400 Perfectae
684 1367 826 1398 autem
861 1356 1190 1398 communitates
1225 1368 1322 1398 sunt
1357 1358 1498 1414 primo
1522 1358 1624 1414 qui-

207 1430 305 1474 dem
337 1441 428 1472 tota
459 1428 646 1470 humana
677 1425 925 1483 respublica,
959 1426 1078 1468 cuius
1115 1426 1390 1470 immediatus
1424 1429 1626 1486 princeps

205 1514 268 1546 est
294 1502 427 1557 Deus,
459 1512 552 1542 tum
585 1513 687 1541 vero
722 1496 1066 1541 Christianorum
1101 1510 1262 1551 coetus,
1286 1494 1482 1556 in'quem
1506 1499 1619 1557 Papa

203 1574 371 1632 plenam
405 1570 529 1614 habet
561 1569 916 1621 iurisdictionem,
950 1584 995 1611 ac
1028 1567 1204 1611 demum
1250 1568 1381 1612 civilis
1425 1570 1624 1624 societas,

206 1645 324 1687 cuius
349 1659 446 1686 cura
470 1641 757 1685 committitur
781 1639 977 1696 politicae
1000 1641 1215 1697 potestati.
1238 1641 1351 1683 Hinc
1373 1641 1479 1684 aits.
1499 1640 1623 1684 Tho-

204 1730 294 1758 mas
327 1713 411 1772 (3)‚
455 1711 569 1771 quod
626 1711 744 1753 «ille
792 1711 863 1768 qui
911 1709 1117 1767 gubernat
1162 1712 1346 1768 aliquam
1396 1711 1623 1766 familiam,

298 1873 354 1918 (1)
382 1871 558 1917 Apposite
597 1871 737 1911 Suarez,
777 1869 820 1903 de
845 1869 913 1914 leg.
954 1869 976 1903 l.
1010 1881 1037 1904 1.
1065 1881 1093 1904 c.
1122 1870 1151 1903 8.
1181 1881 1279 1904 num.
1311 1879 1352 1913 3.:
1393 1885 1409 1900 «
1436 1870 1532 1905 Nota
1565 1879 1618 1905 est

199 1932 400 1967 differentia
425 1931 517 1966 inter
541 1930 607 1965 hos
634 1938 704 1964 tres
731 1938 843 1970 actm,
868 1933 981 1975 petere
1006 1940 1067 1963 seu
1096 1941 1208 1971 orare,
1230 1930 1431 1976 promittere
1458 1941 1520 1964 seu
1545 1942 1615 1964 vo-

198 2002 295 2033 vere,
321 1991 491 2037 imperare
516 2001 578 2024 seu
605 1998 836 2034 praeceptum
865 1989 1064 2034 imponere:
1109 1989 1202 2034 quod
1241 1988 1401 2033 primum
1442 1999 1493 2023 cst
1518 1989 1616 2023 indi-

199 2052 327 2097 gentis,
354 2058 387 2084 et
413 2049 505 2089 ideo,
533 2058 570 2083 ut
594 2048 660 2090 sic,
690 2057 742 2082 est
770 2046 951 2081 inferioris
978 2047 1020 2081 ad
1048 2047 1281 2092 superiorem:
1304 2048 1453 2082 ultimus
1481 2056 1533 2082 est
1560 2059 1625 2081 su·

198 2109 350 2156 perioris
375 2109 418 2143 ad
446 2107 665 2142 inferiorem:
693 2107 871 2141 secundus
898 2117 983 2140 vero
1010 2115 1129 2152 potest
1156 2117 1233 2140 esse
1262 2106 1305 2140 ad
1333 2117 1474 2148 omnes,
1502 2115 1538 2140 ut
1564 2107 1616 2140 in-

197 2168 328 2204 dicavit
355 2179 380 2203 s.
408 2167 585 2208 Thomas,
617 2177 645 2201 2,
677 2176 704 2200 2.
734 2178 767 2212 q.
794 2165 850 2200 88.
877 2177 909 2201 a.
944 2176 971 2201 1.
998 2179 1014 2196 »

290 2229 347 2273 (2)
376 2227 466 2261 Hinc
494 2226 731 2260 confirmatur
758 2224 805 2267 id,
833 2223 930 2270 quod
956 2224 992 2258 in
1020 2223 1259 2270 praecedente
1288 2232 1423 2268 puncto
1466 2223 1612 2257 diceba-

193 2299 288 2330 mus,
304 2287 424 2333 legem
439 2286 567 2320 debere
585 2283 797 2319 immediate
815 2284 921 2329 dirigi
940 2283 976 2317 in
995 2284 1131 2318 bonum
1151 2294 1359 2317 commune.
1377 2280 1494 2318 Causa
1515 2283 1610 2316 enirn

196 2347 354 2381 efficiens
380 2355 414 2381 et
440 2356 545 2379 causa
572 2344 690 2378 finalis
716 2343 848 2378 debent
878 2353 955 2377 esse
982 2342 1293 2387 proportionatae,
1321 2342 1416 2388 Ergo
1444 2349 1481 2375 ut
1508 2352 1612 2375 causa
1660 2372 1674 2382 ,

194 2405 354 2439 efficiens
381 2414 433 2439 est
459 2403 623 2448 superior
650 2402 809 2449 quolibet
847 2400 1049 2447 particulari
1076 2400 1238 2443 homine,
1269 2401 1316 2435 ita
1355 2411 1458 2434 causa
1496 2398 1612 2433 finalis

193 2472 246 2498 est
271 2464 408 2498 bonum
435 2474 495 2497 seu
524 2461 607 2497 finis
635 2472 712 2495 non
739 2460 849 2495 ullius
877 2459 1105 2506 particularis
1143 2459 1315 2501 hominis,
1344 2459 1405 2494 sed
1445 2469 1618 2493 commu·

192 2523 326 2557 nitatis.

287 2582 344 2628 (3)
372 2582 412 2616 In
444 2593 471 2616 1.
499 2591 531 2616 2.
558 2593 593 2627 q.
620 2590 675 2626 90.
703 2592 732 2615 a.
762 2589 792 2624 3.
