1734 2784
802 96 1064 149 -176—

225 188 394 243 obiecti,
429 200 472 230 ut
506 188 537 229 si
573 203 638 230 res
672 204 745 245 per
777 187 939 230 furtum
973 188 1103 231 ablata
1151 190 1203 231 sit
1237 190 1331 231 Deo
1369 204 1496 243 sacra,
1529 205 1636 247 quae

225 259 538 302 circumstantia
581 258 718 312 efficit,
767 272 812 302 ut
856 260 964 301 actio
1015 258 1081 302 illa
1128 260 1181 302 sit
1225 259 1381 317 duplici
1414 275 1466 303 ex
1500 262 1634 319 capite

223 330 432 374 dill'ormis
481 330 528 372 ab
577 330 726 373 ordine
770 330 960 384 naturali,
999 346 1072 373 seu
1122 332 1175 374 sit
1213 331 1375 374 furtum
1419 333 1545 375 simul
1593 346 1636 377 et

221 402 506 457 sacrilegium.
541 428 592 432 —
629 403 709 445 Um
745 401 953 458 significat
986 403 1211 459 specialem
1246 402 1328 446 loci
1367 403 1629 461 qualitatem,

221 489 255 515 e.
292 489 331 529 g.
365 473 480 530 quod
523 472 806 515 homicidium
852 486 1138 530 perpetratum
1187 475 1239 516 sit
1286 475 1327 516 in
1367 474 1543 532 templo.
1577 501 1637 508 ——

223 545 398 597 Qmims
428 558 623 587 Auxrmts
649 543 819 587 denotat
843 544 1036 601 specialia
1062 544 1214 598 media,
1240 561 1311 588 seu
1339 546 1635 604 instrumenta,

221 616 339 672 queis
373 631 500 671 agens
536 631 636 657 usus
670 628 747 671 cst,
782 632 815 657 e.
850 632 890 672 g.
926 615 1042 673 quod
1077 615 1359 659 homicidium
1404 618 1499 674 quis
1534 634 1634 673 per-

220 687 392 742 petrarit
425 701 645 728 armorum
668 701 823 742 genere
846 701 867 728 a
890 687 1071 743 positiva
1093 686 1184 744 lege
1208 687 1437 744 prohibito.
1461 714 1512 720 —
1534 689 1632 732 CUR

219 757 424 814 significat
457 756 585 800 finem
620 758 847 814 operantis.
898 758 1014 814 Dixi,
1057 760 1270 815 operantis.
1319 759 1433 803 Nam
1481 758 1635 816 duplex

220 828 497 884 distinguitur
544 827 656 880 finis,
705 830 831 885 operis
881 840 920 870 et
953 831 1169 886 operantis.
1219 830 1332 872 Finis
1383 830 1525 887 operis
1558 846 1633 873 seu

220 900 474 942 intrinsecus
509 911 571 942 est
604 898 687 951 ille,
733 899 782 942 ad
826 915 954 957 quem
1004 900 1112 942 actio
1162 913 1224 942 est
1273 917 1322 943 ex
1371 913 1517 943 natura
1558 916 1634 944 sua

220 970 424 1027 ordinata,
458 970 617 1028 quique
651 970 830 1028 proinde
864 971 1045 1028 pertinet
1088 970 1138 1013 ad
1174 971 1311 1028 ipsam
1355 971 1635 1014 substantiam

219 1043 397 1085 actionis
431 1043 707 1099 potiusquam
742 1041 792 1085 ad
825 1043 913 1084 eius
963 1042 1220 1086 accidentia:
1252 1059 1286 1085 e.
1322 1058 1361 1099 g.
1396 1041 1634 1086 sublevatio

219 1114 415 1171 pauperis
449 1114 489 1156 in
512 1125 605 1156 actu
629 1113 833 1169 erogandi
867 1112 1203 1171 eleemosynam.
1225 1114 1340 1157 Finis
1367 1126 1508 1157 autem
1533 1129 1633 1172 ope-

219 1185 350 1227 rantis
383 1200 457 1227 seu
506 1185 767 1227 extrinsecus
816 1197 878 1227 est
924 1184 1010 1237 ille,
1045 1200 1173 1242 quem
1222 1184 1298 1227 sibi
1343 1201 1472 1242 agens
1521 1183 1633 1227 ultro

219 1256 488 1314 praestituit:
524 1269 569 1298 ut
617 1256 651 1298 si
696 1257 790 1313 quis
835 1256 1152 1314 eleemosynam
1201 1270 1351 1314 eroget
1397 1256 1447 1300 ad
1481 1272 1633 1300 vanam

219 1327 401 1383 gloriam
433 1326 545 1385 apud
577 1327 774 1370 homines
808 1326 1073 1384 captandam.
1100 1328 1180 1370 Hic
1204 1326 1298 1369 finis
1322 1328 1535 1385 operantis
1558 1342 1633 1370 seu

220 1398 481 1441 extrinsecus
514 1411 578 1441 est
611 1399 835 1456 potissima
884 1399 1216 1451 circumstantia,
1239 1414 1344 1456 quae
1394 1399 1436 1440 in
1469 1399 1634 1441 actione

220 1469 480 1513 considerari
515 1469 658 1513 debet:
694 1469 791 1513 hinc
826 1469 876 1513 de
906 1486 973 1523 eo,
997 1482 1217 1528 tamquam
1244 1470 1293 1513 de
1318 1470 1635 1513 circumstantia

220 1541 443 1598 praecipua
475 1541 584 1584 inter
617 1556 784 1598 omnes,
830 1540 920 1584 fieri
969 1541 1079 1585 solet
1127 1557 1323 1600 expressa
1365 1542 1543 1584 mentio.
1578 1565 1633 1572 --

219 1613 462 1665 QUOMODO
496 1611 670 1656 denotat
711 1611 892 1656 modum
940 1613 1137 1666 actionis,
1184 1625 1229 1656 ut
1272 1615 1306 1656 si
1338 1612 1548 1656 ferventer
1579 1627 1634 1655 an

218 1682 375 1741 tepide,
408 1696 561 1741 sponte
593 1699 645 1727 an
679 1696 837 1739 coacte,
872 1684 1009 1727 sciens
1042 1699 1093 1727 an
1114 1685 1331 1741 ignorans,
1361 1699 1412 1726 ex
1435 1683 1632 1741 passione

218 1769 271 1797 an
303 1770 353 1797 ex
385 1754 556 1807 malitia,
590 1771 626 1798 e.
660 1771 699 1812 g.
734 1755 851 1813 quod
883 1766 1002 1798 actus
1049 1771 1099 1798 ex
1133 1755 1475 1813 concupiscentia
1507 1766 1631 1797 ante-

220 1825 392 1869 cedente
425 1826 590 1883 positus
623 1827 689 1869 sit.
723 1851 781 1860 —
814 1827 1020 1879 QUANDO
1055 1824 1265 1882 significat
1307 1825 1555 1884 qualitatem
1588 1835 1633 1867 et

219 1897 496 1953 quantitatem
529 1898 754 1954 temporis,
787 1909 831 1939 ut
863 1897 896 1938 si
929 1897 1023 1954 quis
1063 1896 1129 1940 die
1163 1895 1271 1939 festo
1305 1907 1452 1939 contra
1499 1894 1631 1938 eccle-

217 1967 430 2009 siasticam
464 1967 605 2024 legem
638 1968 689 2010 ad
722 1967 876 2010 multas
910 1967 1036 2010 horas
1070 1967 1333 2011 laboraverit.

338 2039 429 2081 Hae
463 2039 801 2082 circumstantiae
847 2038 1071 2096 aliquando
1109 2038 1159 2081 ad
1195 2037 1481 2081 moralitatem
1524 2036 1629 2080 nihil

219 2107 455 2162 conferunt,
489 2108 713 2166 aliquando
748 2125 850 2152 vero
885 2108 936 2152 ad
967 2121 1082 2152 actus
1117 2108 1404 2152 moralitatem
1437 2109 1627 2152 attinent.

220 2180 372 2233 Quum
408 2195 536 2238 porro
584 2179 826 2233 conferunt,
861 2193 962 2224 tunc
1010 2179 1236 2238 aliquando
1278 2180 1488 2223 actionem
1520 2194 1636 2230 nova

219 2250 402 2308 quadam
436 2251 683 2295 moralitatis
717 2252 856 2308 specie
889 2250 1119 2308 cumulant,
1152 2252 1175 2293 i.
1202 2267 1236 2294 e.
1271 2251 1400 2303 actui,
1440 2250 1513 2308 qui
1545 2250 1633 2295 iam

218 2339 293 2380 per
327 2340 370 2366 se
403 2335 614 2380 spectatus
649 2322 772 2365 habet
816 2335 972 2366 certam
1020 2323 1208 2380 speciem
1257 2321 1521 2374 moralitatis,
1554 2335 1634 2363 no-

219 2408 316 2436 vam
349 2394 471 2436 aliam
504 2392 794 2452 superaddunt
841 2393 1092 2436 moralitatis
1140 2393 1353 2451 speciem:
1404 2389 1633 2449 aliquando

219 2479 307 2507 non
338 2464 497 2508 addunt
530 2480 684 2507 novam
707 2465 908 2522 speciem,
931 2464 1005 2508 sed
1027 2465 1069 2507 in
1093 2463 1241 2507 eadem
1269 2463 1408 2521 specie
1432 2463 1633 2504 minuunt

219 2535 285 2578 vel
316 2548 485 2593 augent,
520 2535 647 2593 idque
679 2535 826 2579 leviter
858 2548 928 2578 aut
951 2536 1150 2592 graviter,
1173 2534 1408 2578 bonitatem
1440 2531 1507 2576 vel
1539 2546 1630 2574 ma-
