1734 2784
763 80 821 86 -—
853 68 929 98 xtv
963 79 1020 88 -

176 152 319 196 sticum
352 149 477 193 tradit
510 150 552 192 in
588 149 737 192 decem
761 148 876 191 libris
911 147 1163 191 Ethicorum
1190 148 1239 191 ad
1261 148 1609 205 Nicomachum,

176 229 219 270 in
253 226 420 269 duobus
453 224 569 268 libris
605 225 874 281 Magnorum
910 223 1161 279 Moralium,
1200 235 1240 266 et
1271 223 1312 265 in
1347 235 1511 281 septem
1541 223 1600 268 li—

176 304 260 347 bris
294 303 526 346 Moralium
560 301 610 345 ad
646 300 907 345 Eudemum:
935 311 1097 358 partem
1134 311 1277 343 autem
1311 302 1602 345 oeconomicam

175 382 349 440 exponit
382 381 424 423 in
459 379 626 423 duobus
662 378 777 421 libris
815 378 1237 422 Oeconomicorum:
1287 388 1452 436 partem
1494 393 1597 422 vero

171 458 381 517 politicam
405 457 530 500 tradit
553 458 594 499 in
619 469 718 500 octo
743 455 857 499 libris
883 454 1182 498 Politicorum.
1209 454 1320 498 Tres
1345 454 1422 498 hae
1446 466 1606 513 partes,

179 536 233 578 ait
265 533 573 592 Philosophus,
609 534 731 576 initio
765 532 920 590 Ethic.,
955 532 1193 591 praeclarae
1228 548 1379 577 omnes
1413 546 1511 577 sunt
1558 548 1605 577 ac

177 611 355 655 divinae:
390 612 512 654 tertia
543 622 687 654 tamen
721 624 818 669 pars
854 621 917 653 est
951 625 1049 653 sane
1073 625 1182 668 opus
1217 609 1436 668 pulchrius
1470 626 1517 654 ac
1539 609 1603 654 di-

175 690 316 733 vinius
348 689 554 747 (ιγζλλιον
589 691 664 730 καὶ
701 687 961 747 θειότερον),
998 688 1096 746 quia
1127 687 1290 731 Scilicet
1323 688 1506 732 divinius
1538 698 1604 732 est

174 782 403 825 procurare
427 766 670 810 felicitatem
705 781 751 810 ac
772 765 937 810 bonum
970 766 1107 808 totius
1132 766 1311 809 civitatis
1346 777 1417 809 aut
1439 765 1602 823 gentiS,

176 860 305 902 quam
340 845 465 887 unius
499 844 690 887 hominis
725 855 794 887 aut
827 844 954 886 unius
990 842 1186 888 familiae.

294 920 420 964 Plura
455 921 554 964 huic
587 920 772 979 prologo
806 937 895 964 non
929 919 1095 965 addam:
1130 919 1207 964 alia
1242 921 1358 964 enim
1392 936 1499 979 quae
1531 934 1606 963 ex—

174 999 278 1056 poni
311 997 379 1041 hic
413 1011 604 1056 possent,
628 999 671 1042 in
694 998 789 1056 ipso
823 997 975 1041 harum
1009 998 1333 1042 institutionum
1365 1011 1596 1056 progressu

174 1075 337 1119 facilius
385 1089 425 1119 et
474 1076 641 1134 clarius,
675 1092 804 1134 quam
838 1077 880 1118 in
928 1076 1071 1134 primo
1115 1076 1364 1120 earumdem
1412 1075 1542 1130 aditu,
1578 1089 1603 1118 a

178 1152 395 1211 discipulis
431 1153 740 1212 intelligentur.

925 1638 1076 1709 i

1000 1614 1110 1664 „l

1117 1608 1172 1649 r
