1734 2784
803 131 1038 184 *46-

212 224 369 267 actibus
423 239 560 267 amare
612 223 744 268 filium
798 240 960 278 suum,
1014 224 1178 267 etiamsi
1223 238 1309 267 non
1358 238 1526 282 semper
1586 221 1628 266 in

213 295 413 339 omnibus
447 309 486 339 et
529 296 705 353 singulis
754 295 804 338 de
852 295 940 338 filio
990 296 1184 352 cogitet,
1217 306 1424 352 quatenus
1468 293 1628 339 scilicet

212 384 258 409 ex
293 383 436 410 amore
470 367 543 410 filii
577 367 627 410 ad
661 384 706 410 ea
741 367 884 409 omnia
918 365 1165 424 praestanda
1198 364 1464 423 propellitur.
1483 366 1628 424 Itaque

210 438 338 492 illum
365 439 406 481 in
440 437 638 481 omnibus
673 451 800 490 amat,
835 439 869 480 si
904 453 991 480 non
1025 452 1250 495 expresse,
1300 435 1447 479 saltem
1492 437 1627 479 tacite.

211 509 349 553 Simili
383 522 504 567 pacto
538 510 611 552 etsi
648 524 733 551 non
769 523 937 566 semper
962 516 1140 566 expresse
1176 522 1369 551 amemus
1403 505 1627 551 beatitudi-

212 597 326 638 nem,
344 594 483 624 tamen
501 597 592 624 eam
612 580 762 624 saltem
782 581 898 624 tacite
919 596 1087 638 semper
1105 580 1343 638 appetimus
1366 579 1408 622 in
1429 578 1628 623 omnibus

209 653 383 707 actibus,
418 666 566 711 utpote
599 652 728 706 illam,
764 669 784 695 a
819 669 899 711 qua
932 651 982 696 ad
1016 651 1229 710 agendum
1264 667 1509 696 movemur.

768 839 935 883 THESIS
970 839 1043 883 VI.

210 989 319 1031 Dens
350 995 403 1030 es!
437 986 602 1039 bonnm,
637 988 748 1030 cuius
776 988 971 1045 possessio
1005 995 1093 1029 tum
1125 994 1180 1029 est
1205 987 1429 1030 necessaria
1454 986 1625 1041 homini,

327 1068 365 1101 11!
400 1060 451 1101 sit
485 1058 636 1114 heatus,
672 1066 756 1100 mm
789 1066 841 1101 est
873 1058 1045 1101 homin&
1080 1057 1280 1101 beatitudo
1303 1058 1541 1112 essentialis,
1561 1073 1628 1101 sen
1659 1110 1666 1117 Ψ

329 1133 415 1188 ipsa
450 1133 559 1173 vitae
595 1130 730 1173 beatae
763 1130 1006 1173 substantia.

333 1277 394 1317 19.
430 1263 799 1306 PRAENOTIONES.
834 1261 1013 1319 Egimus
1063 1262 1106 1304 in
1155 1263 1376 1320 superiore
1423 1262 1530 1306 thesi
1578 1261 1628 1306 de

206 1334 477 1379 beatitudinis
515 1335 763 1388 existentia,
806 1349 861 1377 cm
908 1335 959 1377 sit
1006 1332 1238 1377 beatitudo,
1285 1334 1438 1387 Quum
1483 1346 1627 1377 autem

208 1408 516 1459 invenerimus,
538 1422 630 1449 eam
663 1421 754 1450 esse
778 1419 871 1449 tum
897 1405 1065 1448 homini
1087 1403 1351 1462 possibilem,
1373 1417 1466 1448 tum
1500 1406 1627 1449 etiam

208 1491 378 1531 certam,
414 1477 718 1535 inquirendum
752 1492 864 1519 nunc
898 1489 961 1519 est
985 1477 1027 1518 in
1050 1475 1242 1519 eiusdem
1275 1476 1516 1533 essentiam,
1532 1476 1630 1534 quid

203 1551 253 1592 sit
286 1549 475 1592 hominis
509 1548 741 1592 beatitudo.
779 1549 870 1601 Qui
905 1547 988 1591 hoc
1020 1548 1210 1606 inquirit,
1245 1548 1277 1589 is
1317 1546 1403 1591 duo
1437 1548 1628 1605 quaerit,

205 1636 389 1678 quorum
433 1620 611 1664 alterurn
661 1620 966 1664 beatitudinem
1004 1619 1257 1671 obiectivam‚
1302 1618 1481 1662 alterurn
1526 1634 1628 1662 vero

196 1693 418 1749 formalem
437 1693 620 1750 respicit:
635 1691 829 1735 videlicet
847 1716 902 1724 —
920 1691 1138 1749 quodnam
1164 1691 1217 1733 sit
1236 1690 1398 1734 bonum
1422 1706 1496 1734 seu
1515 1690 1629 1734 obie-

207 1775 336 1819 ctum,
371 1764 488 1806 cuius
539 1764 756 1821 possessio
807 1763 902 1806 facit
951 1762 1175 1806 hominem
1221 1761 1628 1820 beatum—qualis

205 1833 352 1876 debeat
386 1849 476 1876 esse
496 1834 651 1877 obiecti
677 1834 788 1877 illius
808 1835 1046 1892 possessio,
1072 1846 1118 1877 ut
1144 1832 1278 1877 homo
1303 1834 1355 1876 sit
1379 1832 1524 1877 beatus
1553 1831 1626 1892 (1).

204 1905 351 1962 Itaque
386 1907 595 1963 quaestio,
629 1907 729 1965 quid
760 1909 811 1950 sit
844 1905 1036 1949 hominis
1070 1904 1310 1962 beatitudo,
1344 1904 1629 1949 subdividitur

204 1975 406 2020 bifariam.
445 1978 508 2020 De
543 1978 670 2021 altera
705 1979 953 2036 quaestione
1002 1969 1149 2035 postea
1199 1991 1401 2034 agemus:
1438 1977 1627 2035 priorem

204 2049 499 2105 quaestionem
534 2049 610 2092 hac
644 2051 685 2092 in
720 2049 827 2093 thesi
862 2051 1122 2093 assumimus
1147 2048 1502 2107 pertractandam.

328 2133 394 2163 20.
430 2121 811 2164 DfflioxsTRATlo.
848 2121 988 2163 Huius
1022 2120 1210 2176 theseos,
1244 2132 1288 2162 ut
1334 2136 1386 2162 ex
1429 2119 1626 2163 enuncia-

202 2190 316 2233 tione
351 2204 485 2248 patet,
522 2190 627 2234 duae
661 2204 759 2234 sunt
795 2204 948 2249 parteS.

323 2263 350 2305 Ι.
388 2263 464 2305 Dei·
492 2264 684 2319 possessio
719 2272 771 2306 est
807 2263 956 2306 bonum
991 2264 1256 2307 necessarium
1289 2263 1444 2306 homini
1490 2271 1532 2306 nl:
1579 2263 1626 2305 sit

202 2332 350 2376 lwczlus.
376 2358 432 2366 —
456 2333 643 2377 Nomine
678 2333 777 2376 boni
813 2336 1037 2378 necessarii
1072 2334 1283 2378 humanae
1316 2333 1527 2377 voluntati
1554 2334 1626 2377 in-

202 2403 432 2461 telligimus
467 2403 628 2447 bonum
663 2404 756 2458 tale,
792 2419 836 2447 ut
871 2406 902 2447 si
941 2407 1083 2464 ipsum
1117 2405 1241 2459 desit,
1277 2404 1411 2448 homo
1444 2416 1624 2462 nequeat

297 2607 346 2649 (Γ)
375 2600 432 2637 Cf.
464 2613 561 2636 num.
598 2612 649 2645 15,
682 2613 762 2649 pag.
794 2612 849 2648 34.
