1734 2784
790 135 1022 178 ..14-

196 238 293 266 sane
327 235 388 266 est
422 220 626 264 sententia
681 217 1001 277 Apocalypseos
1033 216 1113 275 (Ι),
1146 216 1188 259 in
1232 230 1315 273 qua
1356 215 1474 259 Deus
1523 214 1611 274 ipse

195 295 251 336 sic
284 293 503 351 loquitur:
532 308 552 330 «
577 291 668 346 Ego
702 304 796 331 sum
826 304 850 329 x
875 300 915 331 et
938 306 968 327 ω
995 287 1253 345 principium
1280 296 1327 329 et
1363 284 1471 328 finis.
1494 301 1514 325 »

314 365 351 406 8.
387 363 632 407 ScuoLmN.
668 360 784 402 Duas
826 357 1045 402 solvemus
1094 355 1360 400 difficultates
1383 392 1393 409 ‚
1427 369 1610 413 quarum

197 436 357 479 solutio
392 435 613 478 clariorem
647 431 784 474 lucem
818 429 926 473 thesi
960 428 1116 472 afferet.

312 507 345 550 1.
380 507 438 549 Ex
472 505 593 548 dictis
628 503 836 560 sequitur,
872 502 1013 544 Deum
1048 500 1266 544 necessario
1300 498 1496 543 ordinare
1521 497 1607 542 ho-

196 580 356 622 minem
405 578 590 634 aliasque
638 587 847 618 creaturas
892 571 942 616 ad
989 572 1196 630 seipsum,
1236 571 1291 614 ita
1340 583 1385 613 ut
1430 581 1610 628 nequeat

194 664 278 691 non
314 648 509 691 ordinare
541 662 608 689 eas
658 645 708 688 ad
742 659 798 687 se.
834 645 889 687 At
923 643 1052 695 enim,
1086 641 1271 686 obiicere
1305 642 1400 699 quis
1450 652 1611 698 posset,

196 736 334 763 nonne
358 720 399 763 id
433 730 640 777 repugnat
663 731 888 775 supremae
923 713 1275 772 independentiae
1293 729 1337 757 ac
1354 711 1536 757 libertati
1562 712 1613 756 ad

194 807 320 846 extra,
346 807 427 850 qua
450 793 568 834 Deus
592 788 777 845 gaudet?
802 814 853 821 ·—
875 786 1150 846 Respondeo‚
1169 787 1275 830 hanc
1296 786 1612 839 necessitatem,

194 879 321 921 quam
356 865 396 905 in
431 864 524 906 Deo
560 862 704 904 omnia
752 859 803 904 ad
835 874 879 903 se
927 860 1149 903 ordinante
1196 859 1492 917 concipimus,
1526 872 1614 901 non

192 952 282 978 esse
315 934 541 978 absolutam
574 945 613 976 et
646 931 945 985 antecedentem,
966 930 1041 975 sed
1073 931 1363 990 hypotheticam
1396 942 1436 974 et
1469 945 1610 974 cmzse-

193 1016 390 1063 ‹sm·11l17}1,
424 1017 549 1063 atque
583 1004 688 1047 hanc
722 1003 1043 1062 hypotheticam
1079 1003 1374 1046 necessitatem
1398 1016 1486 1045 non
1510 1001 1612 1044 oriri

192 1078 242 1120 ab
277 1079 504 1134 extrinseco,
537 1075 611 1120 sed
652 1075 702 1119 ab
748 1077 972 1120 intrinseco.
1008 1075 1230 1130 Videlicet,
1264 1075 1403 1133 potuit
1437 1073 1612 1132 quidem

195 1151 310 1192 Deus
344 1164 429 1191 non
464 1147 646 1191 condere
679 1147 903 1190 hominem
936 1146 1120 1205 aliasque
1166 1159 1374 1190 creaturas
1400 1180 1410 1198 ‚
1446 1144 1518 1189 sed
1563 1160 1612 1188 ex

193 1221 491 1277 suppositione
525 1218 641 1277 quod
675 1218 803 1262 libere
836 1234 880 1262 se
914 1219 1259 1262 determinaverit
1283 1217 1334 1261 ad
1360 1233 1427 1260 eas
1452 1215 1610 1275 produ-

193 1292 362 1345 cendas,
397 1307 483 1334 non
518 1292 657 1348 potuit
691 1306 759 1334 eas
792 1307 880 1334 non
905 1290 1099 1335 ordinare
1123 1290 1173 1334 ad
1196 1291 1408 1348 seipsum:
1439 1306 1491 1334 eo
1514 1304 1612 1332 sane

192 1376 313 1420 pacto
348 1379 434 1421 quo
468 1364 607 1422 potuit
639 1362 813 1420 quidem
843 1363 960 1406 Dens
994 1361 1155 1405 nullam
1180 1362 1347 1406 homini
1380 1361 1612 1415 revelatio-

193 1452 290 1478 nem
324 1434 483 1487 facere,
518 1433 622 1477 nihil
657 1434 822 1477 homini
856 1433 1047 1478 absolute
1071 1435 1339 1492 promittere,
1363 1432 1436 1477 sed
1465 1433 1612 1491 posito

193 1506 307 1563 quod
340 1505 468 1549 libere
503 1522 545 1549 se
580 1506 925 1550 determinaverit
959 1505 1008 1548 ad
1041 1505 1330 1559 revelandum,
1353 1504 1420 1549 vel
1453 1503 1503 1548 ad
1538 1503 1612 1548 ali-

193 1578 292 1635 quid
327 1578 518 1622 absolute
551 1577 922 1635 promittendum,
970 1593 1058 1621 non
1107 1590 1248 1636 potest
1297 1593 1385 1621 non
1429 1575 1612 1620 revelare

193 1667 361 1703 verum,
398 1667 484 1693 non
534 1663 676 1709 potest
724 1666 811 1693 non
861 1649 1040 1708 implere
1093 1650 1372 1707 promissum.
1422 1649 1610 1701 Etenim,

195 1734 241 1764 ut
274 1724 328 1765 ait
363 1724 516 1766 Suarez
553 1724 634 1782 (2),
671 1741 693 1763 «
718 1722 859 1766 divina
907 1721 1123 1775 voluntas,
1159 1721 1255 1764 licet
1303 1719 1431 1764 libera
1462 1720 1515 1763 sit
1562 1719 1612 1763 ad

193 1807 320 1848 extra,
355 1808 495 1838 tamen
529 1812 576 1838 ex
625 1794 926 1853 suppositione
974 1794 1100 1837 unius
1145 1806 1262 1837 actus
1306 1792 1425 1836 liberi
1470 1803 1611 1850 potest

193 1867 433 1909 necessitati
469 1866 519 1910 ad
553 1868 708 1911 alium:
745 1879 788 1909 ut
822 1867 856 1908 si
889 1865 979 1908 vult
1012 1867 1263 1924 promittere
1297 1864 1503 1922 absolute,
1539 1880 1611 1908 ne-

195 1939 414 1980 cessitatur
447 1938 496 1981 ad
531 1938 797 1996 implendum
833 1939 1125 1996 promissum,
1161 1950 1201 1981 et
1225 1938 1259 1980 si
1284 1936 1373 1980 vult
1397 1936 1515 1994 loqui
1541 1948 1611 1979 aut

193 2009 398 2062 revelare,
432 2010 671 2052 necessario
716 2009 838 2053 debet
885 2008 1069 2053 revelare
1111 2024 1321 2052 verum».
1358 2009 1432 2051 Est
1478 2008 1610 2065 igitur

192 2082 420 2124 necessitas
454 2097 569 2124 mere
601 2082 850 2139 hypothetica
873 2093 913 2125 et
936 2096 1183 2140 consequens.
1210 2082 1326 2124 Haec
1348 2092 1490 2124 autem
1526 2079 1613 2137 hy-

195 2154 408 2211 pothetica
449 2154 675 2196 necessitas
718 2168 805 2196 non
854 2154 989 2196 oritur
1031 2153 1081 2196 ab
1128 2153 1357 2210 extrinseco,
1391 2153 1417 2195 i.
1452 2168 1487 2195 e.
1523 2166 1610 2194 non

194 2225 431 2283 imponitur
464 2225 543 2281 ipsi
578 2224 673 2266 Deo
697 2223 744 2266 ab
769 2223 910 2281 aliquo
934 2236 1029 2268 ente
1053 2225 1291 2282 superiore,
1318 2222 1436 2281 quod
1466 2223 1612 2266 Deum

292 2376 347 2420 (1)
376 2375 400 2408 Ι.
428 2375 462 2409 8.
492 2374 581 2408 Item
611 2374 780 2410 Proverb.
810 2374 908 2410 XVI.
939 2383 989 2416 43
1022 2373 1235 2409 «Universa
1276 2382 1424 2419 propter
1459 2372 1611 2408 semeti-

197 2447 300 2481 psum
329 2444 497 2480 operatus
524 2444 573 2469 est
601 2435 792 2469 Dominus.
822 2450 837 2465 >›
867 2434 1061 2480 Speciatim
1089 2445 1174 2468 vero
1204 2434 1245 2468 de
1270 2433 1482 2468 hominibus
1514 2431 1609 2466 dici-

194 2504 250 2530 tur
276 2496 369 2541 apud
401 2496 442 2530 [s.
470 2494 603 2530 XXVI.
632 2504 696 2540 19.‚
719 2495 812 2540 quod
846 2509 863 2525 «
880 2494 1009 2529 creavit
1037 2494 1072 2527 in
1100 2494 1242 2529 laudem
1262 2502 1295 2529 et
1314 2504 1451 2528 nomen
1479 2501 1512 2526 et
1532 2491 1613 2539 glo-

196 2555 283 2589 riznn
312 2567 422 2591 suam.
452 2570 469 2587 2>
492 2556 612 2600 Quam
632 2553 819 2588 veritatem
839 2552 969 2598 pluries
987 2552 1189 2598 Scripturae
1208 2561 1353 2587 sanctae
1372 2558 1547 2598 repetunt.

292 2615 344 2658 (2)
371 2615 423 2648 De
452 2613 591 2659 iegibus
619 2612 639 2647 i.
670 2613 713 2648 ΙΙ.
746 2624 775 2647 c.
807 2622 838 2657 7.
870 2624 905 2648 n.
940 2620 992 2653 13.
