1734 2784
653 90 921 132 -157-

69 170 236 229 gladius
267 173 439 228 conc.‚s‘1
473 171 541 216 ille
575 173 642 215 cui
677 185 818 216 metus
853 173 1074 230 incutitur,
1106 189 1193 216 non
1230 187 1368 231 potest
1409 175 1432 219 i.
1460 192 1501 219 e.

68 241 279 300 difficulter
326 255 469 299 potest
520 259 644 300 agere
692 243 810 286 aliter
865 259 993 301 quam
1042 244 1162 300 agit,
1212 256 1252 287 et
1296 245 1499 290 sehabet

66 329 143 372 per
183 313 365 357 modum
409 313 613 371 loquendi
660 316 931 373 improprimn
966 316 1085 372 quasi
1130 316 1502 375 instrumentum,

65 384 184 443 quod
230 397 374 428 tamen
426 384 474 427 ab
524 385 658 428 altero
722 398 922 429 movetur
979 398 1144 429 tantum
1195 389 1407 431 moraliter
1457 400 1498 432 et

66 457 257 514 seipsum
275 468 421 499 movet
439 456 613 514 physice
631 473 738 513 nego.
769 458 1016 501 Contradist.
1038 460 1134 502 min.
1157 458 1246 515 Ille,
1269 460 1333 501 cui
1354 472 1496 503 metus

66 528 286 581 incutitur,
321 544 410 571 non
443 540 585 585 potest
613 530 777 587 physica
820 529 1165 587 impossibilitate
1209 529 1327 573 aliter
1372 546 1497 587 agere

66 613 195 655 quam
228 598 347 655 agit,
381 610 422 641 et
454 614 553 641 vere
592 608 866 642 est‘merum
906 601 1257 654 instrumentum,
1293 600 1409 658 quod
1444 600 1494 644 ab

65 668 198 712 altero
232 682 430 712 movetur
458 670 614 728 physice
653 685 762 727 nego,
803 685 888 712 non
934 683 1103 727 potest,
1143 671 1167 714 i.
1202 688 1237 714 e.
1273 670 1496 715 difficulter

64 752 206 798 potest
239 755 364 797 agere
397 740 515 784 aliter
546 757 675 799 quam
709 742 812 799 agit,
847 755 885 785 et
920 758 962 784 se
997 742 1121 785 habet
1164 742 1295 785 veluti
1330 744 1494 786 instru-

63 805 410 870 mentutn,quod
444 825 587 856 tamen
623 813 670 855 ab
707 812 839 856 altero
867 826 1067 856 movetur
1092 827 1255 856 tantun]
1283 815 1490 858 moraliter

63 893 103 924 et
137 883 329 939 seipsum
364 896 509 926 movet
543 883 718 941 physice
751 900 854 927 conc,
890 884 1073 937 Scilicet,
1108 897 1227 927 metu
1279 897 1458 942 urgente
1476 921 1491 942 ‚.

61 953 203 1009 gravis
238 965 279 995 et
311 952 570 1011 quandoque
622 954 750 997 etiam
799 955 1053 1011 gravissima
1097 954 1213 997 adest
1263 954 1488 998 difficultas

62 1021 180 1067 aliter
221 1023 386 1080 agendi,
420 1040 549 1082 quam
592 1024 883 1068 difficultatem
932 1025 1147 1078 homines,
1183 1027 1263 1068 etsi
1309 1026 1487 1083 physice

0 1085 12 1150 J
61 1110 261 1153 superare
293 1096 474 1154 possint,
510 1108 653 1139 tamen
703 1097 994 1139 communiter
1038 1096 1256 1153 loquendo
1291 1097 1490 1140 naturali-

60 1165 138 1210 bus
172 1166 332 1210 viribus
367 1183 513 1225 reapse
546 1182 634 1210 non
669 1180 883 1225 superant.

179 1239 231 1281 V.
267 1239 523 1282 Contractus
557 1239 649 1281 initi
684 1256 733 1282 ex
767 1251 884 1282 metu
922 1252 1019 1281 sunt
1048 1238 1219 1282 invalidi
1245 1252 1313 1282 aut
1338 1239 1487 1282 saltem

58 1310 346 1354 rescindibiles
380 1310 552 1353 arbitrio
586 1312 691 1364 eius,
727 1312 799 1368 qui
834 1324 998 1353 metum
1033 1327 1182 1368 passus
1231 1324 1307 1355 est.
1353 1313 1485 1369 Atqui

59 1381 177 1439 quod
210 1381 382 1424 invalidi
415 1382 498 1424 sint
533 1395 603 1424 aut
636 1382 790 1424 saltum
827 1381 1035 1424 eomodo
1062 1382 1371 1434 rescindibileS,
1399 1382 1480 1425 hoc

60 1469 150 1497 non
184 1452 413 1510 explicatur
445 1454 526 1495 nisi
561 1469 611 1495 ex
645 1452 808 1495 defectu
848 1452 1049 1495 libertatis
1085 1454 1125 1494 in
1160 1453 1247 1509 illo,
1278 1455 1349 1510 qui
1385 1469 1487 1496 me-

58 1537 150 1568 tum
185 1539 332 1582 passus
367 1536 441 1567 est.
477 1524 593 1581 Ergo
629 1537 869 1566 contractus
908 1525 998 1566 initi
1034 1541 1082 1566 ex
1118 1537 1235 1566 metu
1271 1540 1355 1566 non
1382 1537 1481 1567 sunt

57 1594 191 1639 liberi.
210 1622 267 1627 —
294 1597 422 1653 Resp.
450 1596 560 1638 Dist.
587 1597 682 1638 mai.
707 1597 963 1639 Contractus
996 1612 1044 1637 ex
1068 1611 1345 1652 quocumque
1367 1608 1485 1638 metu

59 1668 152 1711 initi
179 1680 277 1711 sunt
312 1667 481 1711 invalidi
500 1680 570 1710 aut
589 1667 737 1710 saltem
774 1666 1062 1710 rescindibiles
1097 1683 1208 1722 nego,
1230 1666 1357 1724 aliqui
1383 1682 1485 1709 con-

27 1762 33 1765 r
57 1750 216 1781 tractus
233 1739 325 1781 initi
344 1755 393 1781 ex
419 1750 536 1781 metu
557 1739 691 1795 gravi,
713 1739 972 1780 extrinsecus
1003 1751 1042 1780 et
1062 1738 1216 1780 iniuste
1234 1738 1406 1780 incusso
1442 1749 1481 1780 et

57 1810 101 1852 in
134 1808 248 1852 hunc
279 1808 410 1852 finem
445 1810 632 1863 incusso,
668 1822 713 1852 ut
759 1821 999 1851 contractus
1034 1810 1197 1851 ineatur
1232 1824 1335 1852 conc.
1378 1809 1484 1852 Dist.

58 1882 156 1924 min.
198 1881 334 1934 Quod
368 1880 618 1923 huiusmodi
654 1892 897 1923 contractus
947 1881 1029 1921 sint
1078 1880 1182 1922 irriti
1231 1892 1300 1922 aut
1335 1879 1485 1922 saltem

0 1975 12 2010 '2
56 1951 363 2005 rescindihiles,
404 1952 485 1995 hoc
535 1952 768 2009 explicatur
816 1968 865 1994 ex
910 1951 1073 1995 defectu
1112 1952 1230 2009 pleno
1280 1951 1484 1994 libertatis

0 2019 11 2036 ⁹
56 2040 163 2082 nego,
192 2041 241 2068 ex
274 2024 439 2067 defectu
474 2026 617 2082 plenae
661 2023 863 2065 libertatis
913 2035 1036 2080 atque
1082 2024 1255 2080 insuper
1302 2039 1351 2064 ex
1394 2022 1484 2064 aliis

8 2114 13 2118 ·
56 2097 206 2152 causis,
255 2097 530 2154 potissimum
577 2112 625 2138 cx
661 2095 767 2137 illata
803 2096 974 2147 iniuria,
1022 2095 1119 2152 quia
1164 2093 1320 2136 scilicet
1370 2095 1482 2136 fraus

55 2168 216 2210 nemini
241 2167 444 2225 prodesse
463 2166 584 2210 debet
609 2182 711 2209 conc.
731 2168 989 2210 Contractus
1014 2183 1063 2209 ex
1089 2166 1157 2208 tali
1183 2178 1299 2207 metu
1331 2165 1484 2216 initus,

56 2250 166 2282 certe
204 2251 266 2281 est
304 2238 570 2281 voluntarius
617 2254 662 2280 ac
696 2237 809 2280 liber.
846 2237 969 2280 Unde
1020 2249 1259 2280 contractus
1310 2251 1366 2278 ex
1414 2235 1481 2277 tali

55 2322 173 2354 metu
207 2311 298 2353 initi
332 2326 418 2353 non
453 2322 551 2352 sunt
575 2309 745 2352 invalidi
781 2309 834 2352 ob
870 2308 1043 2366 plenum
1081 2308 1294 2351 desectum
1333 2306 1483 2349 volun-

55 2382 148 2424 tarii
167 2394 206 2425 et
224 2381 342 2424 liberi
364 2397 373 2424 :
395 2380 484 2424 aliis
511 2393 649 2423 tamen
673 2380 723 2423 de
753 2381 888 2422 causis
922 2393 1019 2422 sunt
1050 2380 1172 2430 irriti,
1196 2393 1268 2419 seu
1296 2377 1483 2435 (exstant

55 2454 172 2496 enim
206 2454 314 2497 duae
351 2453 542 2497 diversae
579 2452 654 2495 hac
688 2451 738 2495 de
774 2468 814 2495 rc
849 2453 1081 2495 sentcntiae
1105 2468 1149 2494 ac
1178 2448 1379 2506 loquendi
1413 2464 1485 2491 ra-
