1734 2784
732 148 996 190 —150-

151 234 191 275 in
227 232 390 275 casibus
424 243 592 274 tantum
628 230 758 286 abest,
777 242 822 272 ut
846 242 986 272 metus
1011 228 1198 286 impellat
1222 228 1271 271 ad
1294 243 1361 271 eas
1385 228 1576 272 actiones

149 303 381 362 ponendas,
416 316 459 345 ut
493 302 540 345 ab
575 303 623 345 iis
658 303 800 359 potius
835 301 1057 344 deterreat.
1092 301 1335 358 Loquimur
1358 300 1496 357 itaque
1519 299 1576 342 de*

151 389 282 431 metu,
314 375 384 432 qui
416 389 538 417 cansa
573 374 625 415 sit
657 373 850 416 actionis.
886 371 969 415 Ubi
1003 371 1152 414 sedulo
1186 370 1437 428 perpendas,
1483 386 1571 429 quo

148 459 270 503 pacto
306 458 444 488 metus
478 446 530 487 sit
555 459 677 486 causa
699 443 889 486 actionis,
915 444 1017 487 Non
1041 443 1155 485 enim
1181 455 1243 485 est
1268 457 1392 485 causa
1409 443 1574 500 physica-

149 518 336 570 illorum‚
370 532 475 574 quae
511 515 616 558 fiunt
649 532 698 558 ex
722 527 855 570 metu,
873 514 945 557 sed
970 512 1275 556 tantummodo
1300 514 1464 556 moralis
1482 512 1574 571 (Ι),

148 601 353 646 quatenus
388 588 499 628 malo
533 585 675 643 aliquo
708 585 884 628 terribili
917 586 1141 642 proposito
1182 583 1424 637 voluntati,
1462 584 1569 627 hanc

149 671 295 701 movet
326 658 376 701 ad
410 656 666 700 eliciendum
712 656 777 698 vel
826 655 1124 712 imperandum
1172 655 1358 713 aliquem
1407 668 1569 699 actum.

151 730 250 782 Qua
284 730 325 771 in
360 745 401 771 re
438 740 574 770 metus
609 726 748 771 differt
779 742 801 768 a
843 727 1060 769 coactione
1106 725 1172 769 vel
1204 726 1427 778 violentia,
1461 742 1568 783 quae

151 815 272 842 causa
292 799 532 857 estphysica
566 813 718 841 corum
742 813 848 855 quae
872 796 992 840 fiunt.
1009 797 1295 840 —Notentur
1320 796 1364 854 β)
1397 795 1463 839 illa
1495 796 1577 839 alia

147 871 317 913 theseos
349 869 488 922 verba,
503 885 573 927 per
606 885 643 912 se
666 868 874 927 loquendo.
899 868 1242 911 Praescindimus
1272 870 1387 911 enim
1410 884 1432 910 a
1455 883 1574 921 casu,

149 941 264 999 quod
299 956 372 998 per
405 940 597 983 accidens
642 952 782 983 metus
831 940 1018 982 totaliter
1063 938 1221 982 auferat
1266 938 1571 982 advertentiam

147 1013 322 1055 rationis
356 1025 396 1055 et
430 1011 552 1068 plene
588 1010 790 1069 impediat
814 1010 1020 1054 iudicium
1044 1012 1199 1053 mentis
1220 1028 1228 1054 :
1254 1026 1339 1068 quo
1364 1011 1575 1053 nimirum

147 1085 189 1126 in
223 1099 318 1125 casu
354 1083 462 1125 actio
496 1097 584 1125 non
618 1083 695 1125 erit
728 1082 966 1125 voluntaria
1000 1098 1050 1124 ex
1085 1080 1251 1124 defectu
1276 1081 1578 1139 praelucentis,

150 1169 256 1212 quae
291 1153 342 1196 ad
374 1153 664 1196 voluntarium
699 1154 955 1210 requiritur,
991 1153 1251 1209 cognitionis
1301 1152 1420 1206 finis,
1465 1168 1576 1210 que-

149 1224 434 1267 madmodum
468 1225 511 1266 in
543 1225 762 1282 superiore
796 1225 923 1267 etiam
971 1223 1081 1266 thesi
1130 1223 1179 1266 de
1226 1224 1575 1281 concupiscentia

149 1309 322 1353 agentes
372 1296 670 1340 monebamus.
704 1297 811 1340 Item
848 1295 1183 1353 praescindimus
1226 1295 1274 1338 ab
1321 1295 1401 1338 alio
1451 1310 1577 1350 casu,

149 1367 266 1426 quod
299 1381 463 1425 praeter
496 1380 660 1410 metum
694 1367 769 1410 alia
803 1367 941 1410 adsint
966 1368 1125 1409 motiva
1150 1367 1215 1410 vel
1241 1368 1425 1410 rationes
1455 1365 1578 1421 aliae,

149 1456 255 1496 quae
288 1439 554 1482 voluntatem
589 1439 806 1496 impellant
838 1439 889 1481 ad
922 1438 1153 1495 agendum,
1184 1439 1237 1480 ita
1271 1452 1315 1480 ut
1350 1437 1498 1480 harum
1532 1439 1573 1480 vi

148 1511 363 1553 rationum
397 1511 508 1553 actio
533 1522 653 1566 grata
684 1508 768 1563 fiat,
799 1511 939 1567 potius
973 1526 1100 1568 quam
1136 1509 1346 1566 molesta,
1395 1524 1480 1566 quo
1528 1509 1573 1552 in

149 1598 244 1625 casu
279 1583 386 1624 actio
421 1598 509 1624 non
533 1581 642 1624 foret
661 1581 944 1624 involuntaria
962 1580 1200 1624 secundum
1225 1581 1342 1638 quid,
1362 1580 1436 1623 sed
1464 1595 1576 1638 pure

148 1653 399 1697 voluntaria:
433 1666 479 1696 ut
513 1654 549 1695 si
572 1665 775 1710 tyrannus
806 1652 881 1695 tibi
914 1654 1119 1710 imperet,
1157 1651 1234 1695 sub
1269 1653 1419 1694 mortis
1454 1667 1574 1695 com-

148 1725 399 1777 minatione,
426 1736 471 1766 ut
505 1723 728 1767 interficias
755 1724 941 1781 Titium,
971 1736 1095 1766 tuum
1125 1724 1365 1776 inimicum,
1386 1738 1574 1781 eumque

147 1808 193 1838 tu
227 1795 436 1838 vindictae
470 1796 613 1838 animo
648 1796 828 1839 occidas.

268 1880 333 1920 52.
368 1868 756 1910 DfflioNsTRATIO.
791 1869 872 1924 Ea,
906 1883 1012 1925 quae
1046 1883 1096 1909 ex
1129 1867 1247 1923 gravi
1283 1878 1399 1908 metu
1433 1865 1577 1923 fiunt,

149 1949 248 1980 sunt
273 1939 403 1980 mixta
430 1954 482 1981 ex
502 1938 742 1982 voluntario
767 1951 807 1982 et
828 1938 1132 1990 involuntario,
1158 1939 1183 1980 i.
1201 1954 1235 1981 e.
1269 1950 1404 1980 «sunt
1421 1937 1573 1980 volun-

148 2009 250 2051 taria
283 2009 547 2066 simpliciter,
571 2009 855 2053 involuntaria
889 2022 1033 2053 autem
1058 2008 1295 2052 secundum
1322 2008 1461 2066 quid»
1485 2008 1575 2067 (2)-

245 2239 302 2283 (1)
331 2239 369 2272 In
397 2250 539 2285 genere,
565 2250 669 2273 causa
691 2239 831 2285 physica
859 2249 911 2273 est
940 2239 1008 2281 illa,
1036 2251 1127 2285 quae
1154 2239 1323 2274 effectum
1351 2251 1456 2274 suum
1486 2251 1576 2285 pro-

146 2298 242 2332 ducit
268 2297 409 2343 agendo
438 2298 599 2344 physice,
627 2308 663 2333 ut
693 2299 785 2344 ignis
812 2299 976 2343 producit
1008 2299 1229 2334 incendium.
1259 2300 1404 2334 Moralis
1439 2307 1490 2333 est
1519 2311 1572 2338 ea,

146 2368 235 2402 quae
261 2356 368 2391 aliam
397 2368 541 2390 causam
568 2357 719 2391 liberam
747 2366 871 2391 movet
898 2357 941 2391 ad
978 2358 1170 2403 agendum,
1200 2367 1235 2392 ut
1263 2359 1323 2404 qui
1363 2358 1488 2392 suadet
1516 2356 1577 2391 vel

145 2415 300 2460 imperat
327 2416 432 2450 alteri
459 2414 712 2450 homicidium:
743 2424 891 2462 uterque
919 2425 971 2450 est
1014 2428 1119 2450 causa
1147 2417 1337 2462 perpetrati
1367 2416 1569 2458 homicidii,

155 2474 216 2508 ille
247 2475 345 2519 prior
370 2475 561 2517 moraliter,
590 2474 648 2508 hic
677 2475 766 2509 alter
789 2475 937 2521 physice.
967 2475 1023 2510 Cf.
1050 2487 1166 2520 super.
1193 2487 1291 2510 num.
1309 2486 1362 2518 41.
1383 2487 1463 2521 pag.
1496 2484 1571 2517 135.

244 2534 300 2578 (2)
331 2534 381 2568 Ita
408 2545 434 2567 s.
462 2533 543 2576 Th„
576 2544 604 2568 1.
637 2543 666 2568 2.
695 2545 729 2580 q.
759 2532 789 2569 6.
818 2545 848 2568 a.
880 2544 907 2576 5.
935 2535 988 2568 De
1016 2535 1090 2569 istis
1130 2535 1333 2569 actionibus
1371 2543 1476 2581 atque
1512 2545 1578 2568 ex·

149 2604 270 2638 presse
296 2593 338 2627 de
366 2593 523 2636 iacturis,
552 2604 641 2639 quae
668 2601 881 2639 tempestate
908 2594 942 2627 in
971 2594 1059 2627 mari
1087 2603 1210 2628 coorta
1236 2593 1312 2628 fieri
1352 2593 1492 2635 solent,
1520 2592 1575 2626 sic
