1734 2784
0 2751 30 2784 ff*

120 208 259 266 gnitio
290 206 482 255 beatifica
512 206 622 249 foret
655 205 847 262 cognitio
871 216 1036 247 tantum
1065 203 1335 246 abstractiva:
1362 218 1438 245 nec
1464 215 1550 245 tam

124 279 231 323 clare
262 278 558 336 intelligimUS‚
591 276 816 336 quomodo
851 276 932 320 dici
966 276 1133 333 possit,
1172 274 1288 332 quod
1340 289 1412 332 per
1458 289 1552 316 eam

125 365 246 393 mens
277 365 378 393 vere
410 349 649 406 possideret
683 364 757 391 seu
793 347 995 404 arriperet
1029 348 1185 389 Deum.
1212 347 1324 388 Hinc
1349 356 1447 387 sunt
1483 360 1554 386 au-

125 434 296 478 ctores,
344 421 416 478 qui
463 420 709 464 existiment
759 418 1090 477 probabiliorem
1151 433 1243 461 esse
1298 417 1554 460 sententiam

125 511 159 537 s.
193 493 412 547 Thomae,
448 493 481 535 si
515 507 658 535 sermo
695 492 748 533 sit
783 490 833 534 de
866 490 1126 534 beatitudine
1159 488 1484 546 supernaturali:
1515 499 1555 530 at

127 566 163 608 si
196 564 247 608 de
280 563 457 607 naturali
490 562 684 622 felicitate
733 574 896 619 agatur,
929 574 1103 605 censent
1152 561 1381 604 essentiam
1423 558 1556 602 beati-

128 635 287 679 tudinis
336 634 631 693 reponendam
664 649 757 677 esse
806 634 848 676 in
881 633 1043 676 actibus
1078 632 1381 689 intelligentiae
1425 629 1556 672 simul

129 719 170 750 et
191 705 436 750 voluntatis.
463 709 559 750 Non
582 704 736 748 desunt
770 717 913 748 tamen
937 716 1158 757 auctores,
1194 704 1266 761 qui
1301 701 1556 745 arbitrentur

131 790 383 836 argumenta
416 794 447 820 S.
478 778 681 821 Thomae
730 776 867 820 valere
901 792 987 819 non
1036 775 1179 818 solum
1214 774 1265 824 de
1299 771 1563 817 beatitudine

132 849 463 909 supernaturali,
500 848 575 892 sed
609 849 737 891 etiam
773 847 823 891 de
858 846 1034 891 naturali
1070 846 1154 905 (1).

703 1013 871 1056 Tfflzsrs
905 1012 980 1055 IX.

131 1145 195 1188 De
226 1146 384 1189 ratione
413 1143 611 1202 perfectae
644 1143 903 1186 beatitudinis
934 1151 1003 1199 est,
1037 1151 1082 1184 ut
1114 1143 1165 1185 sit
1197 1149 1361 1184 (telerna
1380 1177 1390 1193 ,
1426 1148 1567 1197 nempe

253 1225 297 1260 ut
329 1215 448 1259 semel
480 1209 621 1258 habita
655 1229 884 1272 φιιιηιψιαηι
915 1215 965 1256 sit
998 1213 1238 1256 amittenda.

255 1337 322 1378 26.
357 1335 725 1378 PRAENOUONES.
760 1332 853 1375 Alia
886 1348 999 1375 nunc
1032 1331 1221 1375 succedit
1254 1331 1473 1389 quaestio,
1510 1329 1568 1373 de

134 1407 351 1450 duratione
383 1404 658 1448 beatitudinis
693 1402 930 1461 perfectae,
965 1419 1039 1446 seu
1074 1402 1270 1461 quamdiu
1306 1401 1458 1445 durare
1493 1401 1562 1444 de-

134 1478 223 1522 beat
256 1477 429 1521 felicitas
476 1476 611 1519 semel
644 1475 846 1531 obtenta,
896 1488 940 1517 ut
989 1475 1042 1517 sit
1081 1473 1278 1532 perfecta.
1316 1475 1442 1526 Quae
1481 1473 1565 1517 alia

137 1550 347 1609 quaestio,
381 1550 415 1591 si
448 1560 604 1591 attente
638 1546 947 1602 consideretur,
982 1558 1141 1603 spectat
1175 1558 1215 1588 et
1248 1546 1337 1602 ipsa
1361 1544 1411 1587 ad
1437 1561 1568 1603 quae-

136 1622 325 1665 stionem
358 1622 400 1663 in
434 1620 545 1663 thesi
578 1618 852 1677 praecedente
902 1619 1170 1676 propositam
1190 1654 1201 1671 ‚
1236 1617 1368 1676 qualis
1416 1616 1564 1660 debeat

136 1709 230 1738 esse
263 1692 480 1751 possessio
512 1691 613 1734 boni
647 1691 827 1742 summi,
864 1701 908 1731 ut
943 1706 992 1732 ex
1026 1705 1072 1732 ea
1106 1688 1240 1731 homo
1275 1689 1328 1730 sit
1363 1687 1485 1746 plene
1519 1703 1566 1731 ac

139 1763 322 1823 perfecte
353 1763 525 1816 beatuS‚
561 1778 741 1820 eamque
775 1761 1070 1819 quaestionem
1105 1759 1284 1803 absolvit
1325 1758 1573 1813 statuendo,

139 1835 292 1881 debere
325 1851 416 1879 esse
451 1835 771 1892 possessionem
805 1831 906 1875 boni
941 1833 1118 1888 summi,
1143 1847 1230 1874 non
1256 1831 1431 1889 quidem
1456 1843 1568 1873 teln-

140 1909 368 1967 porariam,
394 1906 469 1951 sed
502 1906 683 1949 omnino
718 1916 984 1962 perpetuam,
1023 1903 1127 1946 adeo
1153 1915 1199 1945 ut
1223 1903 1397 1946 felicitas
1435 1903 1569 1946 semel

139 1979 282 2024 habita
314 1994 551 2037 numquam
585 1979 639 2020 sit
672 1974 903 2020 amittenda
935 1974 1019 2033 (2).
1055 1974 1191 2028 Quod
1236 1991 1334 2018 cum
1385 1974 1574 2018 affirma-

233 2172 291 2218 (1)
318 2174 373 2208 De
412 2173 478 2206 hac
507 2171 719 2218 quaestione
757 2180 894 2216 praeter
921 2172 979 2206 cit.
1006 2180 1096 2206 auct.
1125 2173 1168 2207 cf.
1211 2173 1334 2206 Franc.
1383 2172 1570 2214 Amicum,

140 2243 230 2267 curs.
254 2232 367 2267 theol.
396 2232 567 2266 scholast.
608 2240 642 2265 et
679 2242 772 2266 mor.
802 2240 891 2265 tom.
921 2231 979 2265 ΙΙΙ,
1008 2231 1095 2277 disp.
1124 2232 1162 2265 H.
1195 2240 1282 2266 sect.
1309 2232 1382 2271 VI.‚
1410 2230 1570 2266 Pallavi-

141 2291 238 2330 cino,
266 2289 317 2325 dal
341 2292 418 2326 bene
446 2291 467 2325 Ι.
502 2301 527 2325 1.
556 2302 605 2325 cc.
625 2299 666 2334 39
695 2299 727 2324 et
755 2300 827 2332 40.‚
856 2301 1000 2324 necnon
1028 2290 1063 2324 in
1095 2302 1121 2324 1.
1152 2301 1182 2324 2.
1203 2290 1290 2336 disp.
1312 2301 1342 2325 2.
1364 2303 1394 2336 q.
1416 2301 1446 2324 2.
1467 2302 1500 2325 a.
1524 2289 1571 2332 8.,

142 2349 290 2393 Caretti,
319 2351 396 2385 Eth.
436 2362 513 2396 cap.
546 2361 571 2384 1.
600 2360 742 2395 propos,
787 2360 852 2391 11.,
881 2349 1082 2392 Dmowski,
1124 2350 1273 2384 institut.
1320 2350 1397 2383 Eth.
1439 2361 1518 2395 cap.
1545 2349 1572 2383 I.

143 2418 208 2444 art.
238 2418 269 2453 3.
297 2421 395 2444 num.
429 2419 485 2444 21.

239 2469 297 2513 (2)
328 2469 456 2503 «Satis
501 2477 575 2507 est,
603 2467 696 2514 quod
734 2478 906 2513 nunquam
946 2468 989 2502 sit
1027 2466 1224 2502 amitlendzz.
1266 2469 1343 2502 Hoc
1378 2467 1474 2501 enim
1515 2465 1576 2501 de-

143 2527 273 2563 siderio
300 2528 459 2562 hominis
486 2527 629 2569 sufficit,
659 2527 718 2573 qui
744 2527 831 2560 nihil
861 2526 956 2561 aliud
987 2527 1179 2569 desiderat,
1208 2539 1315 2573 quam
1355 2536 1392 2561 ut
1431 2528 1570 2561 bonum

145 2597 250 2621 suum
277 2587 392 2632 reipsa
419 2598 617 2634 numquam
645 2586 795 2629 amittat,
823 2587 896 2621 sive
927 2586 1064 2621 dicatur
1090 2598 1193 2633 posse
1232 2587 1349 2621 amitti
1380 2587 1455 2620 sive
1495 2596 1577 2619 non.
