1734 2784
703 121 759 129 -
791 110 874 152 435
908 121 964 128 -

115 203 322 250 prompte
355 203 395 233 et
428 190 728 234 delectabiliter
761 192 816 234 ita
849 207 894 234 se
926 204 1058 249 gerat,
1096 191 1230 235 homo
1265 192 1427 250 indiget
1466 193 1544 236 ha-

116 263 280 308 bitibus
299 264 520 306 virtutum.
536 264 650 320 Ergo
669 262 720 306 ad
739 276 850 307 recte
869 264 1140 322 perfecteque
1153 264 1387 308 vivendum
1408 265 1546 309 homo

123 334 288 392 indiget
319 334 560 379 virtutibus
596 336 743 378 Minor
776 351 850 394 per
884 335 986 379 haec
1018 352 1051 379 s,
1086 335 1383 396 Thomae(1)
1415 336 1547 381 verba

118 405 373 450 declaratur.

251 495 269 518 α
294 475 520 520 Habitibus
553 478 761 520 virtutum
796 477 846 521 ad
880 479 958 520 tria
991 478 1250 535 indigemus.
1286 504 1343 512 —
1377 480 1547 534 Primo,

120 557 173 592 ut
203 550 252 591 sit
284 548 548 606 uniformitas
579 549 619 591 in
663 549 900 606 operatione.
935 550 992 592 Ea
1035 550 1165 607 enim,
1199 565 1306 608 quae
1355 566 1405 593 ex
1456 549 1547 594 sola

121 621 376 677 operatione
410 618 668 677 dependent»,
702 619 821 663 facile
855 621 1157 674 immutantur,
1192 621 1274 664 nisi
1307 620 1545 665 secundum

121 689 312 747 aliquam
346 688 666 733 inclinationem
701 689 958 732 habitualem
992 689 1148 733 fuerint
1172 690 1441 734 stabilita.—
1466 692 1547 735 Se-

122 761 289 812 cundo,
325 770 365 804 nt
397 763 573 819 operatio
602 762 778 819 perfecta
803 763 843 804 in
865 770 1054 820 promptu
1075 762 1286 806 habeatur.
1309 764 1406 808 Nisi
1430 763 1547 806 enim

123 834 320 890 potentia
352 833 568 876 rationalis
604 849 678 890 per
711 832 900 876 habitum
944 833 1086 892 aliquo
1137 833 1270 878 modo
1319 834 1550 878 inclinetur

123 905 180 950 rad
217 920 365 958 unum,
399 904 616 962 oportebit
649 920 835 962 semper,
872 921 970 948 cum
1005 921 1178 949 necesse
1206 905 1331 949 fuerit
1365 908 1551 964 operari,

125 976 379 1037 praecedere
413 977 739 1034 inquisitionem
775 976 825 1019 de
861 978 1136 1034 operatione3
1186 978 1294 1020 sicut
1337 990 1448 1035 patet
1498 978 1550 1022 de

124 1065 197 1106 eo,
231 1050 302 1106 qui
335 1047 425 1090 vult
459 1047 742 1101 considerare,
775 1047 969 1091 nondum
1004 1048 1161 1092 habens
1197 1050 1396 1092 scientiae
1431 1049 1550 1092 habi-

123 1133 238 1174 tum,
273 1133 312 1163 et
346 1120 417 1177 qui
450 1119 539 1162 vult
574 1119 811 1162 secundum
860 1120 1064 1163 virtutem
1113 1136 1237 1178 agere
1272 1120 1415 1168 habitu
1465 1123 1549 1165 vir-

135 1193 238 1235 tutis
273 1207 431 1235 carenS.
466 1190 592 1234 Unde
629 1190 920 1248 Philosophus
956 1191 1056 1234 dicit
1104 1192 1145 1234 in
1190 1192 1248 1247 5.⁰
1282 1192 1554 1250 Ethicorum,

125 1263 250 1324 ⁴quod
283 1263 505 1321 repentina
540 1275 639 1305 sunt
674 1262 720 1305 ab
740 1262 898 1306 habitu.
923 1289 970 1296 —
1005 1263 1174 1319 Tertio,
1199 1272 1241 1306 nt
1271 1263 1552 1309 delectabiliter

128 1336 304 1395 perfecta
339 1337 522 1392 operatio
555 1334 813 1392 compleatur,
839 1334 955 1390 quod
978 1334 1153 1392 quidem
1178 1334 1223 1377 fit
1246 1351 1320 1392 per
1343 1335 1549 1381 habitum.

134 1408 227 1460 Qui
261 1422 358 1449 cum
393 1406 445 1448 sit
479 1421 552 1463 per
586 1405 766 1448 modum
793 1405 1013 1448 cuiusdam
1038 1418 1229 1458 naturae,
1258 1407 1552 1463 operationem

128 1479 215 1522 sibi
240 1479 457 1536 propriam
483 1478 601 1535 quasi
622 1476 855 1519 naturalem
882 1477 1019 1520 reddit
1038 1489 1077 1520 et
1102 1493 1175 1535 per
1195 1493 1462 1535 consequens
1481 1477 1552 1521 de-

127 1549 381 1593 lectabilem.
401 1549 515 1592 Nam
541 1548 835 1590 convenientia
860 1561 922 1590 est
947 1547 1241 1591 delectationis
1267 1564 1404 1591 causa.
1429 1548 1556 1592 Unde

129 1621 428 1679 Philosophus
463 1621 505 1663 in
540 1620 598 1662 2.⁰
632 1620 885 1662 Ethicorum
920 1620 1039 1677 ponit
1072 1622 1245 1677 signum
1279 1619 1445 1663 habitus
1482 1619 1552 1664 de-

133 1693 407 1736 lectationem
443 1692 483 1733 in
517 1706 646 1748 opere
680 1692 934 1733 txistentem
960 1708 998 1734 ›>.

255 1764 449 1808 Virtutes
484 1763 624 1819 itaque
658 1778 745 1804 non
781 1761 1060 1804 solummodo
1105 1763 1340 1820 passiones,
1375 1775 1421 1805 ut
1469 1763 1553 1805 iam

129 1835 400 1888 dicebamus,
435 1837 522 1878 suis
557 1833 720 1891 legibus
755 1834 1032 1877 moderantur
1064 1849 1108 1876 ac
1141 1847 1367 1888 coercent3
1403 1849 1554 1877 verum

136 1909 263 1953 etiam
300 1907 472 1950 eaedem
508 1919 605 1949 sunt
640 1907 865 1948 intrinseca
892 1905 1106 1948 bonorum
1131 1918 1304 1948 actuum
1328 1906 1553 1963 principia,

138 1981 285 2026 saltem
324 1980 674 2023 instrumentalia.

263 2055 356 2107 165.
393 2053 644 2095 Sefforam.
681 2051 832 2103 Quum
866 2051 1043 2093 virtutes
1077 2049 1182 2093 adeo
1217 2050 1299 2092 sint
1331 2049 1454 2092 nobis
1483 2066 1558 2093 ne-

131 2125 359 2177 cessariae,
395 2123 494 2166 hinc
526 2123 668 2180 quaeri
704 2134 859 2178 potest,
894 2134 1036 2163 utrum
1073 2136 1144 2164 eae
1179 2122 1219 2163 in
1253 2120 1376 2163 nobis
1417 2123 1500 2164 sint
1535 2136 1556 2164 a

139 2196 320 2238 natura?
354 2219 407 2227 -
443 2192 690 2243 Respondet
724 2208 754 2235 s.
791 2192 987 2235 Thomas
1011 2191 1097 2250 (2),
1143 2210 1162 2233 «
1186 2193 1363 2235 virtutes
1398 2192 1437 2234 in
1473 2207 1558 2234 no-

138 2265 203 2309 bis
236 2281 327 2308 esse
361 2281 381 2308 a
414 2278 560 2308 natura
592 2263 812 2307 secundum
859 2263 1126 2321 aptitudinem
1173 2273 1208 2306 ct
1253 2264 1560 2321 inchoaffiorzem,

235 2508 288 2550 (1)
317 2507 388 2552 Qq.
416 2507 510 2553 disp.
539 2507 691 2548 Quaest.
719 2506 762 2539 dc
790 2507 910 2539 virtut.
939 2506 972 2538 in
1001 2516 1135 2538 comm.
1164 2517 1194 2551 q.
1227 2515 1254 2538 1.
1281 2516 1310 2538 a.
1343 2515 1371 2538 1.

237 2566 294 2610 (2)
323 2567 360 2600 In
396 2577 424 2604 1.
456 2576 485 2600 2.
513 2579 542 2612 q.
570 2565 626 2608 63.
655 2577 686 2600 a.
719 2577 743 2599 ι.
772 2564 827 2600 Cf.
856 2577 909 2611 qq.
939 2564 1026 2611 disp.
1054 2564 1074 2600 l.
1103 2564 1161 2599 cit.
1189 2576 1219 2599 a.
1246 2574 1276 2609 9.
