<?xml version="1.0" encoding="UTF-8"?>
<!DOCTYPE html PUBLIC "-//W3C//DTD XHTML 1.0 Transitional//EN"
    "http://www.w3.org/TR/xhtml1/DTD/xhtml1-transitional.dtd">
<html xmlns="http://www.w3.org/1999/xhtml" xml:lang="en" lang="en">
 <head>
  <title>
</title>
<meta http-equiv="Content-Type" content="text/html;charset=utf-8" />
  <meta name='ocr-system' content='tesseract 3.04.00' />
  <meta name='ocr-capabilities' content='ocr_page ocr_carea ocr_par ocr_line ocrx_word'/>
</head>
<body>
  <div class='ocr_page' id='page_1' title='image "./institutionesphi01ferr_0253.png"; bbox 0 0 1734 2784; ppageno 0'>
   <div class='ocr_carea' id='block_1_1' title="bbox 703 54 968 97">
    <p class='ocr_par' dir='ltr' id='par_1_1' title="bbox 703 54 968 97">
     <span class='ocr_line' id='line_1_1' title="bbox 703 54 968 97; baseline 0.004 -22"><span class='ocrx_word' id='word_1_1' title='bbox 703 54 968 97; x_wconf 72' lang='lat'><em>-233-</em></span> 
     </span>
    </p>
   </div>
   <div class='ocr_carea' id='block_1_2' title="bbox 118 135 1550 1479">
    <p class='ocr_par' dir='ltr' id='par_1_2' title="bbox 122 135 1550 765">
     <span class='ocr_line' id='line_1_2' title="bbox 124 135 1550 197; baseline 0.001 -17"><span class='ocrx_word' id='word_1_2' title='bbox 124 148 269 180; x_wconf 89' lang='lat' dir='ltr'>nostra</span> <span class='ocrx_word' id='word_1_3' title='bbox 298 151 387 180; x_wconf 91' lang='lat' dir='ltr'>non</span> <span class='ocrx_word' id='word_1_4' title='bbox 418 135 542 180; x_wconf 83' lang='lat' dir='ltr'>habet</span> <span class='ocrx_word' id='word_1_5' title='bbox 574 138 785 181; x_wconf 86' lang='lat' dir='ltr'>rationem</span> <span class='ocrx_word' id='word_1_6' title='bbox 820 138 978 195; x_wconf 88' lang='lat' dir='ltr'>meriti,</span> <span class='ocrx_word' id='word_1_7' title='bbox 1026 139 1107 181; x_wconf 87' lang='lat' dir='ltr'>nisi</span> <span class='ocrx_word' id='word_1_8' title='bbox 1152 154 1203 182; x_wconf 84' lang='lat' dir='ltr'>ex</span> <span class='ocrx_word' id='word_1_9' title='bbox 1236 139 1550 197; x_wconf 86' lang='lat' dir='ltr'>praesupposi-</span> 
     </span>
     <span class='ocr_line' id='line_1_3' title="bbox 125 205 1547 267; baseline 0.002 -16"><span class='ocrx_word' id='word_1_10' title='bbox 125 208 241 251; x_wconf 88' lang='lat' dir='ltr'>tione</span> <span class='ocrx_word' id='word_1_11' title='bbox 273 205 441 250; x_wconf 88' lang='lat' dir='ltr'>divinae</span> <span class='ocrx_word' id='word_1_12' title='bbox 473 207 770 263; x_wconf 78' lang='lat' dir='ltr'>ordinationi33</span> <span class='ocrx_word' id='word_1_13' title='bbox 804 225 893 253; x_wconf 89' lang='lat' dir='ltr'>non</span> <span class='ocrx_word' id='word_1_14' title='bbox 926 209 1120 267; x_wconf 89' lang='lat' dir='ltr'>sequitur</span> <span class='ocrx_word' id='word_1_15' title='bbox 1152 209 1269 267; x_wconf 90' lang='lat' dir='ltr'>quod</span> <span class='ocrx_word' id='word_1_16' title='bbox 1308 211 1426 254; x_wconf 89' lang='lat' dir='ltr'>Deus</span> <span class='ocrx_word' id='word_1_17' title='bbox 1460 210 1547 254; x_wconf 89' lang='lat' dir='ltr'>effi-</span> 
     </span>
     <span class='ocr_line' id='line_1_4' title="bbox 124 278 1548 340; baseline 0.002 -18"><span class='ocrx_word' id='word_1_18' title='bbox 124 279 256 322; x_wconf 86' lang='lat' dir='ltr'>ciatur</span> <span class='ocrx_word' id='word_1_19' title='bbox 286 278 538 336; x_wconf 88' lang='lat' dir='ltr'>simpliciter</span> <span class='ocrx_word' id='word_1_20' title='bbox 571 278 725 324; x_wconf 80' lang='lat' dir='ltr'>debitor</span> <span class='ocrx_word' id='word_1_21' title='bbox 768 280 897 334; x_wconf 83' lang='lat' dir='ltr'>nobis,</span> <span class='ocrx_word' id='word_1_22' title='bbox 944 281 1019 324; x_wconf 87' lang='lat' dir='ltr'>sed</span> <span class='ocrx_word' id='word_1_23' title='bbox 1061 281 1226 339; x_wconf 77' lang='lat' dir='ltr'><em>sibiipsi,</em></span> <span class='ocrx_word' id='word_1_24' title='bbox 1273 282 1314 324; x_wconf 82' lang='lat' dir='ltr'>in</span> <span class='ocrx_word' id='word_1_25' title='bbox 1348 291 1548 340; x_wconf 75' lang='lat' dir='ltr'>quantum</span> 
     </span>
     <span class='ocr_line' id='line_1_5' title="bbox 127 348 1546 410; baseline 0.002 -18"><span class='ocrx_word' id='word_1_26' title='bbox 127 348 300 393; x_wconf 80' lang='lat' dir='ltr'>debitum</span> <span class='ocrx_word' id='word_1_27' title='bbox 331 358 402 403; x_wconf 81' lang='lat' dir='ltr'>est,</span> <span class='ocrx_word' id='word_1_28' title='bbox 435 358 480 392; x_wconf 79' lang='lat' dir='ltr'>ut</span> <span class='ocrx_word' id='word_1_29' title='bbox 512 365 587 393; x_wconf 81' lang='lat' dir='ltr'>sua</span> <span class='ocrx_word' id='word_1_30' title='bbox 625 351 827 394; x_wconf 80' lang='lat' dir='ltr'>ordinatio</span> <span class='ocrx_word' id='word_1_31' title='bbox 859 352 1136 409; x_wconf 72' lang='lat' dir='ltr'>impleatur.»</span> <span class='ocrx_word' id='word_1_32' title='bbox 1176 352 1296 395; x_wconf 87' lang='lat' dir='ltr'>Deus</span> <span class='ocrx_word' id='word_1_33' title='bbox 1329 354 1470 410; x_wconf 86' lang='lat' dir='ltr'>itaque</span> <span class='ocrx_word' id='word_1_34' title='bbox 1504 354 1546 395; x_wconf 87' lang='lat' dir='ltr'>in</span> 
     </span>
     <span class='ocr_line' id='line_1_6' title="bbox 123 419 1543 481; baseline 0.002 -18"><span class='ocrx_word' id='word_1_35' title='bbox 123 421 321 478; x_wconf 81' lang='lat' dir='ltr'>praemiis</span> <span class='ocrx_word' id='word_1_36' title='bbox 353 419 637 464; x_wconf 84' lang='lat' dir='ltr'><strong>retribuendis</strong></span> <span class='ocrx_word' id='word_1_37' title='bbox 670 435 807 465; x_wconf 88' lang='lat' dir='ltr'>servat</span> <span class='ocrx_word' id='word_1_38' title='bbox 830 422 949 464; x_wconf 88' lang='lat' dir='ltr'>illum</span> <span class='ocrx_word' id='word_1_39' title='bbox 976 422 1159 466; x_wconf 87' lang='lat' dir='ltr'>modum</span> <span class='ocrx_word' id='word_1_40' title='bbox 1183 436 1223 466; x_wconf 88' lang='lat' dir='ltr'>et</span> <span class='ocrx_word' id='word_1_41' title='bbox 1246 424 1543 481; x_wconf 86' lang='lat' dir='ltr'>aequalitatem</span> 
     </span>
     <span class='ocr_line' id='line_1_7' title="bbox 124 491 1546 549; baseline 0.002 -15"><span class='ocrx_word' id='word_1_42' title='bbox 124 491 255 544; x_wconf 88' lang='lat' dir='ltr'>illam,</span> <span class='ocrx_word' id='word_1_43' title='bbox 290 507 396 549; x_wconf 89' lang='lat' dir='ltr'>quae</span> <span class='ocrx_word' id='word_1_44' title='bbox 426 492 470 534; x_wconf 90' lang='lat' dir='ltr'>in</span> <span class='ocrx_word' id='word_1_45' title='bbox 503 493 662 535; x_wconf 87' lang='lat' dir='ltr'>iustitia</span> <span class='ocrx_word' id='word_1_46' title='bbox 695 494 850 536; x_wconf 85' lang='lat' dir='ltr'>servari</span> <span class='ocrx_word' id='word_1_47' title='bbox 884 493 1005 537; x_wconf 87' lang='lat' dir='ltr'>solet:</span> <span class='ocrx_word' id='word_1_48' title='bbox 1056 493 1106 537; x_wconf 86' lang='lat' dir='ltr'>ad</span> <span class='ocrx_word' id='word_1_49' title='bbox 1151 494 1234 537; x_wconf 88' lang='lat' dir='ltr'>hoc</span> <span class='ocrx_word' id='word_1_50' title='bbox 1282 507 1423 538; x_wconf 87' lang='lat' dir='ltr'>autem</span> <span class='ocrx_word' id='word_1_51' title='bbox 1459 510 1546 538; x_wconf 89' lang='lat' dir='ltr'>non</span> 
     </span>
     <span class='ocr_line' id='line_1_8' title="bbox 123 564 1544 624; baseline 0.002 -18"><span class='ocrx_word' id='word_1_52' title='bbox 123 575 292 606; x_wconf 89' lang='lat' dir='ltr'>tenetur</span> <span class='ocrx_word' id='word_1_53' title='bbox 325 579 376 606; x_wconf 83' lang='lat' dir='ltr'>ex</span> <span class='ocrx_word' id='word_1_54' title='bbox 406 564 565 607; x_wconf 83' lang='lat' dir='ltr'>iustitia</span> <span class='ocrx_word' id='word_1_55' title='bbox 596 565 638 606; x_wconf 90' lang='lat' dir='ltr'>in</span> <span class='ocrx_word' id='word_1_56' title='bbox 672 564 754 607; x_wconf 84' lang='lat' dir='ltr'>hoc</span> <span class='ocrx_word' id='word_1_57' title='bbox 788 580 928 616; x_wconf 82' lang='lat' dir='ltr'>sensu,</span> <span class='ocrx_word' id='word_1_58' title='bbox 963 565 1079 623; x_wconf 82' lang='lat' dir='ltr'>quod</span> <span class='ocrx_word' id='word_1_59' title='bbox 1115 578 1327 609; x_wconf 76' lang='lat' dir='ltr'>creaturae</span> <span class='ocrx_word' id='word_1_60' title='bbox 1377 565 1544 624; x_wconf 84' lang='lat' dir='ltr'>oblige-</span> 
     </span>
     <span class='ocr_line' id='line_1_9' title="bbox 122 631 1544 694; baseline 0.004 -18"><span class='ocrx_word' id='word_1_61' title='bbox 122 646 205 692; x_wconf 91' lang='lat' dir='ltr'>tur,</span> <span class='ocrx_word' id='word_1_62' title='bbox 238 635 361 692; x_wconf 82' lang='lat' dir='ltr'>eique</span> <span class='ocrx_word' id='word_1_63' title='bbox 394 637 568 692; x_wconf 80' lang='lat' dir='ltr'>proprie</span> <span class='ocrx_word' id='word_1_64' title='bbox 602 631 868 693; x_wconf 70' lang='lat' dir='ltr'>sit‘debito1·‚</span> <span class='ocrx_word' id='word_1_65' title='bbox 901 637 974 679; x_wconf 88' lang='lat' dir='ltr'>sed</span> <span class='ocrx_word' id='word_1_66' title='bbox 1024 649 1068 679; x_wconf 94' lang='lat' dir='ltr'>ut</span> <span class='ocrx_word' id='word_1_67' title='bbox 1103 638 1271 694; x_wconf 83' lang='lat' dir='ltr'>sapiens</span> <span class='ocrx_word' id='word_1_68' title='bbox 1320 653 1394 680; x_wconf 89' lang='lat' dir='ltr'>sua</span> <span class='ocrx_word' id='word_1_69' title='bbox 1429 638 1544 681; x_wconf 89' lang='lat' dir='ltr'>ordi-</span> 
     </span>
     <span class='ocr_line' id='line_1_10' title="bbox 124 705 621 765; baseline 0.004 -17"><span class='ocrx_word' id='word_1_70' title='bbox 124 706 241 749; x_wconf 83' lang='lat' dir='ltr'>natio</span> <span class='ocrx_word' id='word_1_71' title='bbox 275 705 507 764; x_wconf 83' lang='lat' dir='ltr'>impleatur</span> <span class='ocrx_word' id='word_1_72' title='bbox 538 706 621 765; x_wconf 84' lang='lat'>(1).</span> 
     </span>
    </p>

    <p class='ocr_par' dir='ltr' id='par_1_3' title="bbox 118 777 1545 1479">
     <span class='ocr_line' id='line_1_11' title="bbox 243 777 1543 837; baseline 0.002 -18"><span class='ocrx_word' id='word_1_73' title='bbox 243 777 409 835; x_wconf 84' lang='lat' dir='ltr'>Itaque,</span> <span class='ocrx_word' id='word_1_74' title='bbox 458 790 503 820; x_wconf 93' lang='lat' dir='ltr'>ut</span> <span class='ocrx_word' id='word_1_75' title='bbox 538 794 633 821; x_wconf 82' lang='lat' dir='ltr'>cum</span> <span class='ocrx_word' id='word_1_76' title='bbox 659 794 690 820; x_wconf 88' lang='lat' dir='ltr'>s.</span> <span class='ocrx_word' id='word_1_77' title='bbox 711 778 884 821; x_wconf 86' lang='lat' dir='ltr'>Thoma</span> <span class='ocrx_word' id='word_1_78' title='bbox 909 779 980 837; x_wconf 82' lang='lat'>(2)</span> <span class='ocrx_word' id='word_1_79' title='bbox 1004 779 1086 822; x_wconf 79' lang='lat' dir='ltr'>hoc</span> <span class='ocrx_word' id='word_1_80' title='bbox 1110 793 1233 836; x_wconf 75' lang='lat' dir='ltr'>caput</span> <span class='ocrx_word' id='word_1_81' title='bbox 1257 779 1543 836; x_wconf 73' lang='lat' dir='ltr'>absolvamus,</span> 
     </span>
     <span class='ocr_line' id='line_1_12' title="bbox 125 849 1545 895; baseline 0.002 -5"><span class='ocrx_word' id='word_1_82' title='bbox 125 866 148 889; x_wconf 81' lang='grc'><strong><em>«</em></strong></span> <span class='ocrx_word' id='word_1_83' title='bbox 180 861 297 892; x_wconf 83' lang='lat' dir='ltr'>actus</span> <span class='ocrx_word' id='word_1_84' title='bbox 332 849 460 893; x_wconf 77' lang='lat' dir='ltr'>honus</span> <span class='ocrx_word' id='word_1_85' title='bbox 492 850 557 892; x_wconf 70' lang='lat' dir='ltr'>vel</span> <span class='ocrx_word' id='word_1_86' title='bbox 590 850 724 893; x_wconf 51' lang='lat' dir='ltr'>‘mallis</span> <span class='ocrx_word' id='word_1_87' title='bbox 774 850 897 893; x_wconf 87' lang='lat' dir='ltr'>habet</span> <span class='ocrx_word' id='word_1_88' title='bbox 946 852 1156 894; x_wconf 88' lang='lat' dir='ltr'>rationem</span> <span class='ocrx_word' id='word_1_89' title='bbox 1208 852 1429 895; x_wconf 66' lang='lat' dir='ltr'>laudabilis</span> <span class='ocrx_word' id='word_1_90' title='bbox 1479 852 1545 895; x_wconf 76' lang='lat' dir='ltr'>vel</span> 
     </span>
     <span class='ocr_line' id='line_1_13' title="bbox 126 920 1543 979; baseline 0.002 -17"><span class='ocrx_word' id='word_1_91' title='bbox 126 920 334 978; x_wconf 80' lang='lat' dir='ltr'>culpabilis</span> <span class='ocrx_word' id='word_1_92' title='bbox 365 921 602 964; x_wconf 87' lang='lat' dir='ltr'>secundum</span> <span class='ocrx_word' id='word_1_93' title='bbox 636 922 751 979; x_wconf 88' lang='lat' dir='ltr'>quod</span> <span class='ocrx_word' id='word_1_94' title='bbox 785 935 846 965; x_wconf 82' lang='lat' dir='ltr'>est</span> <span class='ocrx_word' id='word_1_95' title='bbox 880 923 920 964; x_wconf 87' lang='lat' dir='ltr'>in</span> <span class='ocrx_word' id='word_1_96' title='bbox 956 935 1165 979; x_wconf 81' lang='lat' dir='ltr'>potestate</span> <span class='ocrx_word' id='word_1_97' title='bbox 1199 922 1446 976; x_wconf 71' lang='lat' dir='ltr'>voluntatis,</span> <span class='ocrx_word' id='word_1_98' title='bbox 1481 939 1543 965; x_wconf 86' lang='lat' dir='ltr'>ra-</span> 
     </span>
     <span class='ocr_line' id='line_1_14' title="bbox 125 993 1542 1052; baseline 0.001 -18"><span class='ocrx_word' id='word_1_99' title='bbox 125 993 289 1035; x_wconf 90' lang='lat' dir='ltr'>tionem</span> <span class='ocrx_word' id='word_1_100' title='bbox 324 1008 425 1036; x_wconf 88' lang='lat' dir='ltr'>vero</span> <span class='ocrx_word' id='word_1_101' title='bbox 458 993 712 1036; x_wconf 70' lang='lat' dir='ltr'>rectitudinis</span> <span class='ocrx_word' id='word_1_102' title='bbox 745 1006 784 1036; x_wconf 87' lang='lat' dir='ltr'>et</span> <span class='ocrx_word' id='word_1_103' title='bbox 814 996 964 1052; x_wconf 66' lang='lat' dir='ltr'>pcccati</span> <span class='ocrx_word' id='word_1_104' title='bbox 997 994 1234 1036; x_wconf 79' lang='lat' dir='ltr'>secundum</span> <span class='ocrx_word' id='word_1_105' title='bbox 1270 993 1466 1036; x_wconf 83' lang='lat' dir='ltr'>ordinem</span> <span class='ocrx_word' id='word_1_106' title='bbox 1490 994 1542 1036; x_wconf 88' lang='lat' dir='ltr'>ad</span> 
     </span>
     <span class='ocr_line' id='line_1_15' title="bbox 120 1062 1541 1117; baseline 0.001 -11"><span class='ocrx_word' id='word_1_107' title='bbox 120 1062 264 1117; x_wconf 87' lang='lat' dir='ltr'>finem,</span> <span class='ocrx_word' id='word_1_108' title='bbox 299 1065 506 1107; x_wconf 85' lang='lat' dir='ltr'>rationem</span> <span class='ocrx_word' id='word_1_109' title='bbox 541 1080 642 1107; x_wconf 84' lang='lat' dir='ltr'>vero</span> <span class='ocrx_word' id='word_1_110' title='bbox 677 1066 809 1107; x_wconf 63' lang='lat' dir='ltr'>meriti</span> <span class='ocrx_word' id='word_1_111' title='bbox 840 1078 879 1107; x_wconf 89' lang='lat' dir='ltr'>et</span> <span class='ocrx_word' id='word_1_112' title='bbox 913 1065 1093 1107; x_wconf 59' lang='lat' dir='ltr'>demeriti</span> <span class='ocrx_word' id='word_1_113' title='bbox 1142 1065 1379 1107; x_wconf 82' lang='lat' dir='ltr'>secundum</span> <span class='ocrx_word' id='word_1_114' title='bbox 1415 1066 1541 1107; x_wconf 86' lang='lat' dir='ltr'>retri-</span> 
     </span>
     <span class='ocr_line' id='line_1_16' title="bbox 121 1134 1541 1188; baseline 0 -11"><span class='ocrx_word' id='word_1_115' title='bbox 121 1134 343 1178; x_wconf 87' lang='lat' dir='ltr'>butionem</span> <span class='ocrx_word' id='word_1_116' title='bbox 378 1136 561 1178; x_wconf 87' lang='lat' dir='ltr'>iustitiae</span> <span class='ocrx_word' id='word_1_117' title='bbox 594 1136 644 1178; x_wconf 89' lang='lat' dir='ltr'>ad</span> <span class='ocrx_word' id='word_1_118' title='bbox 679 1136 871 1179; x_wconf 85' lang='lat' dir='ltr'>alterum.</span> <span class='ocrx_word' id='word_1_119' title='bbox 908 1154 925 1175; x_wconf 71' lang='lat' dir='ltr'>n</span> <span class='ocrx_word' id='word_1_120' title='bbox 968 1136 1140 1188; x_wconf 84' lang='lat' dir='ltr'>Quibus</span> <span class='ocrx_word' id='word_1_121' title='bbox 1180 1136 1315 1178; x_wconf 71' lang='lat' dir='ltr'>verbis</span> <span class='ocrx_word' id='word_1_122' title='bbox 1352 1152 1382 1179; x_wconf 78' lang='lat' dir='ltr'>S.</span> <span class='ocrx_word' id='word_1_123' title='bbox 1419 1136 1541 1178; x_wconf 86' lang='lat' dir='ltr'>Tho-</span> 
     </span>
     <span class='ocr_line' id='line_1_17' title="bbox 119 1206 1543 1264; baseline 0.001 -16"><span class='ocrx_word' id='word_1_124' title='bbox 119 1222 209 1249; x_wconf 85' lang='lat' dir='ltr'>mas</span> <span class='ocrx_word' id='word_1_125' title='bbox 242 1206 451 1264; x_wconf 84' lang='lat' dir='ltr'>praeclare</span> <span class='ocrx_word' id='word_1_126' title='bbox 484 1206 652 1249; x_wconf 83' lang='lat' dir='ltr'>exhibet</span> <span class='ocrx_word' id='word_1_127' title='bbox 686 1207 914 1250; x_wconf 77' lang='lat' dir='ltr'>discrimen</span> <span class='ocrx_word' id='word_1_128' title='bbox 966 1209 1073 1250; x_wconf 88' lang='lat' dir='ltr'>inter</span> <span class='ocrx_word' id='word_1_129' title='bbox 1108 1208 1209 1250; x_wconf 79' lang='lat' dir='ltr'>baec</span> <span class='ocrx_word' id='word_1_130' title='bbox 1243 1208 1334 1261; x_wconf 86' lang='lat' dir='ltr'>tria,</span> <span class='ocrx_word' id='word_1_131' title='bbox 1372 1208 1543 1249; x_wconf 74' lang='lat' dir='ltr'>morali-</span> 
     </span>
     <span class='ocr_line' id='line_1_18' title="bbox 127 1278 1537 1336; baseline 0 -16"><span class='ocrx_word' id='word_1_132' title='bbox 127 1286 260 1331; x_wconf 77' lang='lat' dir='ltr'>tatem,</span> <span class='ocrx_word' id='word_1_133' title='bbox 294 1279 661 1336; x_wconf 65' lang='lat' dir='ltr'>imputribilitatem,</span> <span class='ocrx_word' id='word_1_134' title='bbox 697 1282 895 1323; x_wconf 66' lang='lat' dir='ltr'>meritum.</span> <span class='ocrx_word' id='word_1_135' title='bbox 948 1281 1069 1322; x_wconf 82' lang='lat' dir='ltr'>Prior</span> <span class='ocrx_word' id='word_1_136' title='bbox 1121 1293 1182 1321; x_wconf 89' lang='lat' dir='ltr'>est</span> <span class='ocrx_word' id='word_1_137' title='bbox 1227 1278 1431 1321; x_wconf 84' lang='lat' dir='ltr'>habitudo</span> <span class='ocrx_word' id='word_1_138' title='bbox 1466 1294 1537 1321; x_wconf 81' lang='lat' dir='ltr'>ac-</span> 
     </span>
     <span class='ocr_line' id='line_1_19' title="bbox 118 1349 1535 1407; baseline 0 -15"><span class='ocrx_word' id='word_1_139' title='bbox 118 1350 245 1392; x_wconf 87' lang='lat' dir='ltr'>tionis</span> <span class='ocrx_word' id='word_1_140' title='bbox 280 1349 330 1393; x_wconf 83' lang='lat' dir='ltr'>ad</span> <span class='ocrx_word' id='word_1_141' title='bbox 362 1350 504 1404; x_wconf 88' lang='lat' dir='ltr'>finem,</span> <span class='ocrx_word' id='word_1_142' title='bbox 540 1351 666 1393; x_wconf 82' lang='lat' dir='ltr'>altera</span> <span class='ocrx_word' id='word_1_143' title='bbox 702 1352 751 1394; x_wconf 84' lang='lat' dir='ltr'>ad</span> <span class='ocrx_word' id='word_1_144' title='bbox 785 1368 912 1407; x_wconf 75' lang='lat' dir='ltr'>agens</span> <span class='ocrx_word' id='word_1_145' title='bbox 963 1366 1006 1394; x_wconf 85' lang='lat' dir='ltr'>ut</span> <span class='ocrx_word' id='word_1_146' title='bbox 1042 1368 1211 1394; x_wconf 75' lang='lat' dir='ltr'>causam</span> <span class='ocrx_word' id='word_1_147' title='bbox 1261 1351 1535 1405; x_wconf 80' lang='lat' dir='ltr'>effectricem,</span> 
     </span>
     <span class='ocr_line' id='line_1_20' title="bbox 119 1422 1224 1479; baseline 0.003 -16"><span class='ocrx_word' id='word_1_148' title='bbox 119 1422 323 1464; x_wconf 87' lang='lat' dir='ltr'>meritum</span> <span class='ocrx_word' id='word_1_149' title='bbox 355 1422 407 1465; x_wconf 90' lang='lat' dir='ltr'>ad</span> <span class='ocrx_word' id='word_1_150' title='bbox 436 1422 615 1465; x_wconf 85' lang='lat' dir='ltr'>alterum</span> <span class='ocrx_word' id='word_1_151' title='bbox 650 1435 867 1479; x_wconf 81' lang='lat' dir='ltr'>tamquam</span> <span class='ocrx_word' id='word_1_152' title='bbox 904 1423 1224 1466; x_wconf 83' lang='lat' dir='ltr'>retributorem.</span> 
     </span>
    </p>
   </div>
   <div class='ocr_carea' id='block_1_3' title="bbox 119 1558 348 1565">
    <p class='ocr_par' dir='ltr' id='par_1_4' title="bbox 119 1558 348 1565">
     <span class='ocr_line' id='line_1_21' title="bbox 119 1558 348 1565; baseline 0 0"><span class='ocrx_word' id='word_1_153' title='bbox 119 1558 348 1565; x_wconf 95' lang='lat' dir='ltr'> </span> 
     </span>
    </p>
   </div>
   <div class='ocr_carea' id='block_1_4' title="bbox 118 1617 1542 2256">
    <p class='ocr_par' dir='ltr' id='par_1_5' title="bbox 118 1617 1541 1725">
     <span class='ocr_line' id='line_1_22' title="bbox 120 1617 1541 1665; baseline -0.001 -12"><span class='ocrx_word' id='word_1_154' title='bbox 120 1620 280 1665; x_wconf 87' lang='lat' dir='ltr'>reggitor</span> <span class='ocrx_word' id='word_1_155' title='bbox 306 1630 486 1664; x_wconf 85' lang='lat' dir='ltr'>supremo:</span> <span class='ocrx_word' id='word_1_156' title='bbox 518 1630 534 1652; x_wconf 89' lang='lat' dir='ltr'>e</span> <span class='ocrx_word' id='word_1_157' title='bbox 561 1619 594 1651; x_wconf 86' lang='lat' dir='ltr'>in</span> <span class='ocrx_word' id='word_1_158' title='bbox 614 1619 662 1651; x_wconf 80' lang='lat' dir='ltr'>tal</span> <span class='ocrx_word' id='word_1_159' title='bbox 684 1629 787 1651; x_wconf 73' lang='lat' dir='ltr'>senso</span> <span class='ocrx_word' id='word_1_160' title='bbox 814 1620 886 1663; x_wconf 80' lang='lat' dir='ltr'>puo</span> <span class='ocrx_word' id='word_1_161' title='bbox 915 1617 997 1651; x_wconf 74' lang='lat' dir='ltr'>dii-si</span> <span class='ocrx_word' id='word_1_162' title='bbox 1026 1619 1270 1663; x_wconf 69' lang='lat' dir='ltr'>vantaggioso</span> <span class='ocrx_word' id='word_1_163' title='bbox 1291 1630 1307 1651; x_wconf 82' lang='lat' dir='ltr'>a</span> <span class='ocrx_word' id='word_1_164' title='bbox 1328 1618 1445 1652; x_wconf 88' lang='lat' dir='ltr'>Dio.»</span> <span class='ocrx_word' id='word_1_165' title='bbox 1469 1619 1541 1653; x_wconf 81' lang='lat' dir='ltr'>Ta-</span> 
     </span>
     <span class='ocr_line' id='line_1_23' title="bbox 118 1676 1318 1725; baseline -0.001 -13"><span class='ocrx_word' id='word_1_166' title='bbox 118 1677 254 1722; x_wconf 82' lang='lat' dir='ltr'>parelli,</span> <span class='ocrx_word' id='word_1_167' title='bbox 281 1678 350 1712; x_wconf 89' lang='lat' dir='ltr'>loc.</span> <span class='ocrx_word' id='word_1_168' title='bbox 378 1677 436 1712; x_wconf 88' lang='lat' dir='ltr'>cit.</span> <span class='ocrx_word' id='word_1_169' title='bbox 463 1689 561 1710; x_wconf 86' lang='lat' dir='ltr'>num.</span> <span class='ocrx_word' id='word_1_170' title='bbox 596 1688 669 1721; x_wconf 78' lang='lat'><em>133.</em></span> <span class='ocrx_word' id='word_1_171' title='bbox 701 1676 752 1711; x_wconf 68' lang='lat' dir='ltr'>Cf.</span> <span class='ocrx_word' id='word_1_172' title='bbox 781 1676 1003 1715; x_wconf 72' lang='lat' dir='ltr'>Liberatore‚</span> <span class='ocrx_word' id='word_1_173' title='bbox 1033 1676 1112 1725; x_wconf 69' lang='lat' dir='ltr'>Eth,</span> <span class='ocrx_word' id='word_1_174' title='bbox 1140 1688 1237 1710; x_wconf 84' lang='lat' dir='ltr'>num.</span> <span class='ocrx_word' id='word_1_175' title='bbox 1269 1686 1318 1722; x_wconf 80' lang='lat'>59.</span> 
     </span>
    </p>

    <p class='ocr_par' dir='ltr' id='par_1_6' title="bbox 118 1735 1542 2195">
     <span class='ocr_line' id='line_1_24' title="bbox 213 1735 1538 1781; baseline -0.002 -11"><span class='ocrx_word' id='word_1_176' title='bbox 213 1736 269 1781; x_wconf 87' lang='lat'>(1)</span> <span class='ocrx_word' id='word_1_177' title='bbox 285 1736 376 1770; x_wconf 91' lang='lat' dir='ltr'>Vide</span> <span class='ocrx_word' id='word_1_178' title='bbox 391 1736 663 1770; x_wconf 84' lang='lat' dir='ltr'>adnotationem</span> <span class='ocrx_word' id='word_1_179' title='bbox 687 1737 719 1768; x_wconf 82' lang='lat' dir='ltr'>in</span> <span class='ocrx_word' id='word_1_180' title='bbox 741 1747 824 1780; x_wconf 78' lang='lat' dir='ltr'>pag.</span> <span class='ocrx_word' id='word_1_181' title='bbox 843 1743 933 1775; x_wconf 61' lang='lat'>223„</span> <span class='ocrx_word' id='word_1_182' title='bbox 949 1735 1006 1768; x_wconf 84' lang='lat' dir='ltr'>ubi</span> <span class='ocrx_word' id='word_1_183' title='bbox 1027 1736 1208 1780; x_wconf 73' lang='lat' dir='ltr'>praeclara</span> <span class='ocrx_word' id='word_1_184' title='bbox 1228 1736 1332 1770; x_wconf 74' lang='lat' dir='ltr'>verba</span> <span class='ocrx_word' id='word_1_185' title='bbox 1350 1735 1538 1770; x_wconf 83' lang='lat' dir='ltr'>attulimus</span> 
     </span>
     <span class='ocr_line' id='line_1_25' title="bbox 118 1793 1542 1839; baseline 0 -11"><span class='ocrx_word' id='word_1_186' title='bbox 118 1806 162 1828; x_wconf 83' lang='lat' dir='ltr'>ex</span> <span class='ocrx_word' id='word_1_187' title='bbox 189 1795 230 1828; x_wconf 88' lang='lat' dir='ltr'>de</span> <span class='ocrx_word' id='word_1_188' title='bbox 256 1794 436 1829; x_wconf 82' lang='lat' dir='ltr'>Valentia.</span> <span class='ocrx_word' id='word_1_189' title='bbox 461 1795 536 1828; x_wconf 81' lang='lat' dir='ltr'>Hac</span> <span class='ocrx_word' id='word_1_190' title='bbox 563 1795 599 1828; x_wconf 86' lang='lat' dir='ltr'>in</span> <span class='ocrx_word' id='word_1_191' title='bbox 628 1805 664 1828; x_wconf 80' lang='lat' dir='ltr'>re</span> <span class='ocrx_word' id='word_1_192' title='bbox 691 1794 804 1839; x_wconf 70' lang='lat' dir='ltr'>digni,</span> <span class='ocrx_word' id='word_1_193' title='bbox 835 1794 892 1839; x_wconf 83' lang='lat' dir='ltr'>qui</span> <span class='ocrx_word' id='word_1_194' title='bbox 922 1793 1093 1834; x_wconf 61' lang='lat' dir='ltr'>legantur,</span> <span class='ocrx_word' id='word_1_195' title='bbox 1123 1803 1203 1828; x_wconf 86' lang='lat' dir='ltr'>sunt</span> <span class='ocrx_word' id='word_1_196' title='bbox 1224 1794 1375 1835; x_wconf 67' lang='lat' dir='ltr'>Lessius7</span> <span class='ocrx_word' id='word_1_197' title='bbox 1393 1795 1436 1828; x_wconf 78' lang='lat' dir='ltr'>‹le</span> <span class='ocrx_word' id='word_1_198' title='bbox 1463 1806 1542 1839; x_wconf 90' lang='lat' dir='ltr'>per-</span> 
     </span>
     <span class='ocr_line' id='line_1_26' title="bbox 120 1852 1535 1894; baseline 0 -8"><span class='ocrx_word' id='word_1_199' title='bbox 120 1852 202 1888; x_wconf 88' lang='lat' dir='ltr'>fect.</span> <span class='ocrx_word' id='word_1_200' title='bbox 229 1853 300 1888; x_wconf 80' lang='lat' dir='ltr'>div.</span> <span class='ocrx_word' id='word_1_201' title='bbox 331 1853 352 1887; x_wconf 91' lang='lat'>1.</span> <span class='ocrx_word' id='word_1_202' title='bbox 380 1854 475 1888; x_wconf 80' lang='lat' dir='ltr'>XIII.</span> <span class='ocrx_word' id='word_1_203' title='bbox 516 1855 558 1888; x_wconf 87' lang='lat' dir='ltr'>de</span> <span class='ocrx_word' id='word_1_204' title='bbox 598 1854 730 1887; x_wconf 85' lang='lat' dir='ltr'>iustitia</span> <span class='ocrx_word' id='word_1_205' title='bbox 761 1863 793 1886; x_wconf 78' lang='lat' dir='ltr'>et</span> <span class='ocrx_word' id='word_1_206' title='bbox 823 1854 869 1885; x_wconf 83' lang='lat' dir='ltr'>ira</span> <span class='ocrx_word' id='word_1_207' title='bbox 898 1853 977 1893; x_wconf 77' lang='lat' dir='ltr'>Dei,</span> <span class='ocrx_word' id='word_1_208' title='bbox 1013 1864 1050 1885; x_wconf 82' lang='lat' dir='ltr'>ac</span> <span class='ocrx_word' id='word_1_209' title='bbox 1090 1853 1270 1894; x_wconf 83' lang='lat' dir='ltr'>Palmicri,</span> <span class='ocrx_word' id='word_1_210' title='bbox 1310 1852 1420 1887; x_wconf 84' lang='lat' dir='ltr'>theol.</span> <span class='ocrx_word' id='word_1_211' title='bbox 1461 1863 1535 1887; x_wconf 77' lang='lat' dir='ltr'>nat.</span> 
     </span>
     <span class='ocr_line' id='line_1_27' title="bbox 119 1911 1538 1959; baseline -0.002 -12"><span class='ocrx_word' id='word_1_212' title='bbox 119 1912 169 1947; x_wconf 88' lang='lat' dir='ltr'>th.</span> <span class='ocrx_word' id='word_1_213' title='bbox 195 1913 353 1955; x_wconf 62' lang='lat' dir='ltr'>XLVII„</span> <span class='ocrx_word' id='word_1_214' title='bbox 382 1913 416 1947; x_wconf 85' lang='lat' dir='ltr'>in</span> <span class='ocrx_word' id='word_1_215' title='bbox 445 1925 513 1959; x_wconf 86' lang='lat' dir='ltr'>qua</span> <span class='ocrx_word' id='word_1_216' title='bbox 541 1925 622 1946; x_wconf 78' lang='lat' dir='ltr'>cum</span> <span class='ocrx_word' id='word_1_217' title='bbox 650 1913 774 1946; x_wconf 63' lang='lat' dir='ltr'>Lessio</span> <span class='ocrx_word' id='word_1_218' title='bbox 804 1912 873 1945; x_wconf 81' lang='lat' dir='ltr'>duo</span> <span class='ocrx_word' id='word_1_219' title='bbox 902 1912 1126 1956; x_wconf 62' lang='lat' dir='ltr'>distinguens</span> <span class='ocrx_word' id='word_1_220' title='bbox 1155 1913 1187 1945; x_wconf 87' lang='lat' dir='ltr'>in</span> <span class='ocrx_word' id='word_1_221' title='bbox 1216 1912 1360 1954; x_wconf 83' lang='lat' dir='ltr'>iustitia,</span> <span class='ocrx_word' id='word_1_222' title='bbox 1392 1911 1538 1946; x_wconf 62' lang='lat' dir='ltr'>debitum</span> 
     </span>
     <span class='ocr_line' id='line_1_28' title="bbox 119 1970 1540 2017; baseline 0 -12"><span class='ocrx_word' id='word_1_223' title='bbox 119 1980 155 2006; x_wconf 85' lang='lat' dir='ltr'>et</span> <span class='ocrx_word' id='word_1_224' title='bbox 179 1973 426 2017; x_wconf 67' lang='lat' dir='ltr'>aequalitatem,</span> <span class='ocrx_word' id='word_1_225' title='bbox 453 1972 540 2006; x_wconf 77' lang='lat' dir='ltr'>haec</span> <span class='ocrx_word' id='word_1_226' title='bbox 569 1974 701 2006; x_wconf 82' lang='lat' dir='ltr'>statuit:</span> <span class='ocrx_word' id='word_1_227' title='bbox 732 1973 765 2005; x_wconf 81' lang='lat' dir='ltr'>Si</span> <span class='ocrx_word' id='word_1_228' title='bbox 795 1972 883 2005; x_wconf 81' lang='lat' dir='ltr'>ratio</span> <span class='ocrx_word' id='word_1_229' title='bbox 911 1970 1013 2004; x_wconf 52' lang='lat' dir='ltr'>Aelim</span> <span class='ocrx_word' id='word_1_230' title='bbox 1040 1971 1224 2013; x_wconf 76' lang='lat' dir='ltr'>habeatur,</span> <span class='ocrx_word' id='word_1_231' title='bbox 1254 1972 1387 2006; x_wconf 82' lang='lat' dir='ltr'>iustitia</span> <span class='ocrx_word' id='word_1_232' title='bbox 1417 1983 1540 2017; x_wconf 79' lang='lat' dir='ltr'>presse</span> 
     </span>
     <span class='ocr_line' id='line_1_29' title="bbox 125 2030 1540 2078; baseline 0 -14"><span class='ocrx_word' id='word_1_233' title='bbox 125 2040 269 2076; x_wconf 86' lang='lat' dir='ltr'>accepta</span> <span class='ocrx_word' id='word_1_234' title='bbox 297 2032 419 2078; x_wconf 86' lang='lat' dir='ltr'>nequit</span> <span class='ocrx_word' id='word_1_235' title='bbox 445 2032 523 2065; x_wconf 89' lang='lat' dir='ltr'>Deo</span> <span class='ocrx_word' id='word_1_236' title='bbox 552 2041 757 2075; x_wconf 69' lang='lat' dir='ltr'>competere</span> <span class='ocrx_word' id='word_1_237' title='bbox 786 2042 867 2074; x_wconf 64' lang='lat' dir='ltr'>erga</span> <span class='ocrx_word' id='word_1_238' title='bbox 886 2030 1064 2064; x_wconf 53' lang='lat' dir='ltr'>homin-ns:</span> <span class='ocrx_word' id='word_1_239' title='bbox 1088 2032 1137 2063; x_wconf 79' lang='lat' dir='ltr'>sin</span> <span class='ocrx_word' id='word_1_240' title='bbox 1162 2040 1281 2064; x_wconf 84' lang='lat' dir='ltr'>autem</span> <span class='ocrx_word' id='word_1_241' title='bbox 1301 2032 1392 2065; x_wconf 84' lang='lat' dir='ltr'>ratio</span> <span class='ocrx_word' id='word_1_242' title='bbox 1413 2042 1540 2076; x_wconf 71' lang='lat' dir='ltr'>acqua-</span> 
     </span>
     <span class='ocr_line' id='line_1_30' title="bbox 118 2089 1540 2136; baseline 0.001 -12"><span class='ocrx_word' id='word_1_243' title='bbox 118 2089 226 2125; x_wconf 71' lang='lat' dir='ltr'>litatis</span> <span class='ocrx_word' id='word_1_244' title='bbox 251 2090 423 2125; x_wconf 85' lang='lat' dir='ltr'>habeatur</span> <span class='ocrx_word' id='word_1_245' title='bbox 449 2092 539 2126; x_wconf 82' lang='lat' dir='ltr'>inter</span> <span class='ocrx_word' id='word_1_246' title='bbox 580 2092 674 2125; x_wconf 79' lang='lat' dir='ltr'>bona</span> <span class='ocrx_word' id='word_1_247' title='bbox 713 2102 821 2135; x_wconf 70' lang='lat' dir='ltr'>opera</span> <span class='ocrx_word' id='word_1_248' title='bbox 851 2100 883 2124; x_wconf 77' lang='lat' dir='ltr'>et</span> <span class='ocrx_word' id='word_1_249' title='bbox 913 2092 1130 2135; x_wconf 74' lang='lat' dir='ltr'>praemium,</span> <span class='ocrx_word' id='word_1_250' title='bbox 1158 2102 1197 2124; x_wconf 85' lang='lat' dir='ltr'>ac</span> <span class='ocrx_word' id='word_1_251' title='bbox 1236 2091 1330 2124; x_wconf 82' lang='lat' dir='ltr'>mala</span> <span class='ocrx_word' id='word_1_252' title='bbox 1359 2102 1467 2136; x_wconf 83' lang='lat' dir='ltr'>opera</span> <span class='ocrx_word' id='word_1_253' title='bbox 1507 2099 1540 2125; x_wconf 80' lang='lat' dir='ltr'>ct</span> 
     </span>
     <span class='ocr_line' id='line_1_31' title="bbox 119 2151 794 2195; baseline 0 -12"><span class='ocrx_word' id='word_1_254' title='bbox 119 2160 287 2195; x_wconf 86' lang='lat' dir='ltr'>poenam,</span> <span class='ocrx_word' id='word_1_255' title='bbox 317 2151 448 2185; x_wconf 83' lang='lat' dir='ltr'>iustitia</span> <span class='ocrx_word' id='word_1_256' title='bbox 475 2162 557 2185; x_wconf 89' lang='lat' dir='ltr'>vere</span> <span class='ocrx_word' id='word_1_257' title='bbox 586 2151 664 2184; x_wconf 87' lang='lat' dir='ltr'>Deo</span> <span class='ocrx_word' id='word_1_258' title='bbox 693 2151 794 2183; x_wconf 64' lang='lat' dir='ltr'>inest.</span> 
     </span>
    </p>

    <p class='ocr_par' dir='ltr' id='par_1_7' title="bbox 219 2209 727 2256">
     <span class='ocr_line' id='line_1_32' title="bbox 219 2209 727 2256; baseline 0.002 -13"><span class='ocrx_word' id='word_1_259' title='bbox 219 2210 274 2254; x_wconf 89' lang='lat'>(2)</span> <span class='ocrx_word' id='word_1_260' title='bbox 304 2209 343 2244; x_wconf 92' lang='lat' dir='ltr'>In</span> <span class='ocrx_word' id='word_1_261' title='bbox 375 2221 401 2244; x_wconf 88' lang='lat'>1.</span> <span class='ocrx_word' id='word_1_262' title='bbox 429 2221 461 2245; x_wconf 87' lang='lat'>2.</span> <span class='ocrx_word' id='word_1_263' title='bbox 493 2222 524 2256; x_wconf 85' lang='lat' dir='ltr'>q.</span> <span class='ocrx_word' id='word_1_264' title='bbox 553 2221 609 2245; x_wconf 83' lang='lat'>21.</span> <span class='ocrx_word' id='word_1_265' title='bbox 639 2221 667 2243; x_wconf 87' lang='lat' dir='ltr'>c.</span> <span class='ocrx_word' id='word_1_266' title='bbox 697 2221 727 2253; x_wconf 80' lang='lat'>3.</span> 
     </span>
    </p>
   </div>
  </div>
 </body>
</html>
