1734 2784
52 200 148 238 'sex
185 193 230 237 in
273 191 592 251 concupiscibili
641 203 682 235 et
729 192 918 250 quinque
966 191 1009 234 in
1048 189 1246 233 irascibili
1269 189 1356 249 (1)
1391 189 1499 232 Dixi

72 266 295 325 simplices:
328 264 480 308 dantur
514 265 629 308 enim
663 264 883 323 passiones
917 279 967 306 ex
1009 261 1273 321 simplicibus
1324 263 1501 317 mixtae,

73 350 120 381 ut
150 337 362 394 zelotipia‚
386 336 724 389 commiseratio,
749 335 938 393 aliaeque
964 333 1231 388 huiusmodi,
1256 349 1365 391 quae
1390 347 1502 392 pro-

73 411 166 468 pria
197 410 328 454 etiam
361 421 505 452 carent
542 408 827 467 appellatione
845 407 929 467 (2).

637 621 805 664 THESIS
838 621 931 664 LV.

73 765 300 822 Passiones,
331 765 367 808 si
397 764 614 808 secundum
642 780 681 808 se
703 764 1013 817 considerentur,
1050 763 1201 822 physice
1238 761 1398 820 quidem
1432 761 1503 805 ῖτο-Α

193 851 270 880 nae
302 844 415 889 sunt,
449 836 566 879 ethice
598 851 690 879 vero
714 851 782 878 nec
804 835 929 878 bonae
952 850 1020 878 nec
1044 835 1196 878 malae:
1231 842 1327 877 sunt
1360 842 1497 876 autem

191 907 397 951 moraliter
429 906 554 950 bonae
587 907 650 950 vel
682 907 830 961 malae,
847 908 881 950 si
903 915 1127 964 specte-ntur
1148 905 1367 949 secundnm
1389 905 1500 963 qnod

188 978 392 1023 subiacent
422 980 589 1037 imperio
623 980 796 1022 rationis
829 987 863 1021 et
896 978 1139 1021 voluntatis.

194 1099 290 1142 159.
332 1087 734 1129 DEMoNSTRATro.
785 1102 805 1125 «
846 1084 1072 1127 Passiones
1120 1084 1314 1140 animae,
1357 1083 1496 1139 inquit

70 1173 104 1202 s.
130 1156 328 1201 Thomas
361 1157 446 1216 (3),
481 1155 707 1214 dupliciter
739 1168 919 1214 possunt
953 1155 1223 1199 considerari:
1248 1170 1335 1198 uno
1360 1154 1495 1197 modo

70 1228 307 1272 secundum
344 1245 406 1282 se,
441 1227 523 1271 alio
557 1226 693 1270 modo
726 1226 965 1270 secundum
1005 1225 1122 1284 quod
1160 1226 1376 1269 subiacent
1414 1227 1495 1268 im-

70 1301 190 1359 perio
224 1301 401 1344 rationis
435 1311 476 1343 et
517 1298 765 1342 voluntatis.
799 1323 856 1331 —
890 1299 933 1342 Si
981 1299 1115 1355 igitur
1162 1297 1401 1340 secundum
1450 1313 1494 1340 se

69 1371 410 1426 considerentur,
446 1383 577 1429 prout
611 1371 769 1414 scilicet
801 1383 900 1413 sunt
936 1381 1080 1412 motus
1113 1369 1288 1426 quidam
1321 1369 1499 1411 irratio—-

68 1443 175 1487 nalis
209 1444 443 1502 appetitus,
477 1443 537 1485 sic
571 1458 659 1485 non
693 1455 756 1485 est
803 1443 846 1485 in
895 1442 955 1484 eis
1003 1440 1169 1484 bonum
1218 1440 1283 1483 vel
1332 1440 1493 1483 malum

67 1515 246 1569 morale,
272 1513 389 1573 quod
416 1512 630 1572 dependet
656 1529 677 1556 a
700 1513 880 1565 ratione,
901 1524 947 1555 ut
969 1528 1096 1570 supra
1130 1512 1293 1555 dictum
1326 1524 1388 1555 est
1406 1511 1492 1570 (4).

72 1612 125 1617 —
161 1586 207 1629 Si
242 1597 386 1629 autem
421 1584 744 1628 considerentur
767 1582 1005 1627 secundum
1029 1581 1146 1641 quod
1170 1582 1389 1626 subiacent
1413 1584 1494 1625 im-

167 1806 224 1852 (1)
250 1805 344 1840 Vide
372 1817 462 1853 quae
489 1805 531 1840 de
558 1805 735 1840 similibus
761 1804 959 1840 voluntatis
986 1805 1171 1839 affectibus
1198 1804 1352 1838 diximus
1380 1815 1492 1850 super.

75 1878 177 1901 uum.
203 1875 261 1909 41.
287 1878 369 1912 pag.
404 1876 477 1912 119.

164 1926 222 1972 (2)
249 1925 479 1961 Tradidimus
505 1937 585 1960 eam
612 1926 821 1971 passionum
862 1924 1108 1971 partitionem,
1140 1935 1244 1970 quam
1271 1935 1298 1958 s.
1326 1922 1491 1957 Thomas

69 1987 243 2033 assignat.
271 1987 327 2022 De
355 1986 432 2020 aliis
460 1986 669 2020 earumdem
697 1985 949 2030 partitionibus
969 2004 1012 2010 —
1034 1984 1269 2031 platonica—
1286 1983 1494 2017 aristotelica

67 2067 113 2073 --
141 2047 290 2081 tulliana
307 2066 350 2072 —-
371 2046 565 2080 cczrlesz'ana
585 2054 650 2080 etc.
671 2044 717 2079 cf.
736 2044 931 2086 solimani,
959 2043 1039 2079 Eth.
1070 2043 1139 2077 vol.
1168 2043 1196 2078 Ι.
1226 2053 1306 2088 pag.
1337 2050 1392 2083 25.
1412 2053 1490 2088 sqq.

67 2107 123 2142 De
150 2106 349 2141 cartesiana
377 2105 569 2151 partitione
597 2116 639 2139 en
670 2104 840 2138 iudicium
866 2104 1071 2145 Thomasfi,
1101 2101 1268 2136 cautelar.
1290 2113 1323 2147 p.
1339 2102 1363 2135 Ι.
1381 2112 1411 2136 c.
1437 2111 1492 2145 14.

70 2166 101 2212 §.
130 2175 196 2209 543
229 2166 335 2200 «Etsi
365 2166 543 2200 Curre-sius
572 2164 838 2197 nobilissimam
868 2163 1016 2197 Ethicae
1045 2162 1246 2196 doctrinam
1275 2161 1318 2194 de
1347 2161 1492 2206 passio-

68 2226 174 2259 nibus
192 2225 303 2259 animi
330 2236 366 2258 sc·
394 2224 660 2258 demonstrasse
680 2224 846 2268 opinatus
867 2221 978 2263 suerit,
1000 2221 1148 2255 infinitis
1175 2230 1297 2255 tamen
1326 2220 1491 2253 eamdem

69 2285 419 2320 contradictionilms
448 2283 623 2329 repletam
651 2294 728 2317 csse
757 2281 862 2316 facile
890 2282 1031 2315 ostendi
1061 2290 1228 2326 potest.»

159 2345 213 2390 (3)
241 2344 281 2378 Iu
314 2355 339 2378 Ι.
371 2354 400 2378 2.
429 2356 459 2389 q.
491 2354 543 2385 24.
572 2356 603 2378 a.
640 2353 664 2377 1.
698 2344 735 2376 ln
764 2355 855 2387 resp.
888 2343 930 2376 ad
966 2350 1012 2375 1.''¹
1041 2343 1099 2375 ait:
1134 2355 1150 2372 «
1182 2341 1275 2374 Istae
1308 2340 1492 2385 passiones

66 2404 244 2440 secundum
269 2416 300 2439 se
328 2404 559 2439 cons-[darom
586 2412 665 2437 sunt
696 2414 909 2437 coii‘iinziziss
947 2402 1158 2435 hominibus
1202 2410 1234 2436 et
1278 2400 1492 2435 animalibus

67 2463 162 2499 aliis:
193 2474 226 2499 et
254 2465 403 2510 proinde
434 2465 480 2497 sic
511 2464 695 2508 inspectae
722 2474 785 2496 nec
815 2464 929 2495 lma-ie
957 2471 1037 2496 sunt
1067 2473 1130 2495 nec
1174 2461 1303 2501 malae,
1335 2460 1394 2494 scd
1438 2470 1491 2493 sc-

68 2523 211 2558 cundum
238 2523 323 2570 qnod
350 2535 370 2556 <L
398 2525 528 2556 rationo
549 2523 760 2568 {anper-‹mlm-
776 2531 856 2555 sunt
874 2521 1038 2566 propria-.-
1054 2520 1266 2553 bominibus
1289 2535 1317 2552 ».

164 2583 221 2628 (4)
251 2585 287 2617 In
320 2595 348 2618 1.
381 2593 409 2617 2.
439 2594 471 2629 q.
509 2592 559 2627 19.
587 2594 617 2615 a.
653 2591 682 2624 3.
