1734 2784
805 106 1038 162 „93-

327 205 375 246 ΙΙ.
415 203 642 257 szeritm·
674 203 843 260 quinum
877 203 926 244 51'!
963 200 1104 243 modus
1134 200 1420 257 promerendae
1463 199 1637 243 beatitu-

211 276 333 327 dinis,
369 291 434 317 seu
470 274 566 332 quid
598 275 669 316 lmc
714 274 752 315 ill
788 274 873 315 vim
908 271 1060 329 agendo
1096 271 1209 314 illam
1256 271 1368 314 nobis
1416 279 1634 329 compara-

211 348 340 389 lu'mns
376 348 413 388 in
450 345 728 402 -ῑ·ῐ1ιῑ]ἰιίι[)ἰῑ.
754 344 904 386 Paucis
940 343 1045 386 lianc
1068 342 1243 385 alteram
1276 342 1446 386 theseos
1470 354 1635 401 partem

215 417 500 460 absolvemus.

333 490 388 532 Ut
423 488 547 546 paulo
572 501 664 530 ante
688 486 946 543 dicebamus,
971 485 1125 528 dantur
1159 485 1308 543 procui
1333 484 1462 529 dubio
1494 486 1637 529 actio-

216 576 306 613 nes,
333 575 511 617 quarum
550 560 812 616 positionem
836 557 899 600 vel
924 559 1207 600 omissionem
1242 558 1359 600 Deus
1385 556 1431 600 ab
1457 556 1634 600 homine

215 632 348 687 exigit
382 646 459 687 pro
510 629 715 672 felicitatis
760 629 1041 671 assecutione.
1092 627 1227 681 Quod
1276 627 1389 670 idem
1440 627 1633 686 profecto

216 716 277 744 est
311 718 354 744 ac
389 701 623 753 affirmare,
658 700 797 757 Iegem
833 700 1008 742 existere
1043 716 1063 742 a
1098 700 1191 742 Deo
1226 698 1367 756 latam,
1391 698 1489 742 alias
1514 715 1636 757 prae-

217 773 443 829 cipienten]
478 772 687 823 actiones,
713 782 925 813 vetantem
950 769 1063 826 alias,
1087 771 1206 812 cuius
1230 769 1334 826 Iegis
1358 769 1550 813 custodia
1573 782 1636 813 est

218 843 381 885 homini
418 842 606 885 medium
632 843 897 884 necessm‘iltm
920 841 1049 884 simui
1073 853 1111 883 et
1135 841 1330 898 sufficiens
1354 841 1404 884 ad
1428 841 1636 900 perfectae

218 914 426 957 felicitatis
461 916 693 956 terminum
741 913 1052 970 attingendum.
1090 913 1151 955 En
1201 913 1329 969 igitur
1375 914 1468 966 via,
1504 929 1636 970 eaque

220 998 343 1040 recta,
377 1001 425 1027 en
461 984 632 1041 modus,
666 985 785 1042 isque
821 985 986 1036 unicus,
1012 983 1319 1041 promerendae
1350 983 1635 1038 beatitudinis,

219 1057 518 1100 mandatorum
555 1057 637 1099 Dei
671 1072 744 1098 seu
778 1054 883 1111 legis
928 1055 1092 1098 divinae
1140 1055 1398 1108 observatio,
1434 1056 1550 1098 iuxta
1583 1055 1637 1098 il-

220 1128 292 1171 lud
326 1127 409 1186 (1):
452 1146 470 1168 «
494 1128 539 1171 Si
572 1128 635 1169 vis
669 1126 719 1170 ad
754 1128 881 1169 vitam
918 1126 1101 1183 ingredi,
1138 1142 1256 1169 serva
1291 1127 1549 1171 mandata».

338 1202 394 1242 At
428 1214 633 1256 quaenam
667 1212 706 1242 et
739 1198 872 1256 qualis
906 1211 967 1241 est
1003 1198 1103 1241 haec
1151 1198 1250 1242 lex?
1300 1214 1436 1241 unane
1484 1211 1546 1242 est
1584 1214 1635 1241 an

222 1270 478 1328 multiplex?
513 1269 737 1328 quomodo
786 1270 919 1312 menti
969 1269 1177 1312 humanae
1217 1270 1477 1312 innotescit?
1525 1269 1637 1312 unde

224 1342 417 1398 obligat?
452 1356 658 1399 quasnam
693 1342 733 1383 in
767 1341 907 1398 specie
951 1341 1137 1383 actiones
1172 1342 1398 1398 praecipit?
1432 1356 1636 1398 quasnam

220 1415 366 1457 vetat?
402 1415 517 1456 Haec
550 1413 707 1455 scilicet
741 1412 883 1455 omnia
917 1413 958 1454 in
1006 1411 1245 1469 particulari
1293 1411 1533 1469 ostendere,
1567 1427 1635 1454 ar-

220 1498 477 1542 gumentum
532 1485 609 1526 erit
657 1496 696 1526 et
744 1484 919 1526 materia
961 1484 1233 1539 sequentium
1283 1483 1636 1540 disputationum.

220 1559 302 1600 Eae
334 1571 504 1613 nempe,
538 1555 907 1613 quemadmodum
943 1556 1067 1598 huius
1103 1556 1248 1612 capitis
1282 1556 1406 1598 initio
1436 1555 1638 1599 moneba-

220 1644 331 1680 mus,
367 1627 449 1669 huc
481 1626 653 1669 tandem
688 1642 837 1669 omnes
881 1639 1090 1684 spectant,
1140 1640 1186 1669 ut
1232 1626 1414 1670 modum
1458 1626 1636 1670 doceant

219 1698 349 1741 finem
399 1697 599 1740 ultimum
648 1697 963 1756 perfectamque
1015 1697 1257 1741 beatitatem
1307 1698 1429 1756 plene
1480 1714 1634 1742 conse-

220 1770 392 1827 quendi,
427 1770 499 1825 qui
534 1767 688 1811 modus
723 1769 764 1810 in
797 1768 902 1825 legis
936 1769 1017 1811 Dei
1051 1768 1258 1822 custodia,
1308 1769 1433 1811 sicuti
1472 1767 1635 1812 dictum

219 1853 300 1892 est,
338 1841 545 1882 consistit.

339 1925 403 1966 32.
442 1913 690 1955 SCHOMON.
713 1912 860 1954 Finem
885 1910 982 1953 huic
1007 1911 1123 1953 alteri
1148 1910 1325 1953 articulo
1358 1912 1634 1969 imponemus

221 1984 322 2026 duas
368 1983 465 2025 alias
509 1984 780 2040 quaestiones
825 1982 1007 2025 breviter
1040 1998 1137 2024 cum
1173 1983 1373 2025 Suaresio
1411 1981 1633 2026 solvendo.

336 2055 366 2097 I.
403 2055 524 2096 Prior
558 2055 750 2111 quaestio
786 2053 867 2096 huc
915 2053 1044 2096 redit:
1081 2066 1227 2096 utrum
1271 2053 1399 2096 etiam
1445 2069 1560 2096 nunc
1592 2054 1635 2096 in

217 2125 523 2183 supernaturali
548 2125 696 2167 ordine
721 2125 869 2167 habeat
892 2125 1026 2167 homo
1050 2124 1355 2167 beatitudinem
1379 2124 1485 2167 hanc
1507 2136 1634 2167 natu-

216 2197 362 2253 ralem,
395 2211 522 2253 quam
557 2196 779 2253 praecipue
812 2211 905 2248 nos,
940 2208 984 2238 ut
1019 2195 1303 2252 philosophos
1338 2194 1471 2252 decet,
1497 2196 1635 2239 consi-

215 2268 470 2311 deravimus.
495 2292 555 2298 —
587 2266 833 2324 Respondet
868 2268 1025 2310 Suarez
1043 2266 1128 2325 (2),
1155 2265 1304 2309 «aliud
1330 2281 1422 2309 esse
1445 2266 1563 2324 loqui
1587 2265 1632 2309 de

214 2356 271 2393 re,
306 2339 417 2383 aliud
440 2339 484 2382 de
508 2340 678 2381 numine.
707 2339 818 2381 Nam
843 2337 960 2394 quod
983 2337 1037 2380 czu'
1059 2354 1141 2381 rem
1175 2339 1335 2395 attinet,
1369 2353 1456 2380 non
1489 2350 1632 2395 potest

309 2517 365 2560 (1)
396 2517 520 2551 Matth.
550 2518 646 2552 XIX.
680 2529 728 2562 17.

307 2577 363 2619 (2)
392 2576 445 2609 De
473 2576 542 2611 fine
571 2576 630 2611 ult.
659 2577 747 2622 disp.
778 2578 837 2611 [V.
866 2587 950 2612 sect.
980 2578 1037 2611 III.
1066 2589 1166 2612 num.
1195 2588 1227 2621 4.
