1734 2784
114 213 256 270 geniis
305 214 602 271 excogitatam,
650 229 727 258 nec
774 216 932 258 scitum
980 214 1156 274 aliquod
1207 232 1300 260 esse
1351 217 1546 276 populo-

115 299 236 337 rum,
270 283 345 327 sed
376 298 596 328 aeternum
629 284 849 343 quiddam,
883 285 1001 344 quod
1035 287 1285 330 universum
1330 288 1549 332 mundum

114 366 285 412 regeret
315 355 554 413 imperandi
587 356 930 415 prohibendique
963 358 1180 415 sapientia.
1219 359 1280 402 Ita
1302 360 1544 418 principem

120 426 262 483 legem
295 426 407 470 illam
452 439 492 470 et
526 427 722 470 ultimam
771 441 962 472 mentem
1002 444 1093 472 esse
1143 428 1350 484 dicebant,
1400 432 1547 475 omnia

123 499 285 540 ratione
319 510 390 540 aut
422 499 616 555 cogentis
651 511 723 542 aut
755 500 938 542 vetantis
975 500 1070 543 Dei.
1104 517 1124 540 »
1166 501 1292 553 Quae
1324 500 1453 544 verba
1486 518 1548 545 ar-

118 581 331 626 gumento
386 569 617 626 praeclaro,
669 570 747 613 etsi
798 571 1053 625 extrinseco,
1110 571 1365 615 confirmant
1417 572 1550 616 thesis

119 640 250 683 huius
284 641 524 685 veritatem.

644 821 811 863 THizsrs
847 821 1035 863 XXXII.

122 927 211 970 Lex
242 934 402 968 aelerna
437 925 537 968 nihil
568 926 684 969 alind
716 935 786 978 est,
820 941 943 984 qnam
976 928 1082 970 ratio
1116 927 1280 970 divinae
1311 928 1546 986 sapientiae,

242 997 460 1040 secundnm
492 997 599 1054 qnod
630 1006 684 1041 est
723 998 915 1041 directim
966 999 1149 1041 omnium
1191 1008 1357 1042 actuum
1389 1007 1422 1042 et
1455 1015 1546 1043 mo-

246 1077 415 1111 tzommz.

244 1165 312 1219 98.
349 1165 668 1208 DECLARATIO.
713 1165 1118 1208 Demonstravimus
1167 1166 1345 1209 existere
1378 1166 1419 1208 in
1455 1167 1550 1211 Deo

120 1234 263 1291 legem
298 1247 525 1277 aeternam.
561 1233 814 1278 Videndum
848 1250 961 1277 nunc
1002 1248 1081 1290 est,
1131 1235 1233 1294 qnid
1263 1237 1316 1279 sit
1348 1237 1414 1279 lex
1447 1237 1551 1281 haec

123 1317 306 1362 aeterna,
340 1305 459 1348 cuius
495 1305 762 1349 existentiam
786 1305 1076 1363 probavimus.
1102 1308 1271 1351 Verum
1296 1308 1403 1351 hanc
1426 1308 1550 1352 aliam

120 1378 420 1435 quaestionem
469 1377 552 1420 iam
586 1378 629 1421 in
665 1376 943 1434 praecedente
990 1378 1101 1421 thesi
1149 1379 1371 1423 solvimus
1417 1379 1552 1432 Quod

123 1448 239 1490 enim
273 1459 579 1504 argumentum
613 1447 664 1491 ad
697 1447 802 1505 legis
837 1461 1029 1492 aeternae
1063 1450 1331 1493 existentiam
1366 1449 1548 1508 proban—

124 1518 222 1562 dam
255 1518 531 1573 adduximus,
566 1519 681 1563 idem
716 1519 918 1575 ostendit,
955 1519 1059 1578 quid
1081 1521 1135 1563 sit
1158 1521 1224 1564 lex
1247 1533 1430 1565 aeterna:
1466 1535 1546 1576 est,

123 1602 172 1634 ut
204 1606 236 1634 s.
273 1590 469 1634 Thomas
501 1591 573 1650 (Ι)
606 1592 675 1645 ait,
717 1609 736 1633 ‹<
770 1592 876 1634 ratio
911 1590 1075 1636 divinae
1109 1593 1354 1650 sapientiae,
1388 1609 1550 1637 secun-

220 1811 277 1856 (1)
304 1812 344 1846 In
368 1822 396 1846 r.
424 1821 454 1846 2.
482 1823 514 1857 q.
541 1820 598 1857 93.
626 1822 655 1845 a.
689 1821 715 1845 1.
734 1811 786 1844 En
808 1810 968 1845 definitio
996 1812 1163 1854 Suaresii,
1191 1812 1234 1846 de
1261 1813 1330 1858 leg.
1359 1813 1445 1849 1.ΙΙ.
1473 1825 1502 1848 e.
1524 1825 1552 1850 1.

126 1883 161 1905 n.
178 1881 221 1916 3.:
242 1884 259 1901 «
275 1871 433 1904 Aeterna
454 1870 628 1916 quaedam
650 1870 740 1903 ratio
760 1870 915 1915 practica
932 1870 1042 1905 totius
1061 1871 1306 1916 dispositionis
1325 1881 1358 1907 et
1377 1873 1553 1919 guberna-

124 1931 235 1965 tionis
262 1930 462 1965 universi.»
494 1929 576 1964 Alio
604 1930 639 1963 in
666 1929 761 1971 loco,
790 1929 833 1963 de
860 1929 958 1975 leg.l
990 1930 1033 1964 ΙΙ.
1053 1942 1081 1964 c.
1103 1941 1133 1976 3.
1161 1943 1260 1966 num.
1279 1931 1328 1974 6.,
1350 1932 1443 1966 hanc
1469 1943 1552 1978 pro-

127 1990 230 2035 ponit
257 1988 519 2024 definitionem:
552 1989 659 2023 «Lex
687 1998 832 2022 aeterna
861 1998 912 2023 est
940 1989 1125 2025 decretum
1161 1991 1313 2025 liberum
1353 1991 1553 2027 voluntatis

127 2049 196 2083 Dei
224 2048 415 2082 statuentis
442 2047 607 2082 ordinem
635 2048 866 2088 servandum,
897 2057 956 2082 aut
984 2049 1198 2095 generaliter
1214 2051 1257 2084 ab
1284 2051 1452 2084 omnibus
1473 2062 1552 2096 par-

126 2109 221 2144 tibus
247 2107 401 2142 universi
421 2107 456 2141 in
477 2107 603 2141 ordine
635 2107 677 2140 ad
697 2118 894 2141 commune
911 2109 1064 2150 bonum,
1086 2108 1143 2144 vel
1163 2109 1371 2144 immediate
1392 2109 1443 2143 illi
1465 2121 1553 2144 con-

126 2167 273 2202 veniens
300 2167 441 2201 ratione
468 2167 575 2200 huius
602 2167 770 2208 universi,
801 2165 857 2200 vel
885 2166 1011 2202 saltem
1040 2167 1180 2202 ratione
1206 2167 1429 2215 singularum
1467 2180 1551 2214 spe-

126 2227 263 2261 cierum
291 2227 376 2268 eius,
407 2235 465 2260 aut
503 2225 706 2271 specialiter
747 2225 965 2260 servandum
997 2239 1016 2261 a
1057 2228 1228 2261 creaturis
1266 2227 1552 2272 intelligentibus

127 2284 245 2331 quoad
272 2285 400 2319 liberas
427 2286 660 2331 operationes
687 2295 819 2318 earum.
840 2300 856 2316 »
879 2286 931 2319 En
955 2285 1118 2320 definitio
1139 2286 1283 2329 Becani‚
1303 2286 1346 2320 de
1365 2286 1435 2332 leg.
1455 2298 1484 2321 c.
1505 2295 1549 2321 2.:

127 2344 269 2378 «Ratio
297 2355 414 2378 rerum
443 2344 769 2390 gubernandarum,
800 2355 909 2390 quam
936 2357 1110 2380 vocamus
1131 2346 1251 2392 legem
1279 2355 1476 2389 aeternam,
1500 2347 1553 2380 ni-

127 2404 178 2438 hil
203 2403 300 2439 aliud
329 2413 394 2445 est,
425 2415 533 2450 quam
561 2412 760 2449 conceptus
788 2404 933 2439 divinae
960 2406 1102 2448 mentis,
1131 2417 1202 2452 quo
1237 2406 1396 2451 concipit
1434 2414 1468 2439 et
1497 2406 1551 2439 iu·

128 2463 235 2505 dicat,
262 2463 447 2510 quomodo
475 2474 707 2509 unaquaeque
734 2472 895 2498 creatura
923 2464 1048 2499 debeat
1076 2476 1157 2500 suas
1197 2464 1401 2500 functiones
1429 2465 1549 2508 obire,

128 2522 298 2558 adiuncta
325 2523 431 2557 simul
462 2523 647 2558 voluntate
674 2534 754 2557 eam
781 2523 966 2570 obligandi
992 2524 1049 2559 vel
1077 2524 1309 2571 imprimendi
1339 2524 1554 2560 inclinatio-

131 2593 215 2616 nem
243 2582 286 2616 ad
312 2594 413 2617 suam
442 2583 606 2630 regulam
635 2582 896 2618 servandam.»
