1734 2784
721 113 954 165 -75-

124 207 251 258 Quae
285 207 427 247 onmia
462 221 492 248 s,
520 205 717 248 Thomas
741 205 811 263 (1)
837 205 1015 247 illustrat
1040 204 1237 261 exemplo
1264 205 1313 247 de
1337 205 1546 258 desiderio,

120 291 258 318 anwre
291 292 335 318 ac
368 275 621 318 delectatione
655 277 947 332 pecuniarum.
975 277 1088 319 Nam
1124 277 1195 333 qui
1231 275 1437 319 desiderat
1471 292 1549 334 pe·-

125 348 285 402 cunias,
319 362 404 388 non
441 346 629 402 possidet
665 346 778 402 illas>
813 347 908 403 quia
957 359 1058 388 tunc
1102 347 1184 388 iam
1230 346 1412 404 amplius
1461 361 1549 390 non

125 431 371 474 quaereret:
411 433 485 459 nec
520 419 589 474 qui
625 430 751 473 amat,
786 418 883 473 quia
918 432 1039 460 amor
1072 429 1133 460 est
1167 418 1285 474 prior
1319 417 1549 461 desiderio:

127 504 204 530 nec
229 504 301 546 per
325 488 646 531 delectationem
674 488 946 545 possidentur
969 489 1186 546 pecuniae,
1209 490 1307 547 quia
1327 488 1548 532 delectatio

128 575 330 616 supponit
367 561 563 616 pecunias
600 561 681 601 iam
718 558 890 602 liabitas.

249 632 360 673 Huic
395 644 649 687 argumento
685 633 727 684 ii,
762 633 831 688 qui
869 633 966 674 alias
1000 643 1174 675 tuentur
1206 632 1452 689 sententias,
1480 646 1551 674 re-

129 715 308 758 ponunt,
342 702 546 758 gaudium
581 718 823 759 supponere
857 702 1033 760 quidem
1081 704 1430 745 coniunctionem
1478 702 1549 744 in-

123 770 379 828 telligentiae
414 788 510 814 cum
547 774 669 825 Deo,
705 773 777 816 sed
811 774 868 815 ita
914 786 958 816 ut
1008 774 1150 831 ipsum
1185 773 1390 831 gaudium
1426 773 1550 817 altera

128 843 197 898 sit,
230 859 360 900 eaque
396 845 544 896 maior,
581 859 677 886 cum
715 845 810 887 Deo
844 845 1108 888 coniunctio.
1144 847 1310 888 Verum
1360 846 1402 887 in
1449 861 1551 888 sen-

128 915 259 956 tentia
294 931 325 957 s,
363 914 564 957 Thomae
599 915 951 973 respondendnm
975 929 1051 974 est,
1076 916 1289 974 duplicem
1314 932 1404 960 esse
1428 917 1551 960 unio-

130 1001 247 1038 nem,
283 1001 411 1027 unam
446 986 664 1028 secundnm
698 1002 779 1029 rem
813 1003 885 1029 seu
922 988 1208 1044 possessivant
1233 1000 1272 1030 et
1301 981 1568 1041 effectivam,-

131 1055 251 1098 aliam
287 1056 504 1098 secundum
538 1056 727 1114 affectam
760 1074 833 1100 seu
869 1058 1115 1102 affectivam.
1146 1061 1277 1101 Actus
1312 1058 1552 1102 intellectus

130 1139 192 1169 est
217 1127 454 1183 formaliter
488 1130 590 1170 unio
624 1129 862 1172 secundum
915 1146 1019 1187 rem,
1053 1144 1168 1173 actus
1204 1143 1343 1173 autem
1393 1129 1552 1173 volun-

128 1199 221 1240 tatis
247 1211 309 1241 est
332 1199 571 1256 formaliter
599 1201 700 1243 unio
728 1200 934 1259 affectiva,
961 1214 1000 1244 et
1024 1202 1192 1244 nonnisi
1218 1201 1426 1259 efficienter
1449 1202 1553 1244 unio

127 1268 303 1327 qffi²ct13va
336 1269 418 1327 (2).
456 1271 544 1312 Iam
579 1273 761 1315 essentia
795 1271 1066 1315 beatitudinis
1115 1271 1304 1315 formalis
1354 1287 1441 1315 non
1490 1285 1553 1315 est

128 1340 372 1397 reponenda
407 1342 447 1383 in
482 1341 552 1384 illo
587 1356 694 1396 actu,
729 1345 800 1400 qui
834 1342 1137 1386 tantummodo
1172 1343 1409 1386 secundum
1443 1342 1551 1386 affe—

128 1422 246 1453 ctum
280 1411 501 1455 hominem
527 1429 624 1456 cum
648 1430 726 1457 suo
750 1413 833 1457 fine
857 1415 1010 1457 ultimo
1044 1415 1280 1472 coniungit,
1312 1413 1385 1457 sed
1406 1414 1452 1474 in
1477 1413 1552 1456 illo

129 1496 238 1539 actu,
273 1485 342 1541 qui
377 1484 611 1528 formaliter
644 1486 865 1528 hominem
902 1502 998 1528 cum
1035 1487 1130 1529 Deo
1163 1487 1255 1528 unit
1287 1484 1477 1528 effective
1512 1496 1553 1528 et

129 1555 365 1597 secundum
401 1571 504 1598 rem.
540 1558 654 1613 Ergo
703 1558 884 1600 essentia
925 1557 1198 1600 beatitudinis
1249 1556 1440 1599 fosnmlis
1490 1568 1553 1600 est

127 1627 371 1683 reponenda
405 1628 446 1670 in
479 1640 572 1670 actu
608 1628 924 1685 intelligentiae,
959 1643 1045 1671 non
1080 1640 1220 1670 autem
1266 1628 1308 1669 in
1341 1639 1433 1670 actu
1469 1643 1548 1670 vo-

135 1698 320 1741 luntatis.

249 1770 638 1827 Animadvertatur,
672 1771 965 1815 S.Tl10mam
1000 1770 1189 1828 aliosque
1215 1782 1409 1812 auctores
1434 1769 1552 1826 loqui

130 1856 326 1897 expresse
360 1841 410 1884 de
438 1841 696 1885 beatitudine
730 1843 1043 1901 supernaturali.
1097 1843 1291 1885 Iamvero
1327 1842 1367 1883 in
1417 1840 1555 1884 beati-

130 1911 277 1954 tudine
312 1913 618 1969 supernaturali
652 1915 844 1967 cognitio
878 1912 1064 1956 beatifica
1109 1925 1171 1956 est
1218 1913 1318 1955 visio
1363 1911 1555 1954 intuiti-va

131 1984 263 2040 ipsius=
298 1985 392 2028 Dei:
428 1985 578 2027 intueri
613 1999 755 2028 autem
791 1987 934 2028 Deum
974 1998 1036 2028 est
1060 1986 1202 2043 ipsum
1236 1982 1456 2041 possidere
1479 1998 1554 2025 seu

132 2055 315 2112 arripere
350 2055 701 2101 intellectualiter.
736 2059 782 2100 In
830 2057 1007 2099 naturali
1057 2069 1198 2099 autem
1244 2054 1436 2097 felicitate
1485 2069 1556 2097 co-

227 2274 283 2318 (1)
311 2275 350 2308 In
384 2286 410 2309 1.
439 2284 470 2309 2.
499 2288 529 2322 q.
560 2287 587 2320 3.
617 2288 634 2309 a
674 2286 708 2318 4.

227 2334 283 2378 (2)
312 2335 350 2368 In
384 2346 411 2369 1.
439 2344 470 2370 2.
500 2347 529 2381 q.
560 2336 614 2370 28.
642 2348 671 2370 a.
706 2347 730 2370 1.
759 2335 815 2371 Cf.
843 2336 979 2377 Prisco,
1012 2334 1152 2380 Metafis.
1183 2333 1270 2369 della
1291 2334 1381 2368 Mor.
1409 2341 1508 2379 parte
1529 2332 1556 2366 Ι.

130 2391 192 2427 lez,
226 2402 255 2435 3.
285 2406 382 2429 num.
412 2404 462 2438 35.
490 2397 640 2432 Dantes,
668 2397 743 2430 Par.
771 2395 948 2436 XXVIII„
975 2395 1063 2428 haec
1089 2394 1207 2429 habet:

419 2479 552 2520 Quinci
582 2480 610 2512 si
637 2481 708 2523 puo
738 2479 854 2519 veder‚
882 2489 987 2512 corne
1015 2479 1041 2511 si
1069 2477 1176 2512 fonda

512 2525 653 2560 L'esser
681 2527 784 2559 beato
813 2525 973 2560 nell'atto
1003 2525 1067 2559 che
1093 2525 1193 2561 vede.

515 2574 596 2607 Non
628 2574 661 2606 in
692 2573 771 2618 quel
799 2572 963 2615 ch'ama‚
992 2572 1056 2607 che
1082 2572 1203 2617 poscia
1231 2570 1400 2606 seconda.

1694 0 1734 227 l

1715 229 1734 264 ξε

1720 305 1730 315 ἢ
