1734 2784
797 109 1062 162 *195-

219 199 405 256 inspecta
439 214 536 241 cum
571 199 720 243 ordine
754 201 932 243 naturali
969 201 1210 245 conferatur
1253 203 1304 246 ad
1350 203 1639 262 detegendum

219 283 361 312 utrum
380 270 603 326 specialem
625 271 970 315 conformitatem
994 273 1057 316 vel
1076 274 1397 331 oppositionem
1417 275 1468 318 ad
1490 277 1638 334 ipsum

218 341 378 384 habeat.
414 341 496 385 Sed
529 343 612 385 iam
646 342 695 385 ad
732 342 855 385 aliam
890 344 1112 386 veniamus
1145 345 1457 402 quaestionem.

709 509 1052 553 ARTICULUS
1087 511 1140 553 V.

549 605 619 646 De
651 605 941 647 extensione
981 606 1295 649 moralitatIS.

733 769 898 812 TnEsis
938 771 1101 814 XXIV.

209 864 351 908 Plures
383 865 583 907 hnmanae
616 866 807 918 actiones,
852 867 887 909 si
919 866 1199 909 tantummodo
1247 867 1465 910 secundnm
1506 882 1628 910 suant

323 936 481 992 speciem,
513 950 580 977 seu
615 937 658 977 in.
687 935 886 979 abslracto
921 936 1232 993 considerentur,
1265 945 1361 979 sunt
1394 938 1435 979 in
1467 938 1629 980 ratione

322 1006 567 1049 moralitatis
601 1005 885 1063 indifferentes.

322 1151 389 1193 73.
425 1138 788 1180 PRAENOTIONES.
824 1139 921 1181 Hoc
954 1139 996 1180 in
1030 1137 1207 1181 articulo
1240 1139 1496 1196 inquirimus
1529 1138 1623 1197 (Ι),

201 1220 345 1251 utrum
379 1208 532 1251 divisio
564 1209 783 1252 actionum
823 1209 1109 1252 humanarum
1158 1210 1201 1252 in
1243 1209 1373 1252 bonas
1415 1222 1455 1252 et
1488 1209 1622 1252 malas

199 1280 254 1322 sit
284 1279 438 1322 divisio
470 1279 720 1338 adaequata,
756 1296 807 1323 an
839 1296 942 1324 vero
991 1280 1128 1338 aliqua
1177 1280 1299 1323 detur
1347 1281 1471 1335 actio,
1512 1296 1619 1338 quae

196 1367 275 1394 nec
306 1352 360 1394 sit
395 1351 614 1394 moraliter
657 1351 852 1408 honesta,
900 1368 977 1394 nec
1026 1353 1079 1394 sit
1114 1351 1342 1394 inhonesta
1384 1351 1622 1405 moraliter,

196 1421 269 1465 sed
303 1422 345 1463 in
377 1437 533 1478 genere
567 1437 742 1465 morum
776 1423 831 1465 sit
863 1421 1138 1475 indifferens,
1174 1438 1247 1466 seu
1283 1423 1428 1480 quavis
1478 1422 1622 1466 forma*

197 1493 445 1537 moralitatis
480 1493 750 1538 destituatur.

312 1565 513 1622 Inprimis
548 1565 775 1608 recolenda
799 1565 866 1608 hic
888 1579 950 1608 est
985 1566 1218 1619 distinctio,
1253 1581 1381 1623 quam
1415 1566 1614 1624 superius

192 1635 460 1689 tradidimus,
486 1637 594 1679 inter
617 1638 801 1679 actiones
832 1636 903 1695 (2)
926 1638 1100 1680 hominis
1124 1650 1164 1680 et
1186 1638 1372 1679 actiones
1395 1638 1614 1681 humanas.

192 1709 274 1751 Hic
307 1721 463 1762 autem,
498 1720 544 1751 ut
575 1721 702 1766 patet,
736 1709 930 1766 quaestio
965 1724 1052 1752 non
1086 1721 1147 1751 est
1181 1708 1231 1751 de
1265 1707 1502 1751 actionibus
1529 1708 1608 1752 ho-

190 1780 315 1822 minis
349 1780 434 1838 (3),
469 1794 574 1838 quae
608 1779 830 1823 manifeste
864 1793 980 1824 extra
1002 1796 1136 1837 genus
1161 1779 1391 1822 moralium
1430 1792 1607 1822 actuum

281 1973 338 2018 (1)
365 1973 400 2007 S.
417 1974 667 2007 Bonaventura
709 1973 756 2008 ita
790 1982 923 2008 statum
956 1974 1176 2020 quaestionis
1208 1975 1390 2020 proponit,
1428 1974 1470 2008 II.
1515 1981 1609 2008 sent.

185 2033 264 2068 dist.
279 2032 372 2067 XLI.
399 2041 462 2066 art.
496 2043 521 2066 1.
549 2041 682 2078 quaest.
710 2033 783 2067 HL:
819 2047 836 2063 «
855 2042 975 2067 utrum
1003 2033 1129 2067 divisio
1156 2033 1311 2067 actionis
1336 2032 1517 2066 humanae
1542 2043 1607 2077 per

182 2093 316 2126 bonam
336 2101 369 2125 et
388 2090 521 2125 malam
548 2092 592 2126 sit
619 2103 680 2137 per
709 2091 924 2126 differentias
951 2092 1190 2134 immediatas,
1218 2104 1263 2126 an
1281 2103 1366 2126 vero
1394 2091 1441 2125 sii,
1464 2101 1607 2137 ponere

182 2150 420 2185 differentiam
447 2151 601 2192 tertiam,
627 2150 795 2185 videlicet
822 2151 1005 2186 actionem
1033 2150 1348 2185 indifferentem.»

278 2210 334 2254 (2)
358 2209 450 2244 Vide
477 2221 577 2244 num.
607 2210 663 2254 38.
694 2222 774 2256 pag.
806 2210 881 2245 108.

275 2268 332 2313 (3)
360 2267 417 2302 Ad
459 2280 534 2302 rem
572 2279 599 2302 s.
626 2268 802 2310 Thomas,
837 2279 863 2303 1.
891 2279 923 2303 2.
973 2281 1005 2315 q.
1035 2268 1088 2304 18.
1126 2281 1157 2304 a.
1197 2278 1243 2314 9.:
1277 2282 1293 2299 «
1322 2268 1358 2303 Si
1384 2276 1484 2303 actus
1521 2278 1601 2302 non

178 2327 348 2372 procedat
375 2339 394 2361 a
420 2328 558 2362 ratione
585 2327 830 2370 deliberativa,
858 2327 920 2362 sed
947 2339 990 2362 ex
1015 2327 1169 2374 quadam
1205 2327 1461 2373 imaginatione
1487 2327 1591 2372 (sicut

176 2397 258 2419 cum
285 2387 412 2433 aliquis
438 2386 539 2421 fricat
564 2388 725 2429 barbam,
745 2386 801 2422 vel
821 2395 944 2421 movet
964 2398 1113 2421 manum
1131 2396 1191 2421 aut
1210 2386 1372 2432 pedem),
1392 2384 1475 2421 talis
1493 2393 1601 2419 actus

175 2456 250 2479 non
277 2454 329 2479 est
356 2447 498 2491 proprie
525 2446 707 2493 loquendo
735 2446 882 2481 moralis
921 2446 978 2480 vel
1017 2446 1204 2488 honestus,
1236 2457 1319 2480 cum
1358 2444 1428 2479 hoc
1463 2444 1598 2478 habeat

174 2511 274 2537 actus
300 2515 319 2537 a
345 2505 493 2539 ratione:
523 2513 557 2539 et
584 2506 634 2539 sic
660 2506 726 2539 erit
751 2504 973 2547 indifferens,
1002 2506 1102 2551 quasi
1127 2513 1226 2540 extra
1253 2514 1365 2551 genus
1399 2501 1594 2538 moralium

173 2571 318 2597 actuum
346 2564 512 2599 existens.
532 2578 550 2595 »

1693 2696 1719 2784 οἵῳ-η,
1715 2671 1719 2675 .
