1734 2784
694 116 957 159 —227—

106 197 272 256 aliquid
301 199 348 241 in
378 197 544 256 bonum
577 198 644 242 vel
696 197 860 242 malum
895 197 1069 253 alicuius
1116 197 1160 240 in
1193 198 1395 254 societate
1441 202 1535 248 exi-

106 271 279 328 mentis,
311 269 396 313 hoc
427 269 635 313 redundat
667 271 709 312 in
754 281 890 312 totam
924 269 1186 327 societatem,
1208 270 1318 313 sicut
1349 272 1421 329 qui
1454 271 1537 328 lae-

105 341 175 384 *dit
205 356 402 394 manum,
437 356 512 398 per
545 355 821 398 consequens
854 340 981 384 laedit
1012 339 1250 385 hominem.
1286 342 1399 386 Cum
1433 358 1537 400 ergo

106 411 266 469 :aliquis
299 412 386 468 agit
418 411 461 453 in
493 409 659 453 bonum
694 410 759 453 vel
797 410 966 469 malum*
982 410 1153 454 alterius
1178 412 1412 468 singularis
1444 429 1538 470 per-

106 498 258 540 sonae,
291 482 401 526 cadit
433 482 490 525 ibi
524 482 736 540 dupliciter
770 483 878 525 ratio
915 483 1055 525 meriti
1087 482 1156 526 vel
1192 482 1399 528 demeriti.
1434 485 1537 528 Uno

118 554 270 608 modo,
304 553 543 598 secundum
577 553 694 611 quod
729 552 908 597 debetur
942 555 979 596 ei
1013 554 1236 597 retributio
1275 571 1296 598 a
1329 556 1539 613 singulari

110 641 311 685 persona,
344 641 472 683 quam
506 625 621 667 iuvat
654 624 720 666 vel
758 624 948 668 offendit:
996 624 1077 668 alio
1112 625 1262 682 modo,
1299 625 1537 670 secundum

111 697 236 756 quod
269 696 445 741 debetur
478 697 515 739 ei
548 695 775 739 retributio
811 712 832 738 a
866 709 958 739 toto
987 696 1181 753 collegio.
1211 696 1401 750 Quando
1434 713 1538 741 vero

117 769 268 826 aliquis
302 767 470 811 ordinat
503 779 645 810 actum
668 783 797 810 suum
830 767 987 810 directe
1011 768 1053 809 in
1076 766 1239 810 bonum
1271 767 1337 811 vel
1371 768 1532 811 malum

118 841 249 883 totius
284 839 466 896 collegii,
501 838 678 881 debetur
727 839 764 881 ei
815 838 1055 894 retributio,
1089 840 1230 897 primo
1279 839 1452 897 quidem
1499 852 1541 884 et

113 910 403 970 ‘principaliter
437 925 458 952 a
491 922 583 952 toto
619 908 815 965 collegio,
851 909 1103 952 secundario
1138 925 1241 952 vero
1265 909 1313 952 ab
1337 910 1540 954 omnibus

112 982 288 1039 collegii
323 981 547 1039 partibus»
588 980 912 1039 (1).—-Neque
946 997 991 1023 ea
1031 993 1128 1023 sunt
1152 981 1541 1039 praetermittenda,

115 1070 229 1112 quae
262 1054 406 1096 statim
440 1051 568 1096 addit:
610 1053 762 1096 «Cum
797 1067 897 1095 vero
932 1051 1081 1109 aliquis
1116 1054 1215 1109 agit,
1241 1052 1357 1110 quod
1390 1054 1433 1095 in
1466 1053 1542 1097 bo-

120 1142 227 1169 num
263 1125 488 1182 proprium
521 1124 588 1167 vel
626 1123 787 1166 malum
822 1126 971 1180 vergit,
1006 1125 1132 1167 etiam
1181 1124 1356 1168 debetur
1388 1127 1426 1168 ei
1468 1141 1540 1169 re-

120 1196 312 1251 tributio,
346 1196 603 1252 inquantum
637 1195 764 1237 etiam
810 1195 891 1237 hoc
924 1196 1061 1251 vergit
1096 1196 1137 1237 in
1187 1211 1435 1250 commune,
1468 1212 1541 1239 se-

115 1268 312 1311 cundum
346 1266 463 1324 quod
498 1268 588 1324 ipse
623 1280 685 1309 est
721 1283 815 1324 pars
862 1266 1043 1323 collegii:
1077 1267 1174 1309 licet
1207 1283 1295 1310 non
1344 1267 1544 1311 debeatur

113 1340 159 1382 >ei
193 1338 432 1394 retributio,
466 1339 509 1380 in
543 1351 751 1395 quantum
786 1350 848 1381 est
883 1338 1045 1381 bonum
1081 1338 1145 1381 vel
1179 1338 1339 1381 malum
1387 1339 1542 1396 singu-

113 1411 219 1454 laris
254 1425 474 1469 personae,
500 1425 606 1467 quae
642 1422 703 1452 est
737 1409 883 1452 eadem
921 1411 1075 1468 agenti,
1102 1410 1181 1451 nisi
1208 1408 1318 1452 forte
1342 1425 1363 1452 a
1387 1411 1544 1467 seipso,

114 1480 360 1525 ,secundum
395 1480 625 1538 quamdam
664 1480 1007 1533 similitudinem,
1036 1493 1165 1538 prout
1188 1493 1252 1523 est
1284 1481 1442 1523 iustitia
1466 1480 1543 1523 ho-

121 1555 252 1597 minis
286 1552 336 1596 ad
369 1553 597 1610 seipsum»
637 1553 722 1611 (2)

222 1787 278 1831 (1)
306 1785 364 1821 Ad
390 1797 466 1820 rem
494 1784 689 1830 Taparelli,
721 1784 785 1817 loc.
816 1783 870 1817 cit.
898 1794 996 1816 uum.
1030 1793 1115 1827 13¹·³
1148 1782 1206 1815 «ΙΙ
1234 1783 1364 1817 merito
1393 1794 1411 1816 e
1440 1783 1462 1817 il
1489 1782 1549 1817 de-

120 1846 261 1881 merito
289 1856 451 1891 possono
478 1845 718 1879 ἅὶνείίαηιεηίι1
748 1842 952 1887 riguardare
978 1853 999 1875 o
1028 1842 1239 1876 l'individuo
1268 1854 1289 1875 o
1326 1842 1358 1876 la
1397 1842 1548 1882 socicti1,

127 1907 160 1941 al
187 1907 242 1941 cui
269 1907 463 1952 vantaggio
492 1904 642 1939 l’azione
672 1906 690 1938 'e
721 1903 859 1937 diretta:
888 1903 1064 1937 entrambi
1092 1913 1154 1947 per
1180 1902 1271 1937 altro
1298 1914 1389 1937 sono
1408 1914 1550 1948 sempre

120 1966 303 2012 ›obbligati
331 1977 349 1999 a
378 1965 433 1999 chi
461 1966 530 1999 ben
558 1963 604 2007 fa,
635 1975 707 1997 uon
741 1962 933 2008 poteudosi
959 1973 1107 2007 operare
1128 1962 1379 1996 direttamente
1405 1961 1440 1995 in
1459 1963 1551 1996 bene

121 2024 401 2060 dell’individuo
430 2036 534 2059 senza
562 2023 768 2068 vantaggio
797 2021 890 2056 della
918 2022 1064 2063 sociem,
1094 2022 1138 2055 ne
1164 2024 1199 2056 in
1241 2022 1331 2055 bene
1359 2021 1451 2055 della
1489 2033 1551 2056 so-

131 2086 220 2120 cictil
246 2097 351 2120 senza
379 2097 441 2131 pro
469 2083 756 2129 degl'individui,
785 2081 848 2115 elie
877 2081 907 2114 la
936 2092 1211 2126 compongono.
1240 2082 1427 2115 Entrambi
1455 2082 1553 2115 vicc-

128 2157 232 2180 versa
258 2157 349 2180 sono
376 2145 482 2179 offesi
508 2144 742 2177 direttamcmtc
769 2153 790 2175 o
819 2140 1087 2175 indircllamente
1113 2142 1155 2175 da
1184 2141 1241 2175 chi
1268 2141 1339 2175 mal
1367 2142 1399 2175 fa
1428 2153 1491 2186 per
1523 2142 1557 2175 la

132 2203 310 2239 contraria
337 2204 495 2249 ragione.
526 2217 543 2235 ))

228 2263 285 2307 (2)
299 2263 351 2298 Cf.
367 2262 585 2307 Tougiorgi,
601 2261 679 2295 Eth.
703 2272 800 2294 num.
822 2269 908 2302 103„
927 2260 984 2293 ubi
1001 2259 1150 2293 affirmat
1167 2270 1279 2292 omnes
1292 2260 1441 2293 honestas
1454 2260 1559 2293 actio-

133 2334 187 2357 nes
214 2333 341 2365 eorum,
372 2323 428 2369 qui
454 2323 489 2355 in
516 2323 673 2355 socictate
707 2321 839 2365 degum,
866 2321 925 2354 hoc
954 2320 1024 2366 ipso
1052 2318 1136 2365 quod
1161 2320 1314 2352 honestae
1338 2326 1426 2361 sunl,
1444 2319 1559 2353 meriti

133 2383 303 2416 rationem
330 2383 365 2415 in
393 2384 587 2416 universnm
616 2381 805 2414 sociasatmn
833 2379 964 2419 habere,
996 2380 1182 2412 inhonestas
1208 2389 1286 2412 vero
1315 2379 1487 2412 rationem
1505 2376 1559 2412 de-

133 2442 264 2481 meriti,
290 2450 467 2487 quatenus
497 2440 669 2474 nimirum
702 2450 876 2483 magnum
903 2437 1083 2472 societatis
1109 2439 1246 2471 bonum
1266 2446 1317 2471 est
1344 2437 1476 2471 habere
1496 2448 1558 2470 so-

134 2500 210 2534 cios
237 2501 363 2534 bonos.
385 2501 481 2533 Haec
503 2509 623 2532 tame-u
653 2497 763 2532 addit:
801 2497 1033 2532 «Retributio
1059 2496 1222 2531 honestis
1248 2496 1380 2529 civium
1407 2496 1560 2530 actioni-

130 2559 200 2594 bus
228 2560 264 2594 in
292 2560 464 2594 societate
493 2567 587 2592 recte
617 2557 781 2592 ordinata
812 2567 954 2601 semper
980 2555 1185 2601 rependitur
1211 2567 1253 2590 ex
1273 2556 1348 2601 ipsa
1375 2555 1561 2589 societatis
