1734 2784
773 126 1036 155 —102—

197 211 386 265 cognitio
407 222 446 251 et
466 223 586 250 amor
604 208 774 265 plenum
798 207 1068 265 perfectionis
1089 205 1268 263 gradum
1290 220 1375 248 non
1390 217 1622 264 attingunt,
1660 201 1664 204 ⁵

195 296 291 324 tum
326 281 422 337 quia
456 294 692 336 numquam
729 278 862 320 homo
898 293 1072 319 securus
1106 290 1186 330 est,
1222 292 1265 319 se
1290 277 1331 319 in
1357 292 1502 320 amore
1535 278 1621 321 Dei

197 353 246 396 ad
270 352 396 395 linem
434 367 567 408 usque
601 351 710 393 vitae
735 348 1080 407 perduraturum.
1107 374 1163 381 —
1187 349 1283 390 Hoc
1313 361 1618 405 argumentum

196 424 255 466 sic
295 435 435 480 potest
484 420 742 464 confirmari.
798 418 1050 476 Imperfecta
1104 418 1230 461 huius
1286 420 1396 462 vitae
1443 419 1624 462 felicitas

197 493 318 538 debet
353 493 585 535 consistere
620 492 660 532 in
696 490 824 543 bono,
851 489 967 547 quod
1002 490 1055 532 sit
1090 490 1290 532 omnibus
1325 491 1537 548 pervium,
1562 491 1622 533 ita

197 578 242 606 ut
264 578 431 619 omnes,
455 562 797 620 quibuscumque
832 561 1005 604 tandem
1033 562 1073 603 in
1098 560 1308 604 adiunctis
1339 563 1619 619 reperiantur,

198 636 376 693 possint,
411 633 652 677 dummodo
686 633 829 686 velint,
864 632 966 675 illud
1000 632 1167 676 habere.
1203 634 1331 690 Atqui
1367 632 1620 676 huiusmodi

198 706 361 749 bonum
394 721 481 747 non
515 717 577 747 est
610 705 689 746 n'ssi
725 704 915 760 cognitio
950 716 989 746 et
1023 719 1145 746 amor
1178 704 1278 755 Dei,
1328 715 1368 746 et
1401 704 1625 746 sanctissi-

200 793 292 820 mae
324 778 414 820 eius
447 776 554 832 legis
589 775 794 818 custodia:
820 774 921 817 haec
954 790 1052 817 sane
1077 775 1225 817 omnia
1259 790 1428 832 semper
1461 787 1500 817 et
1525 773 1627 817 ubi-

202 864 283 905 que
317 858 497 904 possunt
531 861 682 889 omnes
717 846 902 903 exsequi.

320 920 352 961 E
386 918 598 961 contrario
632 918 664 958 si
699 918 793 974 quis
828 930 889 960 est
923 916 998 959 hac
1031 917 1071 958 in
1106 917 1189 959 vita
1220 928 1370 973 status,
1395 917 1461 959 cui
1494 915 1626 959 felici-

201 991 314 1042 tatis,
349 990 443 1032 licet
468 987 749 1045 imperfectae,
773 1003 934 1030 nomen
957 987 1135 1030 minime
1171 987 1411 1040 conveniat3
1456 987 1492 1029 is
1525 1002 1627 1029 sane

202 1075 263 1105 est
298 1073 431 1105 status
466 1061 652 1103 hominis
686 1061 874 1113 viatoris,
914 1060 986 1117 qui
1012 1060 1307 1116 cognitionem
1349 1059 1431 1102 Dei
1464 1059 1629 1116 spernit

203 1134 378 1190 eiusque
426 1132 565 1189 legem
611 1130 827 1174 conculcat
871 1131 955 1189 (Ι).
1000 1131 1073 1173 Est
1118 1131 1232 1173 enim
1282 1142 1434 1183 status,
1476 1130 1547 1187 qui
1590 1129 1627 1172 si

210 1204 286 1262 LO)
319 1216 531 1261 spectetur
567 1203 730 1247 relative
777 1202 827 1245 ad
861 1202 1091 1260 perfectam
1141 1201 1402 1259 felicitatem,
1451 1201 1499 1244 ab
1533 1201 1627 1243 eius

204 1277 507 1318 consecutione
541 1290 717 1333 prorsus
752 1273 935 1330 abducit,
969 1275 1002 1316 si
1039 1273 1119 1331 2.⁰)
1154 1272 1450 1316 consideretur
1482 1287 1630 1315 secun-

205 1347 303 1389 dnm
334 1362 385 1403 se,
419 1362 440 1389 a
473 1345 680 1403 perfectae
714 1345 986 1389 beatitudinis
1020 1357 1128 1388 statu
1165 1360 1340 1402 prorsus
1373 1343 1546 1387 recedit.

324 1416 647 1461 Concludemus
701 1417 923 1459 verissima
974 1416 1039 1459 illa
1093 1416 1328 1468 sententia,
1382 1431 1463 1472 qua
1498 1413 1628 1457 Card.

204 1489 483 1532 Pallavicinus
517 1490 740 1545 egregium
774 1489 818 1531 da
853 1488 952 1531 bono
1002 1487 1158 1530 librum
1192 1486 1399 1530 absolvit:
1442 1504 1462 1527 «
1496 1486 1629 1529 Certo

205 1562 242 1617 ὲ,
277 1559 353 1602 che
386 1571 545 1617 quanto
579 1558 619 1602 di
654 1558 807 1601 felicita
840 1560 926 1616 puo
961 1557 1034 1601 dar
1067 1558 1103 1601 la
1126 1570 1272 1600 natura
1304 1558 1347 1599 in
1380 1569 1503 1610 terra,
1538 1571 1626 1598 non

207 1633 229 1673 ὲ
263 1630 543 1688 comparabile
577 1646 657 1673 con
692 1630 789 1688 quel
824 1630 990 1683 diletto‚
1028 1629 1103 1672 che
1143 1629 1319 1686 godono
1363 1628 1400 1671 le
1443 1643 1630 1685 persone

209 1702 416 1760 spirituali
450 1701 553 1744 dalla
586 1701 740 1744 fiducia
792 1701 832 1744 di
876 1703 993 1744 viver
1041 1700 1148 1744 beati
1204 1700 1272 1743 nel
1326 1699 1446 1743 cielo.
1497 1699 1631 1744 Onde

210 1772 380 1830 quando
415 1788 565 1815 ancora
612 1773 678 1815 nel
725 1771 782 1815 fin
832 1771 944 1829 degli
994 1773 1091 1815 anni
1136 1772 1357 1815 cadessero
1404 1787 1425 1813 e
1460 1769 1630 1813 fossero

211 1842 462 1886 condannati
497 1842 730 1886 all'inferno
763 1843 814 1901 (il
848 1843 924 1886 che
958 1859 1032 1901 per
1056 1844 1194 1886 divina
1221 1842 1513 1886 misericordia
1536 1856 1631 1884 rare

210 1914 325 1957 volte
358 1915 628 1973 interviene),
663 1914 892 1958 avrebbero
941 1915 1117 1958 tuttavia
1160 1915 1300 1972 gioito
1343 1915 1446 1957 assai
1481 1914 1551 1971 piu
1585 1913 1633 1954 in

212 1997 362 2044 questa
392 1986 477 2028 vita
510 1985 706 2038 mortale,
756 1986 833 2029 che
866 1987 876 2027 i
913 1986 1183 2043 Sardanapali
1233 1985 1298 2028 col
1350 1986 1528 2043 piacere,
1570 1982 1629 2041 gli

212 2056 457 2100 Alessandri
490 2057 595 2100 colla
628 2058 777 2114 gloria,
801 2058 859 2114 gli
884 2059 1071 2115 Augusti
1096 2057 1203 2101 colla
1227 2070 1421 2115 potenza,
1445 2056 1629 2100 essendo

209 2128 315 2170 assai
349 2129 420 2185 piu
453 2141 632 2184 gustoso
666 2128 692 2171 il
726 2141 884 2172 nettare
921 2128 986 2171 del
1020 2129 1232 2186 paradiso,
1279 2128 1443 2172 benche
1479 2142 1630 2184 assag-

212 2199 327 2254 giato
361 2197 454 2240 solo
493 2213 573 2240 con
620 2198 656 2241 la
700 2214 916 2256 speranza,
962 2198 1038 2241 che
1086 2199 1122 2242 le
1156 2199 1337 2242 cisterne
1384 2198 1425 2241 di
1475 2209 1632 2255 questo

213 2267 395 2321 mondo,
431 2267 590 2311 bench'e
623 2271 893 2326 trangugiate
928 2269 993 2312 col
1027 2270 1190 2327 piacere
1223 2286 1242 2309 >³
1283 2269 1367 2327 (2).

313 2466 369 2509 (1)
398 2463 454 2499 Cf.
481 2464 588 2499 Card.
616 2463 848 2505 Pallavicino,
874 2462 923 2497 del
950 2464 1027 2498 bene
1054 2464 1078 2499 1.
1108 2465 1168 2499 IV.
1197 2475 1226 2498 c.
1257 2464 1309 2506 33.
1335 2475 1371 2499 n.
1400 2472 1429 2506 3.

312 2524 368 2568 (2)
404 2523 558 2558 Pulchre
593 2524 702 2558 etiam
741 2523 934 2568 TaparelH,
974 2524 1092 2568 saggio
1133 2528 1244 2558 teorut.
1286 2522 1420 2557 dissert.
1465 2533 1490 2555 1.
1527 2531 1556 2555 e.
1599 2529 1634 2555 2.

217 2594 320 2616 num.
351 2591 431 2626 37.:
463 2595 481 2614 «
507 2583 557 2617 La
584 2581 806 2616 beatitudine
833 2593 850 2615 e
877 2580 1081 2627 perfezione
1119 2581 1211 2615 della
1244 2582 1396 2616 volonta
1435 2581 1469 2614 in
1504 2587 1634 2626 questo
