1734 2784
803 94 1065 138 —130—

227 194 310 226 tem
335 181 525 238 sequitur
543 180 667 222 etiam
687 179 897 236 appetitus
922 176 1168 220 universalis
1189 188 1228 218 ct
1249 175 1528 221 indifferens.»
1555 175 1644 220 Sci-

225 253 319 296 licet
343 251 708 310 quemadmodum
744 250 938 293 voluntas
972 250 1118 306 nequit
1151 265 1237 291 non
1262 248 1366 292 velle
1399 250 1640 294 necessario

226 325 283 377 id,
309 323 425 382 quod
460 322 694 366 intellectus
720 323 754 364 ei
790 321 957 364 exhibet
982 332 1026 363 ut
1051 320 1213 364 bonum
1252 322 1554 375 necessarium3
1589 322 1644 365 ita

223 396 371 454 nequit
406 394 509 437 velle
543 395 781 437 necessario
817 392 872 446 id,
905 392 1021 450 quod
1055 391 1288 436 intellectus
1323 394 1360 436 ei
1393 392 1564 436 exhibet
1599 406 1644 436 ut

224 467 386 510 bonum
421 481 508 509 non
540 465 839 508 necessarium.
860 465 990 521 Atqui
1025 463 1208 521 plurima
1242 476 1354 522 sunt,
1379 480 1484 522 quae
1517 463 1643 508 intel-

221 539 353 582 lectus
389 537 594 581 voluntati
620 535 786 579 exhibet
812 548 855 578 ut
879 535 989 578 bona
1012 550 1098 579 non
1122 536 1370 593 necessaria,
1389 534 1456 578 illa
1478 551 1635 594 nempe

222 610 344 667 bona,
378 625 483 667 quae
508 608 571 652 vel
594 610 635 651 in
661 624 703 650 se
734 622 820 650 non
844 619 941 649 sunt
974 608 1207 650 necessaria
1241 607 1304 651 vel
1338 607 1386 650 ab
1422 607 1640 651 intellectu

221 697 307 724 non
333 679 710 738 apprehenduntur
732 691 776 720 ut
802 679 1036 721 necessaria
1055 678 1219 721 homini
1244 692 1289 721 ut
1312 680 1364 722 sit
1391 678 1501 723 felix,
1522 680 1636 736 Ergo

223 752 407 810 plurima
440 764 551 807 sunt,
577 765 682 808 quae
706 749 903 792 voluntas
928 751 1074 807 nequit
1099 749 1202 794 velle
1226 751 1483 808 necessario,
1508 766 1642 808 quae-

220 839 301 881 que
346 822 523 881 proinde
558 823 591 864 si
628 822 733 874 vult,
769 820 858 864 vult
895 820 1035 865 libere:
1071 834 1212 879 potest
1245 821 1419 880 quidem
1447 837 1493 865 ea
1516 821 1637 876 velle,

218 896 314 951 quia
339 906 635 953 proponuntur
670 906 713 936 ut
737 893 860 946 bona,
895 892 968 936 sed
1003 905 1143 951 potest
1177 895 1302 937 etiam
1339 909 1424 937 non
1461 893 1570 938 velle
1594 909 1638 936 ac

218 982 432 1024 respuere,
457 967 556 1024 quia
579 978 882 1023 proponuntur
906 979 950 1009 ut
979 981 1066 1010 non
1089 967 1335 1009 necessaria:
1362 978 1503 1024 potest
1535 981 1640 1023 ergo

217 1038 322 1081 velle
357 1038 505 1082 eadem
539 1051 577 1081 et
613 1054 696 1081 non
734 1038 838 1082 velle
872 1052 941 1082 aut
976 1040 1102 1082 etiam
1136 1040 1403 1098 respuere,in
1428 1054 1514 1097 quo
1539 1053 1638 1081 sane

218 1111 410 1153 consistit
450 1109 616 1152 libertas
652 1109 956 1153 indifferentiae
989 1110 1074 1169 (Ι).

337 1182 409 1225 ΙΙΙ.
447 1182 640 1234 Quaeres
674 1182 772 1238 iam,
806 1195 1011 1239 quantum
1046 1198 1089 1225 se
1124 1198 1167 1225 se
1201 1182 1397 1226 extendat
1430 1181 1639 1226 humanae

216 1253 446 1296 voluntatis
480 1252 675 1310 libertas,
711 1266 853 1296 utrum
905 1255 1012 1297 circa
1061 1254 1205 1296 omnia
1247 1254 1474 1297 versetur?
1504 1253 1638 1307 Quod

216 1338 374 1383 spectat
408 1324 457 1368 ad
491 1325 724 1369 libertatem
758 1342 779 1368 a
823 1327 1056 1383 coactione,
1091 1324 1138 1369 ab
1172 1325 1247 1368 hac
1281 1337 1379 1368 sunt
1412 1324 1527 1368 liberi
1563 1340 1637 1368 seu

215 1398 430 1440 immunes
466 1412 615 1440 omnes
650 1396 881 1440 voluntatis
916 1410 1030 1440 actus
1064 1397 1195 1449 eliciti,
1248 1399 1319 1455 qui
1374 1396 1559 1454 scilicet,
1594 1409 1638 1439 ut

220 1482 399 1523 constat,
436 1482 651 1526 nequeunt
677 1485 768 1512 esse
790 1472 938 1513 coacti:
963 1484 1049 1512 non
1073 1470 1177 1513 item
1203 1468 1251 1512 ab
1274 1485 1321 1513 ea
1344 1481 1443 1512 sunt
1471 1484 1638 1526 semper

214 1541 429 1583 immunes
464 1553 578 1583 actus
613 1556 762 1583 omnes
798 1542 1013 1598 imperati,
1048 1541 1205 1598 quippe
1252 1541 1324 1598 qui
1359 1538 1634 1598 quandoque,

216 1623 260 1654 ut
294 1612 554 1668 experientia
588 1612 675 1669 ipsa
711 1611 912 1668 ostendit,
945 1612 1069 1655 coacti
1100 1626 1190 1655 esse
1213 1623 1408 1669 possunt.

333 1682 468 1735 Quod
492 1684 640 1725 attinet
674 1682 725 1726 ad
758 1681 1051 1726 libertatema
1082 1682 1348 1735 necessitate,
1386 1682 1472 1724 iam
1505 1696 1635 1739 supe-

213 1755 299 1797 rius
323 1754 393 1812 (2)
412 1753 612 1811 diximus,
630 1753 892 1797 voluntatem
912 1754 1143 1796 humanam
1162 1769 1260 1810 erga
1278 1752 1406 1796 finem
1427 1752 1634 1795 ultimum

212 1842 256 1869 ac
275 1825 517 1869 felicitatem
536 1825 764 1884 perfectam
777 1827 818 1869 in
833 1842 972 1884 genere
993 1840 1085 1869 esse
1107 1824 1281 1882 quidem
1302 1823 1475 1867 liberam
1494 1823 1634 1882 quoad

213 1899 444 1942 exercitium.
478 1911 607 1956 actus,
640 1914 727 1942 non
761 1911 902 1941 tamen
936 1913 1026 1941 esse
1060 1896 1236 1940 liberam
1262 1894 1406 1954 quoad
1438 1895 1634 1954 specifica-

211 1970 356 2013 tionem
389 1982 532 2013 actus:
567 1970 768 2028 idemque
802 1968 1031 2013 dicendum
1066 1968 1116 2012 de
1165 1968 1429 2026 appetitione
1463 1981 1631 2019 eorum,

210 2056 315 2098 quae
350 2056 445 2083 cum
480 2040 697 2099 praedicto
740 2040 822 2084 fine
867 2056 911 2083 ac
960 2039 1154 2083 felicitate
1205 2039 1499 2096 concipiantur
1542 2052 1634 2080 esse

302 2197 358 2246 (1)
387 2203 561 2248 Apposite
589 2214 612 2235 s.
641 2201 722 2244 Th,
746 2213 772 2236 1.
802 2211 832 2235 2.
861 2213 891 2248 q.
926 2211 976 2246 17.
1004 2212 1037 2236 a.
1072 2211 1111 2234 1.:
1137 2199 1283 2235 «Radix
1301 2199 1477 2234 libertatis
1497 2207 1547 2234 est
1568 2209 1632 2233 voa

208 2271 336 2308 luntas,
362 2262 452 2297 sicut
480 2261 690 2303 subiectum,
719 2261 780 2295 sed
811 2261 898 2295 sicut
922 2271 1025 2295 causa
1053 2268 1105 2294 est
1138 2260 1238 2294 ratio.
1258 2259 1309 2293 Ex
1335 2258 1406 2293 hoc
1444 2257 1542 2293 enim
1569 2269 1633 2292 vo-

206 2322 322 2357 luntas
349 2321 458 2356 libere
485 2329 603 2366 potest
631 2320 673 2354 ad
701 2319 840 2354 diversa
869 2319 963 2362 ferri,
993 2319 1073 2366 quia
1101 2319 1191 2353 ratio
1218 2326 1338 2364 potest
1364 2317 1494 2352 habere
1514 2315 1632 2350 diver-

205 2393 260 2415 sas
286 2381 545 2427 conceptiones
572 2380 668 2415 boni.
696 2381 737 2414 Et
766 2379 847 2414 ideo
876 2378 1081 2425 philosophi
1123 2378 1299 2413 definiunt
1336 2376 1490 2412 liberum
1532 2375 1629 2410 arbi-

204 2441 323 2483 trium,
351 2440 444 2486 quod
471 2449 522 2474 est
549 2440 696 2474 liberum
723 2438 759 2473 da
786 2439 918 2474 ratione
944 2437 1120 2481 izcclichcm,
1148 2438 1248 2485 quasi
1278 2436 1367 2473 ratio
1394 2436 1437 2471 sit
1467 2445 1570 2470 causa
1590 2435 1630 2468 li-

206 2500 364 2534 bertatis.
382 2515 398 2531 »

302 2560 358 2604 (2)
386 2559 478 2594 Vide
504 2571 605 2594 num.
639 2570 686 2605 17.
717 2571 798 2605 pag.
823 2570 874 2605 39.
