1734 2784
688 117 745 125 ·-
779 105 863 149 377
897 116 954 126 ···

106 186 254 246 populi
285 185 642 244 gubernationem
677 186 954 245 pertinebant.
988 187 1076 231 Lex
1109 197 1230 230 vetus
1281 202 1301 229 a
1355 186 1530 232 Christo

105 257 304 315 abrogata
336 257 428 314 fuit,
462 271 611 316 utpote
639 260 774 317 posita
807 259 925 302 donec
956 260 1107 302 veniret
1141 274 1268 302 semen
1317 260 1380 302 cni
1423 267 1527 316 pro-

104 332 284 386 miserat,
318 341 363 373 ut
395 330 450 373 ait
484 330 722 388 Apostolus
757 330 841 389 (1):
867 329 956 373 sola
988 330 1119 387 igitur
1152 345 1246 388 pars
1279 331 1432 373 veteris
1470 329 1531 374 le—

104 404 185 461 gis,
218 418 324 461 quae
358 401 410 446 ad
444 417 573 446 mores
607 401 834 461 spectabat,
868 403 910 445 in
958 401 1050 459 lege
1098 417 1208 445 nova
1258 415 1418 445 servata
1468 415 1530 445 est

105 487 145 518 et
177 473 355 517 firmata.
389 500 446 505 ——
480 475 531 518 Π.
567 475 656 518 Lex
689 489 800 518 nova
833 489 907 517 seu
941 472 1199 531 evangelica,
1235 490 1342 532 quae
1377 472 1530 516 dicitur

103 545 172 589 lex
205 545 363 603 gratiae
396 545 463 589 vel
498 545 699 589 libertatis
735 545 799 588 vel
835 561 999 589 novum
1034 545 1387 598 Testamentum,
1423 560 1529 588 con-

112 619 219 661 tinet
253 617 512 662 documenta
545 617 724 676 triplicis
759 618 939 676 generis:
998 618 1052 661 1.⁰
1085 629 1308 676 praecepta
1355 617 1530 660 moralia

104 691 218 734 circa
249 691 428 734 virtutes
462 690 711 748 praesertim
747 690 1025 748 theologicas:
1061 692 1117 733 2.⁰
1153 701 1372 747 praecepta
1395 703 1529 732 caere-

103 762 314 817 monialia,
350 763 456 806 circa
491 763 766 807 Sacramenta
798 775 839 807 et
862 763 1019 807 Missae
1043 761 1311 806 sacrificium:
1335 761 1392 819 3.⁰
1416 777 1529 805 mera

101 834 291 889 consilia,
324 833 400 878 sed
434 849 593 893 magno
628 835 820 893 praemio
855 835 995 893 digna.
1016 852 1038 875 »

218 908 275 951 At
299 908 411 951 tertio
446 907 627 965 ipsemet
651 908 770 951 Deus
796 906 1080 965 multiplicem
1113 906 1296 950 instituit
1319 906 1428 950 inter
1451 906 1528 950 ho-

104 979 243 1022 mines
278 977 499 1037 voluitque
527 995 618 1023 esse
652 980 916 1024 societatem.
940 980 999 1024 Ut
1022 991 1194 1023 naturae
1224 991 1371 1022 auctor
1394 979 1527 1021 socie-

101 1063 238 1095 tatem
263 1053 353 1110 ipse
390 1052 573 1096 instituit
606 1067 694 1096 non
722 1051 855 1096 modo
894 1052 1149 1096 domesticam
1187 1052 1260 1095 sed
1284 1063 1322 1095 et
1355 1051 1527 1108 civilem,

103 1140 210 1183 quae
244 1125 426 1183 proinde
458 1137 557 1168 sunt
590 1126 813 1169 societates
863 1140 961 1168 vere
1011 1124 1269 1183 proprieque
1302 1123 1525 1177 naturales,

100 1197 286 1254 primam
321 1196 535 1253 originem
569 1196 617 1239 ab
652 1197 746 1254 ipso
781 1197 891 1253 Deo,
924 1211 1012 1239 non
1056 1195 1103 1239 ab
1139 1194 1328 1239 humana
1374 1194 1526 1238 volun-

101 1280 186 1312 tate
220 1268 451 1313 trahentes:
486 1282 529 1312 ut
562 1282 710 1312 auctor
754 1268 917 1312 ordinis
966 1267 1314 1326 supernaturalis,
1349 1267 1525 1310 societa-

100 1353 187 1384 tem
235 1341 420 1384 instituit
467 1340 779 1384 ecclesiasticam.
827 1341 959 1398 Atqui
1007 1338 1120 1383 nulla
1160 1351 1222 1382 est
1270 1354 1347 1382 nec
1386 1351 1525 1396 potest

99 1428 192 1456 esse
240 1413 529 1456 communitas
577 1413 667 1455 sine
700 1411 854 1454 visibili
906 1411 1048 1470 aliquo
1099 1411 1232 1469 capite
1276 1423 1316 1454 et
1362 1422 1524 1454 rectore

97 1484 297 1542 (nomine
330 1484 505 1527 rectoris
529 1482 810 1541 intelligendo
836 1499 1066 1542 personam
1090 1484 1178 1526 sive
1198 1483 1357 1541 physice
1393 1498 1523 1526 unam

99 1557 186 1600 sive
220 1572 347 1600 unam
381 1556 588 1599 moraliter
621 1556 646 1599 i.
672 1572 706 1600 e.
733 1568 904 1599 coetum
939 1554 1208 1613 hominum),
1233 1554 1305 1612 qui
1341 1553 1522 1597 modum

99 1629 354 1673 determinet
386 1627 588 1672 tendendi
621 1628 664 1670 in
699 1643 931 1671 commune
967 1626 1145 1681 bonum,
1179 1641 1307 1684 quem
1342 1625 1524 1669 modum

97 1701 225 1744 ceteri
258 1700 363 1743 socii
397 1715 564 1743 servare
598 1712 833 1743 teneantur.
884 1700 998 1754 Ergo
1034 1700 1152 1742 Deus
1186 1698 1283 1757 (qui
1317 1713 1417 1741 sane
1450 1714 1523 1741 ne-

98 1773 189 1831 quit
220 1786 374 1828 negare
407 1772 612 1829 seipsum,
646 1786 691 1814 ac
724 1771 904 1829 proinde
938 1771 1086 1828 nequit
1134 1770 1239 1813 velle
1272 1771 1520 1813 societatem

99 1842 282 1901 aliquam
318 1843 513 1896 existere,
549 1842 762 1900 simulque
814 1842 929 1885 nolle
967 1858 1029 1897 ea,
1074 1857 1182 1900 quae
1225 1842 1275 1885 ad
1311 1842 1544 1885 societatis*

97 1915 366 1959 existentiam
399 1927 497 1957 sunt
529 1914 787 1972 necessaria)
836 1914 923 1956 vult
969 1929 1061 1957 esse
1099 1913 1284 1957 visibiles
1334 1925 1520 1957 rectores

97 1985 276 2045 triplicis
320 1986 559 2044 praedictae
609 1986 838 2039 societatis,
890 1986 960 2044 qui
1012 1985 1194 2029 modum
1236 1984 1521 2029 determinent

98 2057 302 2102 tendendi
355 2058 397 2101 in
447 2057 576 2100 finem
625 2058 964 2115 uniuscuiusque
1012 2058 1226 2101 societatis
1275 2057 1518 2115 proprium,

98 2145 226 2187 quem
260 2128 442 2173 modum
476 2130 578 2172 socii
615 2128 792 2172 debeant
827 2127 1050 2172 observare
1084 2128 1168 2187 (2).
1203 2128 1285 2173 Sed
1319 2127 1519 2172 determi-

193 2337 249 2381 (1)
278 2335 336 2370 Ad
361 2335 439 2370 Gal.
469 2337 527 2370 III.
559 2347 609 2371 10.

192 2397 249 2441 (2)
278 2396 374 2429 Haec
401 2395 485 2429 sient
511 2394 660 2428 clariora
689 2407 728 2428 ez<
757 2395 809 2437 iis,
838 2407 927 2442 quae
955 2395 988 2428 in
1018 2396 1127 2429 ultera
1156 2405 1252 2441 parte
1274 2394 1458 2429 tradentur
1476 2394 1518 2429 de

96 2456 269 2492 societate
296 2453 453 2488 humana
483 2455 515 2487 in
547 2466 674 2498 genere
704 2464 737 2488 et
767 2455 797 2487 in
828 2455 956 2499 specie.
989 2455 1036 2488 Ibi
1068 2454 1301 2488 ostendemus
1329 2455 1518 2489 societates

97 2525 174 2550 tum
201 2514 434 2549 domesticam
463 2523 536 2547 tun]
567 2514 709 2548 civilem
731 2526 806 2548 esse
836 2515 956 2548 stricto
978 2525 1081 2547 sensu
1110 2514 1286 2548 naturales
1309 2515 1329 2548 i.
1351 2526 1368 2548 c
1400 2526 1417 2548 a
1438 2515 1517 2549 Deo

99 2575 228 2610 volitas
256 2582 287 2608 et
319 2574 506 2608 instauras.
