1734 2784
667 108 724 117 —
756 97 840 139 425
875 108 932 117 —

96 177 220 223 nibus
238 179 429 237 apprime
464 193 719 236 congruens,
739 179 858 221 cuius
876 193 1027 221 sensus
1049 177 1202 221 dicitur
1220 177 1422 236 voluptas.
1443 179 1512 222 Sic

95 268 136 295 v.
155 267 196 308 g.
229 265 380 294 sensus
403 249 526 293 famis
549 261 621 293 aut
644 251 735 292 sitis
753 262 816 293 est
834 250 1041 293 naturalis
1065 249 1311 306 indigentia:
1347 248 1512 293 deside-

100 323 215 365 rium
248 336 441 365 escarum
474 337 548 364 seu
582 333 710 379 potus
743 333 806 364 est
842 329 974 364 motus
997 322 1195 378 appetitus
1215 322 1423 365 sensitivt':
1447 337 1510 364 sa-

107 409 263 452 porum
297 405 449 451 gustus
484 408 529 435 ac
561 408 711 436 sensus
744 391 812 436 ille
842 392 995 449 bonus,
1019 393 1092 450 qui
1116 404 1209 435 toto
1234 407 1415 450 corpore
1438 409 1512 450 per

106 465 419 509 comestionem
468 463 738 517 diffunditur,
789 476 850 507 est
898 479 1164 521 consequens
1212 464 1417 522 voluptas.
1457 490 1509 496 --

104 538 254 580 Homo
287 548 429 579 autem
477 551 564 578 non
612 537 661 579 iis
699 536 841 579 solum
882 535 1132 593 indigentiis
1181 548 1372 592 urgetur,
1405 551 1512 593 quae

106 624 158 652 ex
188 607 379 651 animalis
412 620 585 651 naturae
627 607 872 662 conditione
920 607 1152 665 dimanant,
1197 608 1270 651 sed
1319 607 1511 666 pluribus

92 695 267 737 quoque
301 679 406 731 aliis,
438 695 544 736 quae
568 680 741 721 rationis
765 678 1150 737 apprehensionem
1177 692 1510 737 consequuntur.

98 752 212 794 Hinc
246 751 336 794 eius
369 766 542 808 quoque
575 752 786 808 appetitus
820 752 1047 793 sensitivus
1081 750 1132 794 ad
1164 751 1284 808 plura
1328 768 1370 794 se
1404 766 1511 810 por-

102 825 222 881 rigit:
256 839 442 881 quorum
477 825 681 881 quaedam
717 824 767 867 ad
800 824 1011 867 sensibilia
1042 824 1151 868 bona
1174 837 1442 878 revocantur,
1466 836 1514 867 ut

96 894 286 950 deliciae,
322 895 665 948 commoditates,
700 894 892 953 divitiae,
927 896 1132 953 quaedam
1167 910 1266 939 sunt
1299 896 1410 939 bona
1443 897 1513 938 in-

104 966 362 1024 telligibilia,
386 980 432 1009 ut
464 967 621 1020 honor,
655 968 846 1020 scientia,
881 969 1012 1011 Deus.
1052 970 1100 1011 In
1150 967 1250 1011 haec
1300 969 1514 1026 appetitus

100 1053 273 1096 quoque
306 1039 533 1081 sensitivus
567 1038 738 1082 tendere
772 1054 851 1081 suo
886 1039 1018 1082 modo
1054 1052 1209 1097 potest,
1238 1048 1405 1097 propter
1453 1040 1513 1082 in-

103 1110 322 1152 tensionem
353 1110 554 1166 appetitus
584 1111 800 1167 superioris
826 1111 974 1167 partis,
1008 1126 1056 1152 ex
1089 1126 1164 1167 quo
1190 1110 1242 1168 fit
1274 1110 1513 1152 redundan—

97 1182 155 1223 tia
185 1181 227 1223 in
260 1180 491 1238 inferiorem
523 1182 760 1238 appetitum,
794 1193 839 1223 ut
870 1180 1061 1238 loquitur
1094 1197 1124 1224 s.
1159 1181 1355 1224 Thomas
1389 1181 1473 1239 (Ι).

224 1256 317 1309 156.
355 1254 412 1296 Hi
445 1265 590 1296 motus
624 1254 813 1296 sensitivi
845 1255 1055 1311 appetitus
1090 1254 1352 1311 appellantur
1385 1269 1407 1295 a
1432 1255 1513 1297 Ci-

106 1340 260 1368 cerone
286 1324 624 1382 perturbationes,
658 1324 705 1366 ab
739 1324 827 1366 aliis
869 1324 1095 1382 affectiones
1142 1324 1207 1368 vel
1255 1324 1426 1383 affectus,
1476 1337 1515 1367 et

109 1397 387 1440 communius
421 1412 569 1453 graeca
600 1411 720 1450 voce,
756 1396 893 1453 ποίἸί,
917 1397 1040 1439 latina
1065 1396 1261 1440 dicuntur
1289 1399 1515 1455 passiones.

106 1469 330 1513 Strictiore
362 1482 503 1512 tamen
538 1484 664 1511 sensu
698 1481 799 1511 tunc
832 1468 1010 1512 habetur
1038 1471 1193 1527 passio,
1219 1469 1388 1527 quando
1422 1484 1518 1512 mo-

101 1553 171 1583 tus
204 1541 413 1598 appetitus
447 1541 636 1583 sensitivi
671 1553 733 1582 est
764 1540 1062 1583 vehementior
1095 1557 1191 1583 cum
1221 1541 1390 1584 insolita
1423 1556 1516 1584 cor-

101 1614 218 1671 poris
252 1613 563 1669 commotione,
581 1628 655 1655 seu
691 1629 787 1655 cum
807 1611 1138 1655 extraordinaria
1159 1614 1516 1656 transmutatione

101 1702 309 1745 corporea
343 1685 435 1743 plus
469 1686 611 1728 minus
644 1685 796 1728 laesiva
829 1686 1034 1728 animalis.
1068 1685 1276 1742 Exemplo
1323 1686 1407 1728 sint
1440 1684 1517 1738 illi,

98 1759 174 1817 qui
208 1774 258 1801 ex
291 1757 403 1799 malo
437 1768 654 1814 praesente
687 1756 753 1798 vel
786 1757 1037 1799 imminente
1070 1756 1407 1814 apprehensione
1440 1771 1519 1813 ap-

102 1841 248 1888 parent
281 1829 361 1871 toti
394 1827 642 1870 inflammati
679 1843 723 1870 ac
758 1827 877 1885 plane
912 1828 1113 1881 furentes,
1145 1826 1211 1870 vel
1244 1844 1266 1870 e
1305 1828 1518 1871 contrario

100 1900 302 1960 pallentes
336 1900 523 1957 totisque
556 1898 730 1942 artubus
764 1901 1157 1943 contremiscentes:
1182 1900 1223 1941 in
1246 1900 1386 1957 priore
1420 1915 1518 1942 casu

101 1973 244 2031 passio
277 1983 342 2014 est
374 1972 474 2024 irae,
508 1972 547 2013 in
583 1971 714 2013 altero
748 1972 915 2014 timoris.
941 1971 1048 2013 Item
1073 1971 1115 2013 in
1149 1970 1393 2013 vehementi
1425 1985 1518 2028 pas-

97 2045 218 2087 sione
251 2043 409 2086 amoris
442 2041 775 2085 extraordinaria
810 2041 1018 2099 quaedam
1053 2042 1242 2099 exsurgit
1275 2041 1415 2085 cordis
1449 2041 1518 2085 di-

98 2116 242 2160 latatio
274 2115 340 2158 vel
373 2114 592 2171 sanguinis
623 2114 809 2170 agitatio.

223 2201 316 2243 157.
351 2187 545 2229 Iamvero
581 2185 631 2228 de
654 2183 922 2243 passionibus
947 2184 1033 2228 duo
1058 2184 1159 2228 haec
1185 2185 1411 2242 praecipue
1453 2184 1522 2226 in-

95 2259 341 2316 quiremus:
376 2283 432 2291 —
465 2270 570 2316 quot
603 2271 644 2300 ct
675 2272 882 2315 quaenam
917 2274 990 2300 eae
1024 2257 1108 2300 sint
1134 2282 1185 2288 —-
1212 2269 1359 2300 utrum
1385 2255 1522 2300 bonae

109 2329 193 2372 sint
224 2345 273 2373 an
307 2329 442 2373 malae
475 2329 704 2373 moraliter.

210 2563 264 2608 (1)
293 2563 332 2597 1n
364 2573 392 2596 1.
421 2572 452 2597 2.
483 2574 514 2608 q.
544 2569 597 2604 30.
624 2572 654 2594 a.
681 2571 705 2594 1.
734 2559 775 2594 ad
807 2571 833 2595 1.
860 2559 952 2594 Vide
991 2570 1096 2605 super
1122 2570 1205 2606 pag.
1239 2569 1313 2602 144-
1340 2559 1462 2594 adnot.
1494 2568 1522 2593 1.
