1734 2784
739 148 795 156 ·““
829 137 911 179 344
946 148 1002 156 -

157 220 311 277 guitur.
349 218 508 261 Omnis
543 218 751 274 superior,
784 218 817 259 si
852 230 1021 259 sanctus
1055 218 1133 270 sit,
1182 217 1347 260 nullum
1396 217 1576 275 negligit

159 309 207 334 ex
243 292 290 331 iis
317 290 506 341 motivis,
540 305 646 346 quae
681 302 778 332 sunt
812 302 904 346 apta
937 305 983 331 ac
1016 290 1249 332 necessaria
1282 289 1332 332 ad
1379 289 1576 334 subditos

158 365 197 405 in
235 363 339 418 legis
375 361 567 404 custodia
591 361 889 404 continendos.
915 362 1047 418 Atqui
1068 362 1185 404 Deus
1210 373 1272 403 est
1295 360 1576 418 gubernator,

164 435 282 491 isque
317 433 625 484 sanctissimus,
661 433 858 475 omnium
883 432 1140 475 hominum:
1175 432 1225 475 ad
1250 432 1406 475 horum
1435 444 1576 476 autem

158 506 330 549 liberam
365 505 629 548 voluntatem
664 507 705 549 in
741 505 883 549 officio
918 505 1221 549 continendam
1247 507 1463 549 motivum
1486 507 1576 564 spei

159 595 203 621 ac
236 578 407 620 timoris
440 593 527 620 non
562 576 696 620 modo
731 590 792 621 est
818 589 978 633 aptum,
1004 576 1077 620 sed
1101 578 1227 620 etiam
1254 578 1403 620 morali
1427 577 1576 621 saltem

158 650 469 695 universalitate
503 652 805 694 necessarium.
844 652 958 707 Ergo
992 650 1075 693 hoc
1108 652 1235 693 etiam
1260 651 1473 693 motivum
1499 650 1576 694 ad-

162 723 304 766 hibere
339 722 576 766 censendus
611 734 687 775 est,
723 737 911 779 congrua
944 721 1185 779 pollicendo
1220 722 1433 779 praemia,
1468 737 1575 765 con-

159 809 284 850 gruas
318 808 476 851 poenas
512 793 765 837 minitando.

274 868 347 910 III.
382 867 443 909 Ex
477 866 639 909 infinita
662 865 915 922 legislatoris
939 867 1017 909 Dei
1044 867 1276 910 maiestate.
1301 891 1359 899 —
1382 866 1456 908 Est
1479 881 1576 909 sane

159 938 385 995 indignum
419 937 578 980 infinita
613 937 693 980 Dei
728 936 981 993 legislatoris
1018 938 1235 981 maiestate
1268 949 1392 994 atque
1435 937 1575 980 omni-

157 1011 359 1068 potentia,
393 1009 506 1066 quod
543 1009 678 1052 homo
713 1025 732 1051 a
768 1010 848 1051 Dei
883 1009 1101 1052 voluntate
1136 1010 1271 1066 possit
1303 1008 1489 1051 totaliter
1532 1024 1576 1052 se

157 1081 392 1124 subducere
417 1081 441 1124 i.
467 1097 501 1123 e.
527 1092 742 1122 aeternam
777 1081 868 1122 eius
902 1079 1042 1136 legem
1078 1080 1257 1122 omnino
1291 1078 1468 1122 evadere
1501 1093 1576 1122 seu

158 1151 465 1209 subterfugere.
500 1152 631 1208 Atqui
665 1153 718 1194 ita
751 1163 885 1207 esset,
919 1152 954 1193 si
987 1150 1240 1207 legislatoris
1265 1151 1347 1193 Dei
1380 1149 1578 1192 voluntas

157 1223 269 1267 foret
300 1222 604 1266 tantummodo
653 1223 911 1280 praecipiens
955 1238 999 1264 ac
1048 1221 1308 1279 prohibens,
1341 1236 1428 1264 non
1475 1236 1578 1264 vero

158 1296 284 1339 etiam
318 1296 524 1348 sanciens,
561 1296 585 1337 i.
620 1311 654 1338 e.
690 1295 724 1337 si
759 1307 926 1336 aeterna
958 1294 1048 1336 eius
1073 1292 1140 1335 lex
1163 1292 1271 1336 foret
1294 1290 1579 1335 solummodo

157 1366 405 1410 affirmativa
439 1379 478 1410 et
512 1367 722 1423 negativa,
755 1381 841 1408 non
877 1380 978 1408 vero
1012 1365 1140 1407 etiam
1174 1365 1352 1407 taxativa
1402 1363 1579 1420 praemii

158 1452 197 1482 et
230 1454 419 1496 poenae:
455 1438 503 1481 ab
538 1454 583 1481 ea
618 1437 776 1480 scilicet
811 1449 956 1494 posset
990 1435 1125 1479 homo
1158 1435 1344 1478 totaliter
1391 1450 1434 1477 se
1473 1433 1580 1477 sub-

158 1509 312 1552 ducere
346 1522 385 1552 et
419 1524 565 1566 reapse
599 1524 688 1551 eam
726 1509 906 1550 omnino
940 1505 1282 1563 subterfugerent
1316 1504 1373 1548 illi
1408 1519 1576 1561 omnes,

157 1582 301 1639 quiin
336 1592 586 1638 contemptu
622 1579 785 1622 divinae
833 1578 936 1635 legis
987 1575 1197 1620 obfirmati
1245 1577 1409 1619 vivunt.
1457 1576 1574 1632 Ergo

157 1652 354 1695 voluntas
389 1652 469 1695 Dei
503 1666 588 1694 non
624 1649 758 1693 modo
791 1662 853 1693 est
887 1649 1148 1707 praecipiens
1169 1661 1209 1692 et
1233 1646 1479 1705 prohibens,
1504 1645 1577 1690 sed

158 1725 285 1767 etiam
319 1724 510 1766 sanciens
532 1758 542 1776 ,
578 1724 754 1779 eiusque
788 1734 953 1764 aeterna
988 1719 1052 1763 lex
1084 1735 1171 1763 non
1205 1718 1347 1761 solum
1373 1731 1434 1761 est
1469 1716 1578 1760 affir-

159 1795 314 1838 mativa
347 1806 385 1837 et
419 1795 626 1850 negativa,
661 1793 733 1836 sed
769 1793 894 1835 etiam
930 1791 1110 1834 taxativa
1134 1790 1309 1848 praemii
1349 1805 1426 1846 pro
1454 1788 1579 1832 bonis

160 1882 205 1909 ac
239 1882 400 1923 poenae
434 1881 511 1923 pro
545 1866 702 1922 impiis.
738 1865 866 1908 Tunc
899 1879 998 1906 sane
1023 1862 1157 1919 alege
1195 1875 1235 1905 et
1257 1861 1476 1905 voluntate
1496 1862 1579 1904 Dei

158 2131 188 2154 a.
212 2130 249 2154 1.:
271 2120 496 2160 «Quantum
523 2117 566 2151 ad
594 2116 674 2151 illos
703 2117 860 2157 iuvenes,
884 2117 943 2162 qui
970 2125 1050 2151 sunt
1078 2115 1182 2161 proni
1210 2113 1252 2148 ad
1279 2122 1377 2147 actus
1407 2112 1578 2147 virtutum

157 2190 198 2212 ex
227 2179 321 2212 bona
349 2177 587 2223 dispositione
613 2185 760 2210 naturae
786 2176 842 2209 vel
866 2174 1127 2210 consuetudine
1148 2173 1203 2207 vel
1222 2172 1340 2218 magis
1358 2171 1482 2206 divino
1502 2182 1576 2205 mu—

155 2249 251 2279 nere,
280 2237 408 2271 sufficit
437 2236 623 2281 disciplina
652 2244 809 2280 paterna,
837 2245 925 2280 quae
955 2243 1008 2268 est
1038 2245 1099 2279 per
1125 2231 1360 2266 monitiones.
1399 2230 1469 2266 Sed
1497 2230 1580 2276 quia

155 2297 386 2331 inveniuntur
412 2295 555 2342 quidam
585 2295 739 2340 protervi
768 2303 799 2328 et
829 2294 870 2328 ad
897 2294 982 2328 vitia
1013 2292 1128 2339 proni,
1155 2293 1211 2338 qui
1242 2290 1360 2325 verbis
1399 2290 1442 2324 de
1477 2288 1576 2322 facili

157 2355 295 2389 moveri
322 2367 396 2388 non
426 2363 586 2400 possunt,
614 2354 855 2388 necessarium
884 2351 963 2394 fuit,
992 2351 1086 2398 quod
1105 2363 1166 2397 per
1185 2350 1258 2383 vim
1278 2349 1333 2383 vel
1355 2356 1494 2383 metum
1519 2358 1580 2382 co-

156 2414 363 2448 hiberentur
390 2426 407 2446 a
448 2414 558 2455 malo,
586 2423 623 2447 ut
662 2413 790 2447 saltem
831 2412 880 2446 sic
918 2410 1134 2446 malefacere
1177 2409 1398 2452 desistentes,
1431 2417 1465 2443 et
1501 2407 1579 2441 aliis

158 2473 314 2518 quietam
344 2472 455 2506 vitam
483 2471 685 2506 redderent.
714 2480 747 2505 et
776 2471 842 2516 ipsi
870 2470 1018 2504 tandem
1046 2481 1110 2515 per
1137 2466 1346 2502 huiusmodi
1372 2464 1576 2500 assuetudi-

157 2543 240 2566 nem
267 2531 309 2565 ad
336 2530 404 2564 hoc
426 2531 716 2576 perducerentur,
737 2530 831 2576 quod
849 2529 1051 2564 voluntarie
1069 2527 1238 2569 facerent,
1259 2538 1346 2572 quae
1364 2526 1459 2571 prius
1477 2533 1577 2560 metu

158 2591 357 2636 implebant
385 2599 416 2624 et
446 2591 494 2624 sic
522 2590 648 2624 fierent
674 2589 868 2624 virtuosi.»
